3184 4409
573 485 663 533 rusa.
677 484 825 534 onuron.
838 451 905 532 nse.
925 487 976 551 xr,
988 482 1014 536 3.
1234 471 1294 534 223

246 663 262 706 a
297 639 387 701 Stetit
402 640 537 701 soleatos
549 648 677 717 praetor
691 641 796 718 populi
806 639 935 701 Romani
944 683 952 714 ,
969 639 1114 697 inclinatio
1131 639 1295 699 incumben-

246 743 264 792 a
297 727 333 784 lis
349 725 377 782 in
391 724 587 783 mulierculam
601 723 702 782 Verris
718 723 883 800 effingenda
900 732 958 790 est;
985 723 1075 781 autin
1093 723 1159 797 illa,
1178 721 1294 785 Caede·

246 819 263 877 la
297 810 389 870 buter
402 810 434 868 in
448 808 547 870 medio
564 810 633 886 foro
647 805 826 883 Messenae,
848 816 942 866 motus
960 806 1095 880 laterum,
1119 806 1211 881 qualis
1229 825 1297 867 esse

252 902 263 961 l
297 893 333 952 ad
348 891 474 951 verbera
490 892 584 966 solet,
601 892 796 970 torquendus,
814 900 861 950 aut
876 890 1063 966 vox,qualis
1080 890 1182 948 dolore
1200 893 1296 968 expri-

247 986 262 1046 ,ᾗ
296 977 397 1050 mitur,
423 975 563 1044 eruenda;
587 993 651 1034 cum
670 974 736 1034 milri
759 976 892 1034 comoedi
914 991 1028 1052 quoque
1051 974 1177 1050 pessime
1198 974 1338 1034 facere9l

246 1087 260 1131 ς
296 1060 466 1135 videantur,
484 1061 548 1136 qui,
570 1061 682 1119 etiamsi
699 1061 831 1118 iuvenem
847 1068 949 1135 agant,
970 1076 1033 1117 curn
1049 1060 1144 1116 tamen
1160 1059 1187 1115 in
1206 1076 1296 1136 expo·

246 1158 260 1216 p*
298 1143 401 1202 sitione
418 1153 465 1202 aut
481 1144 558 1201 senis
575 1160 687 1218 sermo,
704 1152 732 1202 ut
748 1145 775 1202 in
787 1141 914 1217 Hydriae
931 1142 1073 1219 prologo,
1092 1150 1139 1199 aut
1155 1141 1295 1217 mulieris,

246 1241 256 1301 l
298 1234 329 1285 ut
347 1228 376 1284 in
392 1224 527 1302 Georgo,
550 1227 665 1302 incidit,
691 1227 812 1286 tremula
832 1226 880 1285 vel
904 1226 1064 1285 effeminata
1081 1241 1155 1283 voce
1171 1242 1295 1302 pronun-

246 1340 258 1386 q
298 1311 378 1369 tiant.
411 1309 495 1370 Adeo
512 1311 540 1368 ln
556 1310 614 1369 illis
630 1327 746 1388 quoque
765 1320 810 1370 est
834 1310 929 1388 aliqua
944 1311 1048 1368 uitiosa
1063 1309 1198 1384 imitatio,
1225 1326 1295 1387 quo·

246 1408 257 1468 ,l
299 1412 361 1452 rum
376 1411 423 1452 ars
440 1396 531 1453 omnis
547 1403 660 1454 constat
675 1396 841 1453 imitatione.

246 1494 256 1551 q
384 1476 437 1536 Est
460 1487 554 1537 autem
577 1486 678 1555 gestus
700 1479 751 1537 ille
771 1480 893 1538 maxime
915 1478 1088 1553 communis,
1111 1494 1168 1555 quo
1184 1477 1336 1540 mediusea

246 1592 255 1634 ,r
300 1560 405 1636 digitus
420 1563 448 1620 in
464 1562 602 1638 pollicem
619 1555 795 1622 contrahitur
811 1562 956 1640 explicitis
973 1561 1081 1636 tribus,
1103 1570 1131 1620 et
1147 1562 1295 1639 principiis

247 1675 254 1719 ‚a
299 1644 376 1702 utilis
399 1663 462 1704 cum
484 1646 542 1705 leni
563 1646 591 1704 in
613 1655 762 1723 utramque
786 1656 897 1725 partem
920 1654 998 1705 motu
1021 1646 1135 1704 modice
1153 1645 1294 1723 prolatus,

246 1732 252 1803 ',
300 1728 383 1787 simul
400 1731 495 1806 capite
513 1739 599 1807 atque
615 1729 741 1790 humeris
757 1732 864 1789 sensim
878 1731 913 1789 ad
930 1731 968 1805 id,
986 1746 1043 1809 quo
1059 1748 1158 1790 manus
1175 1729 1293 1804 leretur,

246 1848 250 1885 ,
299 1811 578 1882 obsecundantibus;
593 1824 622 1873 et
635 1815 661 1872 in
671 1816 813 1874 narrando
827 1825 922 1874 certus
935 1815 999 1873 dum
1011 1813 1097 1891 paulo
1112 1814 1293 1891 productior:

248 1930 250 1967 ;
299 1905 328 1954 et
344 1897 371 1954 in
387 1897 589 1975 exprobrando
608 1906 636 1957 et
652 1898 837 1975 coarguendo
853 1916 922 1957 acer
937 1908 1023 1976 atque
1037 1900 1163 1973 instans,
1180 1898 1293 1975 longius

298 1981 373 2039 enim
397 1981 525 2060 partibus
550 1981 594 2040 his
619 1991 647 2040 et
668 1981 787 2041 liberius
814 1983 950 2040 exeritur.
984 1981 1097 2040 Vitiose
1121 1978 1193 2040 v'ero
1219 1982 1336 2048 idem93

297 2065 442 2124 sinistrum
460 2066 540 2143 quasi
556 2064 704 2125 humerum
716 2075 819 2143 petens
834 2067 863 2123 in
875 2066 947 2124 latus
965 2067 1012 2141 agi
1027 2066 1115 2140 solet,
1134 2083 1294 2143 quanquam

296 2149 391 2208 adbuc
407 2149 490 2225 peius
508 2150 594 2229 aliqui
610 2158 806 2209 transversum
823 2149 968 2208 brachium
986 2149 1135 2226 proferunt
1151 2159 1180 2208 et
1197 2148 1292 2208 cubito

295 2235 491 2310 pronuntiant.
520 2233 585 2292 Duo
602 2251 717 2312 quoque
735 2233 820 2292 medii
836 2232 889 2292 sub
905 2233 1041 2311 pollicem
1056 2235 1187 2300 ueniunt;
1204 2242 1233 2292 et
1249 2243 1294 2291 est

294 2317 342 2375 hic
366 2316 459 2376 adhuc
481 2319 578 2394 priore
601 2325 703 2394 gestus
730 2318 896 2392 instantior,
925 2318 1067 2395 principio
1090 2315 1118 2375 et
1139 2318 1292 2376 narrationi

293 2418 352 2458 non
373 2401 614 2461 accommodatus.
654 2400 693 2460 At
715 2420 779 2462 cum
794 2411 854 2461 tres
871 2403 1010 2461 contracti
1027 2402 1137 2478 pollice
1160 2405 1336 2479 premor-94

293 2494 356 2543 tur:
373 2493 430 2542 tum
449 2484 554 2560 digitus
570 2485 637 2559 ille,
655 2502 712 2562 quo
729 2504 810 2545 usum
826 2487 932 2564 optime
947 2482 1082 2544 Crassum
1094 2482 1200 2544 Cicero
1213 2484 1291 2559 dicit,

293 2568 436 2644 explicari
455 2567 540 2627 solet.
573 2567 601 2627 ls
618 2570 645 2629 in
662 2570 866 2648 exprobrando
885 2578 914 2628 et
929 2568 1098 2644 indicando,
1126 2568 1202 2628 unde
1219 2570 1292 2628 etei

293 2669 400 2710 nomen
422 2660 483 2727 est,
508 2653 600 2721 valet:
624 2662 653 2712 et
668 2654 792 2714 allevata
814 2672 849 2713 ac
872 2661 1023 2732 spectante
1045 2652 1192 2713 humerum
1208 2671 1290 2712 manu

293 2735 408 2814 paulum
424 2737 575 2796 inclinatus
590 2738 727 2813 affirmat,
752 2756 855 2797 versus
871 2740 1020 2797 interram
1036 2746 1064 2796 et
1082 2738 1164 2816 quasi
1183 2755 1290 2814 pronus

292 2829 388 2894 urget,
406 2821 558 2899 aliquando
571 2839 625 2899 pro
636 2839 756 2882 numero
773 2831 828 2881 est.
855 2821 935 2882 ldem
949 2839 1056 2882 summo
1070 2821 1191 2881 articulo
1204 2822 1290 2879 utrin·
1299 2823 1333 2877 95

295 2920 351 2978 que
374 2903 481 2963 leviter
496 2906 697 3052 apprehensp,
723 2906 834 2966 duobus
851 2907 965 2966 modice
979 2907 1122 2981 curvatis,
1146 2907 1236 2964 minus
1251 2913 1291 2962 ta·

293 3002 359 3043 rnen
382 2990 511 3064 minimo,
524 2998 619 3069 ,aptus
642 3009 657 3050 a
698 2990 896 3069 disputandum
917 2998 972 3050 est.
1009 2989 1114 3048 Acrius
1130 2998 1225 3048 tamen
1247 3004 1291 3045 ar-

293 3075 454 3144 gumentari
479 3074 627 3150 videntur,
661 3076 709 3151 qui
737 3074 860 3133 medium
883 3073 1032 3134 articulum
1055 3075 1150 3152 potius
1177 3079 1289 3137 tenent;

292 3161 373 3211 tanto
396 3158 637 3217 contractioribus
652 3159 757 3217 ultimis
774 3157 886 3234 digitis,
909 3167 1015 3234 quanto
1037 3159 1150 3235 priores
1169 3156 1289 3217 descen·

295 3237 409 3294 derunt·
454 3239 507 3301 Est
531 3252 568 3301 et¹
584 3243 634 3302 ille
655 3241 840 3301 verecundae
865 3243 987 3301 orationi
1012 3242 1193 3318 aptissimus,
1222 3249 1333 3317 qu0,96

294 3328 430 3397 quattuor
450 3326 548 3399 primis
573 3325 679 3385 leviter
698 3326 726 3384 in
749 3343 886 3385 summum
907 3325 1079 3385 coeuntibus
1097 3325 1210 3401 digitis,
1229 3322 1291 3386 non

293 3404 397 3479 procul
420 3405 524 3465 abore
546 3418 594 3468 aut
609 3417 731 3488 pectore
749 3410 875 3469 refertur
890 3410 925 3469 ad
947 3425 1001 3467 nos
1017 3426 1116 3468 manus
1137 3416 1166 3467 et
1186 3407 1290 3468 deinde

292 3503 385 3563 prona
403 3507 438 3548 ac
454 3490 599 3567 paululum
616 3493 730 3571 prolata
748 3493 869 3554 laxatur.
898 3492 962 3552 Hoc
976 3492 1062 3552 modo
1079 3493 1216 3571 coepisse
1231 3491 1288 3551 De·
1298 3500 1331 3555 97

292 3572 463 3631 mosthenen
488 3575 576 3634 credo
595 3577 623 3634 iu
644 3575 695 3635 illo
719 3594 773 3655 pro
792 3575 983 3654 Ctesiphonte
1004 3576 1102 3636 timido
1124 3577 1288 3635 summisso-

294 3673 350 3731 que
370 3659 528 3735 principio,
546 3659 589 3718 sic
604 3659 753 3720 formatam
770 3659 920 3721 Ciceronis
929 3678 1062 3735 ¹statuum,
1081 3679 1146 3720 cum
1161 3660 1287 3721 diceret:

294 3739 331 3800 Si
347 3744 421 3820 quid
437 3752 481 3805 est
496 3745 610 3823 tepenti
623 3745 655 3806 ia
671 3763 734 3823 me,
758 3747 840 3825 qaod
853 3747 949 3808 sentio
965 3763 1056 3825 quam
1074 3747 1114 3806 sit
1136 3746 1287 3822 impacta.
