3184 4409
550 505 641 554 ruse.
654 505 803 554 cassos.
815 507 884 554 cru.
902 508 939 572 n,
952 507 977 556 1.
1206 495 1264 557 tot

267 664 470 720 nominaretur.
504 659 594 720 l'anta
611 663 638 720 in
654 678 690 720 eo
709 661 752 719 vis
771 670 830 736 est,
847 661 874 719 id
889 678 1024 734 acumen,
1048 679 1081 720 ea
1099 666 1264 739 concitatio,

259 755 298 823 ut
314 745 392 804 iilum
409 745 511 804 ecdem
524 748 616 804 animo
628 746 747 820 dixisse,
764 762 821 822 quo
833 745 962 819 bellavit,
976 755 1127 822 appareat:
1145 757 1266 809 exornat

266 840 362 889 tamen
383 828 456 888 haec
478 831 570 888 omnia
595 832 664 888 mira
690 831 846 903 sermonis,
874 831 953 888 cuius
978 830 1095 906 proprie
1121 831 1266 892 studiosus

266 915 336 988 init,
360 913 514 989 elegantia.
558 912 676 972 lliultum
694 914 801 989 ingenii
821 914 849 971 in
872 911 999 970 Caelio
1019 921 1047 971 ει
1064 917 1220 992 praecipue
1238 919 1323 979 in115

268 999 433 1057 accusando
451 997 538 1056 multa
559 998 716 1072 urbanitas,
733 998 894 1074 dignusque
910 1000 953 1055 vir
968 997 1012 1054 cui
1029 1007 1149 1073 etmens
1163 1000 1266 1059 melior

268 1091 298 1141 et
315 1084 371 1141 vita
389 1082 503 1157 longior
517 1084 697 1158 contigisset.
735 1080 834 1140 inveni
850 1082 898 1158 qui
920 1078 1071 1139 Calvum
1085 1082 1267 1158 praeferrent

268 1165 410 1240 omnibus,
427 1167 522 1224 inveni
540 1167 586 1243 qui
603 1163 738 1224 Ciceroni
753 1165 920 1239 crederent,
938 1183 1002 1223 eum
1017 1167 1100 1223 nimia
1119 1175 1218 1227 contra
1233 1186 1265 1226 se

268 1250 408 1309 calumnia
425 1266 524 1308 rerum
539 1251 705 1325 sanguinem
727 1249 903 1327 perdidisse;
927 1249 979 1307 sed
1000 1257 1044 1307 est
1066 1257 1095 1308 et
1117 1260 1215 1311 sancta
1237 1260 1267 1311 et

267 1335 366 1410 gravis
388 1336 480 1392 oratic
506 1342 535 1392 et
556 1333 698 1392 custodita
718 1342 747 1392 ει
767 1333 936 1409 irequeutcr
956 1333 1113 1391 vehemens
1138 1351 1265 1412 quoque.

267 1417 396 1476 imitator
416 1427 511 1476 autem
533 1427 578 1476 est
598 1416 776 1492 Atticorum,
803 1416 930 1494 iecitque
951 1416 993 1475 illi
1013 1428 1167 1495 properata
1188 1437 1266 1478 mors

266 1503 406 1576 iniuriam,
423 1504 446 1560 si
465 1500 532 1578 quid
545 1500 707 1562 adiecturus
723 1501 794 1577 sibi,
810 1518 866 1559 non
882 1502 906 1559 si
924 1501 990 1579 quid
1006 1500 1186 1561 detracturus
1204 1503 1265 1563 fuit.

267 1585 305 1644 Et
323 1586 481 1644 Servius
504 1585 693 1663 Sulpicius
716 1587 856 1662 insignem
872 1603 928 1643 non
945 1587 1084 1644 immerito
1100 1586 1202 1647 lamam
1219 1589 1324 1654 tri-116

268 1670 321 1729 bus
336 1668 513 1729 orationihus
530 1671 641 1728 meruit.
673 1668 778 1744 Multa,
800 1673 824 1728 si
840 1688 904 1729 cum
918 1670 1023 1733 iudicio
1040 1662 1167 1746 legatur,
1191 1671 1268 1731 dabit

268 1754 425 1812 imitatione
442 1753 526 1830 digna
547 1752 699 1813 Cassius
720 1755 902 1828 Severus,
926 1755 974 1831 qui
995 1755 1020 1812 si
1036 1757 1142 1815 ceteris
1158 1758 1267 1815 virtuti·

268 1837 322 1896 bus
339 1837 468 1896 colorem
480 1847 509 1896 et
520 1839 690 1914 gravitatem
703 1839 841 1896 orationis
852 1838 1017 1913 adiecisset,
1033 1840 1182 1917 ponendus
1194 1843 1268 1900 inter

268 1922 444 1999 praecipuos
460 1921 546 1981 ieret.
576 1919 648 1980 Nam
664 1930 693 1980 et
709 1921 816 1998 ingenii
827 1921 977 1999 plurimum
989 1930 1034 1980 εει
1049 1923 1077 1980 in
1093 1941 1129 1982 eo
1142 1933 1171 1982 ει
1187 1933 1324 1986 acer-117

268 2005 342 2064 bitas
358 2007 438 2079 mira,
456 2015 485 2064 et
500 2005 644 2064 urbanitas
663 2006 724 2064 eius
738 2022 859 2072 summa;
876 2004 929 2064 sed
943 2005 1008 2084 plus
1020 2007 1170 2066 stomacho
1184 2026 1267 2085 quam

270 2089 391 2149 consilio
409 2089 496 2149 dedit.
529 2089 683 2149 Praeterea
701 2099 732 2148 ut
746 2091 833 2149 amari
851 2089 944 2148 sales:
959 2091 998 2148 ita
1013 2088 1181 2167 frequenter
1190 2109 1265 2150 ama·
1314 2096 1317 2104 '

268 2175 362 2232 ritudo
384 2175 446 2252 ipsa
465 2173 585 2233 ridicula
598 2183 651 2232 est.
683 2174 754 2232 Sunt
765 2174 813 2233 alii
824 2173 904 2232 multi
914 2171 1025 2248 diserti,
1042 2190 1116 2251 quos
1128 2171 1338 2253 persequillss‘

268 2258 384 2334 longum
400 2266 455 2316 est.
495 2255 602 2317 Eorum
627 2274 699 2334 quos
722 2258 843 2317 viderim
862 2257 1042 2317 Domitius
1058 2257 1144 2317 Afer
1165 2268 1195 2317 et
1209 2259 1267 2317 lu·

269 2343 343 2401 lius
364 2341 566 2401 Africanus
588 2340 676 2418 longe
701 2343 948 2420 praestantissimi.
989 2340 1062 2400 Arte
1083 2342 1134 2401 ille
1157 2352 1186 2401 et
1205 2352 1267 2402 toto
1290 2360 1296 2397 .·

267 2444 377 2502 genere
393 2426 505 2485 dicendi
521 2425 730 2505 praeferendus
748 2436 777 2486 et
792 2444 877 2504 quem
894 2428 922 2484 in
937 2443 1055 2485 numero
1072 2435 1201 2486 veterum
1219 2427 1267 2486 ha·
1303 2488 1305 2493 ,

267 2510 339 2569 bere
360 2527 417 2568 non
439 2512 555 2577 timeas;
578 2510 625 2570 lric
647 2512 817 2570 concitatior
839 2508 940 2569 sedin
963 2527 1030 2569 cura
1051 2510 1206 2569 verborum
1226 2513 1267 2570 ni·
1305 2501 1310 2519 ¹

266 2598 338 2654 mius
357 2603 386 2653 ει
403 2596 612 2672 compositione
630 2610 830 2672 nonnunquam
847 2594 963 2670 longior
986 2602 1015 2652 et
1035 2594 1267 2654 translationibus

267 2697 367 2756 parum
382 2678 523 2738 modicus.
554 2676 644 2739 Erant
662 2679 739 2739 clara
756 2679 1026 2756 etnuperingerria.
1057 2677 1325 2739 Et'iraclra·ll9

267 2762 327 2821 lus
352 2761 522 2840 plerumque
543 2763 672 2823 sublimis
691 2771 720 2822 et
740 2764 810 2822 satis
829 2772 947 2840 apertus
969 2762 1021 2822 fuit
1043 2772 1072 2823 et
1088 2781 1172 2841 quem
1187 2763 1285 2842 velle*

268 2847 377 2924 optima
393 2846 546 2920 crederes,
565 2847 675 2906 auditus
690 2856 784 2906 tamen
799 2849 904 2915 mai0r;
929 2863 993 2906 nam
1017 2857 1046 2907 et
1060 2850 1162 2922 vocis,
1179 2839 1266 2925 queu-

267 2940 325 2989 tam
340 2932 367 2988 ln
381 2930 460 2990 nullo
480 2934 615 3008 cognovi,
634 2931 760 2991 felicitas
777 2941 806 2990 et
822 2932 1014 3010 pronuntiatio
1030 2932 1079 2991 vel
1096 2932 1193 2992 scenis
1208 2931 1267 2990 sui·

267 3014 379 3073 iectura
396 3023 424 3074 et
437 3016 527 3074 decor
543 3018 635 3074 omnia
654 3016 776 3094 denique
793 3016 831 3090 ei,
847 3032 922 3093 quac
937 3024 1102 3088 suutcxtra,
1115 3014 1267 3093 superius·

267 3107 346 3164 runt;
369 3108 398 3158 et
418 3098 545 3159 Vibius
570 3097 724 3178 Crispus
751 3101 930 3178 compositus
957 3108 985 3159 et
1009 3099 1147 3158 iucundus
1168 3107 1197 3158 et
1217 3097 1266 3158 de·

267 3183 415 3242 lectaticni
438 3192 536 3259 natus,
558 3185 677 3261 privatis
693 3192 787 3243 tamen
804 3185 899 3242 causis
915 3201 998 3261 quarn
1015 3183 1139 3262 publicis
1153 3182 1265 3243 melior.

266 3266 360 3326 lulio
387 3267 577 3343 Secundo,
598 3269 622 3326 si
645 3267 761 3344 longior
781 3268 952 3344 contigisset
967 3275 1063 3342 aetas,
1081 3266 1266 3326 clarissimum
1275 3274 1326 3327 120

266 3351 401 3429 proiecto
428 3370 532 3411 nomen
560 3354 683 3412 oratoris
711 3351 786 3430 apud
812 3360 949 3431 posteros
974 3351 1060 3411 soret.
1103 3350 1269 3410 Adiecisset

268 3437 359 3509 enim,
381 3445 466 3513 atque
483 3435 635 3496 adiiciebat
650 3437 755 3495 ceteris
771 3434 923 3496 virtutihus
941 3437 1000 3494 suis
1017 3434 1094 3514 quod
1109 3434 1269 3496 desiderari

267 3528 375 3599 potest.
397 3518 429 3579 ld
442 3529 486 3579 est
497 3528 603 3595 autem,
620 3529 650 3579 ut
666 3529 745 3579 esset
760 3519 953 3595 multomagis
969 3537 1099 3598 pugnans
1111 3529 1141 3579 et
1151 3520 1267 3598 saepius

267 3604 303 3664 ad
325 3621 422 3663 curam
443 3622 537 3663 rerum
558 3602 594 3662 ah
618 3603 784 3663 elocutione
806 3605 978 3681 respiceret.
1026 3601 1160 3663 Ceterum
1180 3605 1322 3668 inter-121

267 3694 371 3766 ceptus
388 3705 504 3766 quoque
522 3705 654 3763 magnum
667 3687 723 3746 sibi
735 3688 863 3747 uindicat
878 3687 989 3761 locum;
1010 3705 1045 3748 ea
1064 3696 1109 3746 cst
1123 3687 1265 3759 facundia,

266 3781 345 3832 tanta
360 3771 388 3831 in
405 3771 577 3850 explicando
597 3771 673 3850 quod
689 3770 758 3833 islit
774 3773 885 3849 gratia,
911 3781 968 3832 tam
988 3772 1138 3833 candidum
1154 3780 1183 3830 ει
1199 3771 1266 3829 lece
