3184 4409
318 612 429 674 Eadem
449 609 629 689 aliquatenus
644 609 764 669 liberius
779 607 913 669 deorsum
927 614 1146 689 spectantibus
1162 619 1257 699 digitis
1268 618 1304 681 td
1349 619 1359 661 ⁸

319 693 418 773 ligitur
431 697 460 754 in
474 711 528 754 nos
545 704 575 754 et
590 694 680 753 insius
695 692 782 771 paulo
798 694 826 751 in
841 692 985 753 disemum
1006 698 1202 781 resolvitur,
1222 714 1251 765 st
1262 720 1305 785 ῃ
1349 704 1359 744 ¹

280 778 472 850 pedemmodo
487 795 649 837 sermonem
671 779 763 855 ipsum
780 775 914 855 prolerre
929 778 1080 843 rideatur.
1116 784 1307 851 anseisus
1351 788 1359 828 ¹

279 918 281 922 .
319 864 426 941 digitos
446 860 644 940 distinguimus
665 861 791 920 sednon
810 861 1070 941 insertopollicc,
1102 872 1230 947 paulu
1352 872 1359 930 l

319 945 504 1009 inierioribus
519 947 591 1006 intra
607 942 804 1023 spectantibus
819 943 872 1004 sed
886 961 924 1004 ne
939 944 998 1005 illis
1014 948 1147 1027 quiden
1161 954 1309 1035 ⁸⁰¹¹th
1354 957 1359 997 ²

280 1046 315 1102 99
322 1049 409 1110 supra
430 1037 506 1090 sunt.
538 1029 654 1089 interim
670 1028 791 1088 extremi
807 1027 929 1107 palum
943 1030 1024 1091 circa
1047 1032 1110 1097 iura
1127 1038 1252 1115 pollicis
1267 1056 1308 1120 ps
1354 1040 1359 1079 ¹

317 1125 410 1192 munt,
434 1115 499 1193 ipse
520 1111 664 1192 prioribus
686 1112 721 1172 sd
742 1111 855 1173 medios
877 1112 1015 1173 animlos
1037 1116 1197 1197 iungitur;
1225 1124 1309 1187 mesu
1356 1115 1359 1159 Ἰ

318 1208 436 1279 qnarms
460 1197 578 1277 oblique
602 1197 767 1273 repositum
791 1196 904 1257 interius
925 1204 1065 1274 mutuor
1079 1206 1225 1269 remissis
1244 1206 1310 1285 1ιῄ
1356 1208 1359 1247 l

319 1300 403 1363 quam
423 1283 532 1358 tensis,
552 1280 660 1359 pollice
683 1280 757 1340 intus
770 1279 923 1355 inclinato,
944 1279 1077 1345 habilem
1101 1286 1310 1353 demonstrari

318 1370 347 1428 in
368 1367 443 1427 latus
465 1374 513 1425 aut
537 1364 762 1440 distinguendis,
790 1381 865 1443 quse
887 1363 1025 1441 diclslns,
1052 1386 1180 1435 mannus
1202 1376 1312 1449 usi*

261 1461 381 1514 loocnm
400 1450 501 1526 supina
516 1450 544 1509 in
559 1445 703 1507 sinistrum
717 1448 809 1522 latus,
827 1463 919 1527 prona¹
934 1446 1111 1535 bultem
1129 1454 1239 1521 iem.
1261 1460 1312 1521 sm

319 1545 348 1596 et
362 1534 405 1593 illi
421 1532 528 1592 breves
542 1541 660 1610 gestus,
677 1549 741 1591 cum
756 1549 854 1591 manns
871 1530 1146 1615 lem-pandatur,
1168 1542 1264 1621 quslis
1277 1556 1312 1603 rs

317 1619 444 1678 ventinm
464 1625 525 1692 est,
550 1617 646 1695 parvis
668 1614 829 1676 intervallis
844 1623 874 1675 et
893 1614 1187 1686 sctsssectlestibus
1203 1624 1313 1687 lunt

317 1709 468 1776 movetur,
495 1701 617 1760 maxime
640 1708 707 1778 apta
730 1717 818 1778 parce
841 1708 871 1759 et
893 1698 975 1778 qnasi
998 1702 1101 1765 timide
1127 1707 1313 1789 locamus·

317 1785 371 1846 Est
391 1784 569 1844 admirationi
589 1784 766 1843 conveniens
787 1784 838 1844 ille
858 1793 977 1861 gestus,
993 1802 1063 1864 ,quo
1084 1805 1197 1855 nanus
1217 1794 1313 1857 modin

317 1868 449 1949 supinata
466 1886 500 1928 ac
516 1886 571 1948 per
585 1867 715 1946 singulos
731 1886 747 1929 a
761 1868 876 1927 minimo
893 1866 1019 1929 collecta
1037 1870 1170 1953 digitos,
1188 1878 1313 1941 ndens

259 1959 307 2013 101
317 1953 407 2031 liexn,
425 1952 509 2012 sunni
525 1952 687 2032 explicatur
701 1960 788 2030 atque
804 1953 989 2013 convertitur.
1019 1952 1089 2017 Nee
1102 1976 1169 2021 nuo
1185 1962 1313 2025 nodo'*

316 2045 500 2114 terroguntes
522 2047 635 2114 gestum
656 2037 871 2115 componimus,
896 2036 1069 2116 plerunque
1084 2048 1194 2107 tamen
1214 2054 1312 2109 m

315 2132 360 2182 tes
382 2138 509 2197 manum,
531 2129 676 2199 utcunque
702 2121 862 2198 composita
884 2131 938 2182 est
979 2120 1086 2185 Pollici
1108 2128 1311 2205 promunt

288 2209 395 2283 *gitus'
405 2192 616 2284 ¹bedinmque,
639 2222 694 2282 qua
712 2203 816 2264 dexter
834 2213 898 2282 est,
921 2223 1047 2284 unguen
1066 2208 1197 2287 pollicis
1219 2226 1311 2277 sm

317 2307 369 2349 suo
392 2292 531 2366 iungens,
552 2290 680 2348 remissis
696 2291 819 2364 ceteris,
840 2297 885 2350 est
900 2299 930 2350 et
952 2290 1194 2369 approbantibus
1218 2308 1250 2360 et
1263 2312 1311 2358 rur·

259 2374 444 2434 102rantibus
461 2382 490 2432 et
507 2371 743 2450 distinguentibus
759 2373 893 2433 decorus.
929 2372 984 2434 (ini
1001 2392 1060 2436 non
1076 2377 1253 2459 dissimilis,
1272 2377 1311 2441 scd

316 2458 490 2536 complicitis
506 2458 596 2516 tribus
612 2457 726 2534 digitis,
743 2474 801 2535 qno
817 2475 891 2517 nunc
906 2457 1010 2520 Graeci
1024 2459 1187 2538 plurimum
1203 2474 1312 2537 ambr,

316 2543 402 2601 etiam
420 2550 540 2619 utraque
555 2559 657 2616 mauu,
681 2543 815 2619 quotiens
834 2541 1044 2618 enthymemata
1066 2562 1122 2606 sna
1140 2558 1235 2626 gestu
1248 2547 1312 2610 vols

287 2626 533 2685 *corrotundant
566 2623 680 2685 Caesim
701 2643 801 2685 manus
818 2625 914 2686 lenior
928 2627 1068 2706 promittit
1091 2638 1123 2690 et
1148 2642 1311 2707 amenum,

316 2711 431 2768 citatior
445 2708 594 2784 bortatur,
618 2711 731 2769 interim
747 2709 853 2770 laudat.
882 2709 935 2770 Est
950 2719 980 2771 et
994 2710 1046 2772 ille
1061 2719 1203 2791 urgentis
1219 2717 1310 2779 oram

318 2811 383 2851 nem
403 2800 504 2869 gestus
523 2794 652 2870 vulgaris
675 2795 765 2870 magis
781 2812 866 2873 quam
881 2813 919 2855 ex
934 2803 1013 2870 arte,
1037 2797 1088 2874 qui
1106 2801 1263 2867 contrabit
1281 2797 1310 2859 ai

256 2881 400 2937 103teruo
417 2877 566 2957 celerique
584 2886 661 2937 motu
679 2887 707 2938 et
723 2878 850 2956 explicat
863 2897 985 2940 manum.
1016 2877 1118 2942 distet
1135 2883 1192 2946 illa
1208 2888 1311 2947 caract

315 2979 380 3021 rere
404 2969 433 3020 et
458 2979 545 3039 supra
573 2963 683 3022 humeri
709 2962 885 3023 altitudinem
906 2944 982 3025 elata
1007 2980 1071 3023 cum
1093 2969 1227 3043 quodam
1246 2975 1311 3029 nott

315 3045 396 3105 velut
410 3045 552 3106 hortatrix
568 3064 683 3115 manus;
710 3065 726 3106 a
741 3048 906 3124 peregrinis
923 3046 1034 3107 scholis
1048 3056 1149 3109 tamen
1165 3069 1264 3133 prope
1275 3068 1310 3111 re
1335 3102 1337 3107 .

316 3138 401 3206 cepta
424 3130 546 3189 tremula
573 3132 689 3190 scenica
712 3140 766 3190 est.
804 3130 936 3208 Digitos,
963 3149 1028 3192 curn
1048 3135 1154 3194 summi
1178 3138 1311 3206 coierant

316 3213 352 3272 ad
368 3230 420 3271 nos
434 3214 565 3289 referre,
581 3233 632 3273 cur
647 3214 816 3292 quibusdam
831 3215 1030 3295 displicuerit,
1054 3219 1173 3277 neseio.
1207 3215 1311 3281 dull

315 3304 344 3354 et
372 3297 477 3357 leviter
503 3298 676 3358 admirantes
701 3307 731 3358 et
756 3301 868 3359 interim
888 3299 983 3360 snbita
1007 3299 1213 3376 indignatione
1241 3301 1310 3364 veli

255 3385 306 3440 104
314 3391 508 3455 pavescentes
521 3391 549 3440 et
560 3383 752 3462 deprecantes
768 3383 897 3443 iacimus.
925 3382 1001 3458 Quin
1013 3399 1221 3463 compressans
1237 3388 1310 3449 etis!

314 3479 424 3605 malm'mt]
450 3468 676 3608 indppeultentia
697 3467 745 3527 vel
762 3468 805 3527 ira
819 3466 1161 3625 ppsslpltoritadffimus,
1187 3471 1239 3533 ubi
1261 3484 1310 3610 vop

313 3563 349 3603 ve
380 3565 454 3606 mer
491 3567 526 3606 eu
541 3569 573 3608 es
592 3570 628 3609 ex
650 3570 732 3611 ressa
754 3568 812 3610 non
887 3569 968 3611 ece:
1097 3570 1188 3617 sesac
1245 3572 1293 3617 nst

315 3627 399 3702 Ouid
412 3633 537 3709 fociae?
557 3570 672 3695 Averpso
685 3635 794 3713 pollice
811 3635 1010 3695 demonstrare
1025 3634 1147 3714 aliquid,
1166 3573 1310 3719 recagptn

254 3722 305 3776 105
314 3716 405 3792 magis
430 3725 499 3793 puto
526 3735 610 3795 quam
632 3721 739 3779 oratori
757 3719 905 3781 decorus
940 3718 1001 3781 Sed
1021 3736 1086 3781 cun
1107 3724 1205 3785 curnis
1224 3729 1309 3785 now
