3184 4409
354 480 392 541 10
665 491 1028 551 numerosarum

350 647 428 706 rimis
442 647 545 722 video,
566 653 598 705 ut
619 645 778 706 litterarum
798 647 911 706 nomina
927 656 956 706 et
978 654 1142 707 contextum
1162 648 1243 726 prins
1266 664 1349 726 quam

308 743 342 796 25
351 732 458 790 formas
477 730 590 809 parvuli
609 731 729 790 discant.
756 728 858 789 Obstat
879 730 935 790 hoc
951 733 1089 807 agnitioni
1110 749 1207 790 earum
1228 749 1287 792 non
1308 734 1344 792 in·

351 815 533 876 tendentibus
547 831 615 873 mox
630 816 750 874 animum
765 813 801 873 ad
816 815 897 892 ipsos
911 815 1029 891 ductus,
1047 815 1113 875 dum
1128 816 1346 876 antecedentem

351 902 516 960 memoriam
539 907 705 976 sequuntur.
747 897 829 970 Quae
853 916 939 960 causa
963 908 1008 958 est
1031 899 1294 977 praecipientibus,
1315 894 1343 958 ut

354 986 454 1058 etiam,
477 1001 540 1042 curn
563 984 632 1042 satis
654 983 783 1042 affixisse
805 999 855 1041 eas
877 985 974 1062 pueris
993 992 1075 1043 recto
1090 983 1140 1042 illo
1157 1000 1214 1060 qno
1229 985 1341 1063 primurn

353 1067 441 1127 scribi
463 1067 559 1127 solent
580 1075 717 1127 contextu
737 1066 886 1141 videntur,
909 1076 1076 1144 retroagant
1097 1086 1196 1126 rursus
1218 1077 1248 1126 et
1268 1067 1340 1126 varia

353 1154 563 1231 permutatione
584 1151 717 1224 turbent,
743 1150 838 1209 donec
865 1151 975 1210 litteras
997 1153 1045 1229 qui
1070 1153 1254 1210 instituuntur
1273 1149 1340 1209 lucie

353 1239 447 1295 norint
460 1253 517 1294 non
533 1237 643 1296 ordine.
672 1234 857 1312 Quapropter
872 1238 980 1312 optime
994 1238 1068 1295 sicut
1082 1235 1226 1295 hominnm
1240 1236 1340 1313 pariter

311 1330 385 1389 aflet
410 1320 523 1379 habitus
553 1329 582 1379 et
609 1321 722 1378 nomina
752 1318 958 1378 edocebantur.
999 1319 1057 1378 Sed
1086 1319 1164 1396 quod
1189 1321 1217 1379 in
1246 1318 1340 1378 litteris

355 1405 450 1479 obest,
467 1407 496 1464 in
511 1403 630 1478 syllabis
645 1419 703 1461 non
719 1402 846 1462 nocebit.
877 1402 942 1461 Non
958 1403 1082 1461 excludo
1099 1413 1211 1478 autem,
1227 1402 1257 1462 id
1272 1397 1340 1480 quod

355 1498 400 1548 est
417 1497 529 1562 notum,
545 1487 698 1546 irritandae
715 1486 750 1546 ad
766 1487 933 1546 discendum
948 1487 1083 1545 infantiae
1098 1490 1190 1564 gratia
1206 1487 1340 1546 eburneas

355 1574 440 1632 etiam
458 1573 616 1631 litterarum
636 1572 741 1630 formas
760 1572 788 1629 in
810 1571 900 1630 lusum
919 1571 1040 1638 olierre;
1066 1572 1114 1631 rel
1135 1571 1242 1648 siquid
1260 1565 1340 1640 aliud,

356 1674 412 1734 quo
428 1657 518 1732 magis
533 1655 583 1714 illa
599 1664 677 1714 aetas
692 1655 833 1730 gaudeat,
853 1657 973 1715 inveniri
988 1663 1103 1733 potest,
1119 1655 1196 1733 quod
1211 1656 1341 1725 tractare,

355 1742 475 1814 intueri,
496 1741 642 1798 nominare
660 1738 812 1797 iucundum
833 1740 879 1797 sit.

313 1835 347 1891 27
442 1821 512 1882 Cum
529 1839 600 1881 vero
622 1825 676 1882 iam
694 1822 795 1881 ductus
819 1823 902 1898 sequi
923 1824 1072 1901 coeperit,
1095 1839 1152 1881 non
1174 1821 1275 1881 inutile
1295 1819 1344 1878 erit

357 1927 407 1968 eas
424 1907 549 1967 tabellae
566 1908 770 1984 quamoptime
787 1906 926 1983 insculpi,
949 1917 980 1966 ut
995 1925 1049 1985 per
1063 1906 1131 1965 illos
1150 1907 1231 1966 velut
1251 1903 1344 1964 sulcos

357 1994 476 2053 ducatur
491 1992 583 2050 stilus.
614 1990 685 2049 Nam
700 2008 794 2067 neque
812 1989 934 2065 errabit,
957 1989 1192 2069 quemadmodum
1212 1990 1241 2048 in
1262 1989 1344 2060 ceris,

358 2075 566 2154 (continebitur
589 2076 666 2154 enim
686 2076 818 2152 utrinque
842 2074 1017 2150 marginibus
1039 2091 1134 2151 neque
1158 2083 1240 2132 extra
1266 2087 1344 2151 prae·

356 2163 495 2239 scriptum
518 2159 618 2236 egredi
644 2160 767 2238 poterit)
792 2168 822 2218 et
849 2157 974 2219 celerius
999 2176 1045 2217 ac.
1060 2159 1176 2236 saepius
1199 2153 1345 2234 sequendo

359 2254 438 2305 certa
452 2246 576 2321 vestigia
597 2243 717 2302 firmabit
732 2243 887 2318 articulos,
906 2261 1000 2320 neque
1017 2242 1116 2319 egebit
1130 2241 1272 2300 adiutorio
1292 2254 1346 2298 rna·

316 2340 423 2395 aarum
440 2347 519 2388 suam
534 2346 616 2387 manu
632 2329 853 2405 superimposita
869 2329 1009 2403 regentis.
1040 2325 1105 2385 Noa
1122 2334 1166 2383 est
1181 2324 1346 2395 alienares,

360 2431 433 2490 quae
452 2413 515 2472 lere
536 2411 572 2470 ab
590 2411 719 2469 honestis
735 2411 846 2486 negligi
865 2411 959 2485 solet,
983 2427 1050 2469 cura
1066 2409 1141 2468 bene
1160 2425 1196 2467 ac
1208 2407 1349 2467 velociter

359 2494 514 2556 scribendi.
545 2493 617 2552 Nam
633 2511 696 2552 cum
707 2494 747 2551 sit
762 2495 790 2551 in
805 2493 906 2552 studiis
922 2496 1124 2571 praecipuum,
1149 2508 1265 2570 quoque
1286 2489 1348 2550 solo

359 2597 446 2638 verus
467 2578 517 2636 ille
538 2577 688 2655 proiectus
710 2585 739 2634 et
760 2577 826 2636 altis
850 2577 993 2636 radicibus
1014 2579 1097 2636 nixus
1120 2584 1254 2655 paretur,
1280 2573 1349 2634 scri·

359 2663 449 2724 bere:
476 2664 566 2740 ipsam
591 2660 700 2719 tardior
721 2661 804 2719 stilus
828 2662 1033 2736 cogitationem
1055 2669 1199 2734 moratur,
1223 2658 1303 2718 rudis
1324 2664 1351 2717 et

361 2746 498 2807 confusus
514 2744 662 2804 intellectu
679 2751 774 2812 caret;
795 2745 870 2804 unde
886 2747 1015 2822 sequitur
1029 2745 1103 2804 alter
1118 2742 1259 2818 dictandi,
1278 2757 1351 2820 quac

319 2843 353 2898 29
361 2829 560 2891 transferenda
580 2837 661 2903 sunt,
683 2828 775 2887 labor.
806 2828 903 2901 Quare
920 2847 982 2888 cum
997 2846 1113 2906 semper
1129 2837 1158 2887 et
1172 2826 1279 2904 ubique
1296 2835 1352 2886 tum

361 2916 518 2993 praecipue
538 2915 566 2971 in
588 2913 719 2990 epistolis
741 2914 863 2971 secretis
883 2921 911 2971 et
932 2912 1117 2971 familiaribus
1139 2909 1297 2971 delectabit
1317 2926 1352 2968 ne

362 2999 419 3058 boc
440 2998 553 3075 quidem
572 2995 736 3072 neglectum
756 2996 930 3074 reliquisse.-

322 3094 357 3148 3ο
447 3080 572 3156 Syllabis
594 3079 701 3138 nullum
722 3079 921 3156 compendium
943 3087 1002 3147 est;
1024 3077 1233 3157 perdiscendae
1255 3093 1353 3137 omnes

363 3185 433 3240 nec,
450 3175 480 3225 ut
495 3165 526 3226 lit
540 3163 724 3242 plerumque,
743 3163 910 3223 difficillima
926 3180 1057 3241 quaeque
1073 3180 1169 3221 earum
1185 3161 1352 3235 differenda,

321 3263 353 3317 31
364 3259 395 3309 ut
416 3253 445 3309 in
466 3247 624 3308 nominibus
644 3236 808 3306 scribendis'
825 3246 1085 3325 deprehendantur.
1120 3245 1195 3318 Quin
1216 3247 1299 3304 immo
1319 3262 1353 3303 ne

364 3337 473 3412 primae
499 3332 612 3411 quidem
638 3333 792 3390 memoriae
818 3340 927 3391 temere
956 3330 1140 3397 credendum
1163 3337 1302 3407 repetere
1328 3335 1354 3388 et

365 3418 412 3478 diu
432 3418 576 3476 inculcare
596 3417 683 3475 luerit
702 3415 814 3490 utilius,
834 3416 911 3474 etin
932 3415 1058 3474 lectione
1079 3431 1194 3491 quoque
1209 3428 1266 3471 non
1288 3429 1354 3490 pro·

364 3519 470 3580 parare
491 3501 527 3562 ad
542 3499 759 3559 continuandam
774 3517 836 3559 eam
850 3499 899 3558 vel
916 3497 1150 3572 accelerandam,
1168 3497 1222 3555 nisi
1237 3512 1301 3555 cnm
1317 3498 1354 3554 in·

366 3586 479 3645 offensa·
497 3593 583 3661 atque
603 3582 757 3641 indubitata
778 3583 936 3643 litterarum
955 3585 1029 3641 inter
1051 3601 1084 3640 se
1103 3581 1266 3640 coniunctio
1290 3597 1354 3658 sup·

365 3670 497 3748 peditare
514 3670 575 3727 sine
590 3667 649 3726 ulla
666 3667 811 3742 cogitandi
827 3666 929 3725 saltem
944 3683 1023 3725 mora
1044 3667 1160 3745 poterit.
1191 3663 1271 3723 Tunc
1285 3664 1354 3741 ipsis

366 3753 486 3830 syllabis
506 3751 596 3813 verba
618 3750 771 3829 complecti
792 3750 884 3810 ethis
910 3766 1072 3810 sermonem
1093 3754 1268 3809 connectere
1287 3748 1354 3809 inci·
