3184 4409
350 460 390 524 66
667 471 1029 534 mnnouomnmmm

323 630 561 712 lquodammodo
579 646 666 707 supra
681 645 827 687 summum.
861 626 996 687 Omnibus
1011 626 1056 688 luis
1071 627 1179 688 sufficit
1192 627 1242 688 vel
1258 645 1335 689 unum

352 714 501 776 Ciceronis
519 712 697 791 exemplum:
714 709 850 773 Fucinus
864 721 908 773 eat
921 713 1040 772 vincire
1053 713 1150 774 cicens
1161 710 1335 793 Romnum

350 802 450 862 scelus
463 799 639 871 verberare,
653 814 750 875 prope
761 797 972 874 parricidium
992 814 1125 857 necare:
1147 796 1224 874 quid
1239 797 1335 858 dicam

350 887 382 945 iu
402 901 526 945 crucem
548 881 673 942 tollere?
711 878 783 939 Nam
809 887 852 955 ei,
878 879 1031 939 sitantum
1053 878 1226 938 verberatus
1253 887 1333 952 esset,

351 985 406 1027 uno
423 965 513 1044 gradu
527 966 699 1039 increverat,
715 956 849 1040 ponendo
865 963 949 1022 etiam
969 963 998 1023 id
1019 981 1087 1023 esse
1108 964 1251 1042 focinus,
1267 961 1333 1041 quod

323 1061 414 1114 terat
428 1050 561 1116 inferius:
578 1056 617 1122 et,
638 1048 663 1106 si
680 1056 786 1106 tantum
803 1049 917 1106 occisus
934 1055 1029 1123 esset,
1053 1046 1221 1126 perplures
1237 1046 1333 1124 gradm

350 1134 533 1200 ascenderat:
551 1149 615 1190 cum
629 1147 699 1190 vero
722 1132 848 1206 dixerit,
871 1149 914 1209 pr
953 1132 1195 1210 epurriet'dium
1218 1149 1332 1204 necare,

350 1237 437 1298 supra
452 1216 529 1294 quod
544 1215 613 1275 nihil
629 1223 688 1295 est:
705 1215 810 1287 adiecit
826 1215 902 1293 quid
914 1149 1021 1276 &ioum
1031 1217 1064 1276 in
1078 1234 1203 1277 munero
1220 1215 1332 1276 tollere?

267 1369 269 1373 ,
350 1302 402 1378 lta,
415 1320 479 1361 cum
495 1300 533 1374 id,
554 1299 630 1378 quod
643 1300 793 1358 maximum
810 1307 870 1374 est,
887 1309 1078 1376 occupasset:
1094 1316 1219 1358 necesse
1238 1307 1300 1369 erat
1311 1299 1331 1356 ir

323 1396 397 1461 seo,
418 1385 494 1464 quod
509 1384 583 1443 ultra
601 1392 655 1456 est,
672 1381 762 1441 verba
784 1381 921 1442 delicere.
959 1381 1004 1442 Fit
1023 1391 1053 1443 et
1067 1383 1151 1442 aliter
1163 1400 1255 1463 supra
1270 1399 1331 1442 snm

349 1489 424 1530 mum
438 1469 572 1543 adiectio,
589 1476 619 1526 ut
634 1469 709 1545 apud
723 1466 883 1543 Vergilium
898 1467 934 1526 de
948 1464 1060 1526 Lauso:

802 1584 844 1592 —
858 1566 917 1629 quo
927 1551 1086 1629 pulchrior
1101 1551 1181 1611 ulter

460 1633 527 1696 Nou
546 1634 620 1712 fuit,
650 1641 775 1711 excepto
803 1631 968 1695 Laurentis
988 1653 1117 1714 corpore
1140 1631 1247 1694 Tanti.

351 1720 492 1781 Summum
509 1727 552 1776 est
568 1719 653 1792 enim,
669 1733 727 1795 quo
739 1717 1056 1794 pulchriorulierooo
1064 1719 1144 1798 fuit,-
1159 1716 1227 1777 huic
1240 1716 1333 1778 deinde

324 1803 457 1881 taliqnid
473 1803 694 1880 superpositum.
731 1800 845 1861 Tertius
867 1819 984 1881 quoque
1001 1812 1047 1863 est
1060 1802 1179 1876 modus,
1204 1801 1240 1861 ud
1261 1817 1336 1880 quen

350 1904 407 1946 non
427 1904 480 1964 per
501 1885 607 1963 gradus
628 1887 684 1944 itur
707 1894 735 1943 et
751 1885 828 1962 quod
847 1903 904 1944 non
926 1896 971 1946 est
993 1886 1075 1966 plus,
1098 1886 1271 1962 maximum,
1292 1883 1336 1946 sed

351 1989 408 2049 quo
426 1969 496 2029 nihil
512 1971 600 2029 maius
615 1978 668 2028 est.
705 1967 836 2030 Matrem
856 1978 939 2031 tuam
960 1972 1107 2032 cecidisti.
1143 1967 1227 2042 Ouid
1243 1972 1337 2031 dicon

350 2056 503 2134 amplius?
540 2051 669 2114 llletrem
692 2062 776 2114 ioum
797 2055 945 2115 cecidisti.
991 2053 1064 2114 Num
1089 2062 1118 2112 et
1140 2053 1199 2112 hoc
1221 2053 1337 2132 augendi

350 2157 441 2217 genus
468 2147 528 2212 est,
555 2147 661 2197 tantum
687 2138 794 2214 aliquid
823 2138 959 2213 efficere,
987 2147 1089 2197 utnon
1116 2139 1212 2216 possit
1233 2139 1337 2215 augeri.

321 2223 465 2290 ecrescit
490 2223 582 2281 oratio
606 2223 695 2280 minus
715 2230 815 2299 aperte
837 2221 890 2281 sed
911 2223 1011 2280 nescio
1032 2240 1068 2282 an
1089 2221 1146 2281 hoc
1163 2222 1230 2300 ipso
1249 2222 1337 2282 effica-

351 2311 433 2382 cius‚
459 2325 521 2365 curu
538 2309 608 2365 citra
627 2306 837 2364 distinctionem
859 2308 888 2365 in
908 2315 1045 2365 contextu
1067 2314 1096 2365 et
1116 2323 1202 2365 cursu
1229 2322 1339 2384 semper

350 2391 456 2469 aliquid
478 2392 574 2468 priore
596 2391 684 2448 maius
704 2390 879 2468 insequitur:
903 2399 933 2448 ut
954 2391 992 2450 dc
1012 2391 1119 2450 vomitu
1141 2391 1169 2447 in
1192 2390 1340 2449 Antonium

352 2473 470 2549 Cicero,
486 2473 524 2533 ln
540 2483 625 2534 coetu
639 2475 827 2551 oeropopult'
847 2473 992 2551 Romani,
1014 2475 1165 2552 nepotiane
1190 2476 1340 2552 publicum

348 2578 476 2635 pereas,
498 2559 643 2635 mupioter
671 2559 812 2635 equitum.
847 2557 967 2634 Singula
996 2559 1203 2618 incrementum
1228 2557 1338 2618 habent.

349 2641 404 2700 Per
428 2660 461 2699 se
484 2641 612 2700 delorme
635 2640 683 2699 vel
707 2658 763 2699 non
783 2643 813 2700 in
834 2651 1076 2717 contemmere,
1102 2644 1130 2700 in
1158 2651 1245 2701 coetu
1263 2643 1340 2701 etiam

350 2742 406 2783 non
417 2719 532 2804 populi,
549 2725 649 2803 populi
665 2726 749 2784 etiam
771 2742 828 2783 non
852 2725 984 2787 Romani
992 2770 1000 2801 ‚
1024 2726 1074 2785 vel
1089 2727 1113 2784 si
1129 2725 1238 2784 nullum
1253 2745 1339 2804 nepo

350 2809 422 2869 tione
437 2818 549 2884 ageret,
567 2809 615 2866 vel
634 2810 658 2866 si
673 2827 730 2867 non
742 2810 908 2887 publicum,
924 2809 973 2869 vel
988 2812 1013 2870 si
1029 2827 1087 2868 non
1098 2811 1246 2887 mupisier
1262 2810 1340 2887 equi·

323 2902 422 2958 illurn.
454 2893 512 2952 Sed
530 2893 600 2951 alius
617 2892 757 2952 divideret
779 2893 853 2953 haec
879 2902 908 2952 ct
924 2894 1001 2953 circa
1017 2893 1148 2970 singulos
1163 2893 1273 2970 gradus
1286 2910 1340 2952 mo·

350 2986 477 3043 raretum
499 2977 546 3036 hio
567 2978 594 3034 in
615 2975 736 3037 sublime
758 2979 842 3036 etiam
865 2979 990 3037 cucurrit
1015 2988 1044 3038 et
1069 2978 1104 3037 ud
1126 2995 1267 3037 summum
1288 2993 1340 3036 non

350 3062 481 3140 pervenit
496 3062 558 3119 nisu
574 3060 626 3119 sed
641 3062 757 3138 impetu.

432 3146 539 3204 Verum
560 3154 590 3203 ut
623 3144 696 3203 haec
728 3145 911 3222 amplificatio
937 3146 966 3205 in
987 3146 1139 3224 superiora
1162 3144 1269 3206 tendit:
1295 3147 1340 3219 ita,

352 3244 424 3303 qnae
444 3229 474 3288 lit
489 3248 542 3307 per
563 3231 895 3306 comparationem,
917 3230 1122 3289 incrementum
1137 3229 1340 3289 exminoriltns

350 3315 431 3388 petit.
462 3313 604 3390 lingendo
628 3315 711 3387 anim,
730 3313 807 3391 quod
824 3323 869 3372 est
891 3313 981 3388 inira,
1002 3331 1126 3373 neccsse
1149 3323 1195 3373 est
1220 3313 1341 3373 extollat

349 3394 391 3470 id,
416 3396 491 3472 quod
513 3415 599 3475 supra
622 3399 745 3475 positum
763 3405 824 3456 cst:
846 3406 877 3456 ut
901 3398 975 3457 idem
991 3407 1077 3476 atque
1092 3401 1121 3456 in
1143 3398 1248 3457 eodem
1266 3399 1341 3471 loco,

308 3477 455 3539 nostiae
471 3481 523 3540 tibi
538 3483 618 3541 iuter
633 3498 759 3542 coenam
774 3489 803 3542 et
820 3483 853 3541 iu
874 3482 935 3542 tttts
949 3478 1132 3544 immanibus
1146 3483 1271 3560 poculis
1286 3482 1342 3544 mis

349 3562 522 3638 occidisset,
539 3567 605 3642 quis
621 3585 680 3626 uon
695 3574 783 3642 turpe
802 3567 953 3627 duceret?
983 3564 1022 3627 ln
1042 3575 1127 3628 coetu
1148 3585 1222 3628 oero
1239 3565 1342 3645 populi

348 3645 478 3708 Romani
494 3683 544 3704 -.
580 3647 617 3706 Et
633 3650 659 3706 in
677 3646 840 3708 Catilinam:
864 3648 955 3711 Servi
976 3651 1164 3712 mehercules
1180 3652 1240 3713 mei
1253 3652 1283 3712 ω’
1297 3666 1343 3710 me

348 3734 406 3794 istc
420 3739 514 3811 poeto
534 3741 713 3810 metuerent,
737 3741 771 3796 ut
790 3742 820 3796 te
839 3742 974 3797 metuunt
988 3753 1090 3798 omues
1106 3736 1189 3798 vives
1208 3735 1269 3797 tui:
1291 3734 1343 3796 do·

277 3878 308 3904 k
