3184 4409
1265 392 1276 428 t

535 473 625 522 msa.
640 470 970 537 acarnanum.
1230 463 1272 526 99
1300 520 1304 534 ζ

273 634 385 708 ltalia,
408 633 437 692 ci
457 632 553 692 omnis
574 649 626 692 ras
641 629 769 708 publica
786 629 831 688 sic
846 630 1008 706 loquatur.-
1027 627 1067 688 tt.
1088 628 1180 707 Tulli,
1197 632 1274 709 quid

273 719 365 797 apis?
394 715 468 777 Illud
482 714 617 773 audacius
630 730 739 790 genus:
764 710 850 784 Quae
864 722 971 789 tceutn,
989 712 1132 791 Catilina,
1147 718 1273 794 nunqu

273 812 303 865 et
322 801 541 880 quodaminodo
555 799 650 859 tacita
664 798 817 874 loquitur:
839 795 961 857 Nullum
976 800 1039 857 iani
1055 801 1170 875 aliquot
1183 801 1273 860 annis

270 887 398 966 facinus
413 885 510 943 eatitit
523 883 583 942 nisi
591 900 651 959 per
665 889 703 943 te.
732 877 889 938 Commode
905 882 989 939 etiam
1005 891 1052 939 aut
1066 883 1149 940 nobis
1163 883 1273 960 aliquas
1280 894 1315 948 33

275 979 340 1029 ante
358 967 459 1027 oculos
475 985 542 1025 esse
558 984 669 1040 rerum,
688 981 892 1041 personarum,
910 981 1014 1023 vocum
1035 967 1173 1041 imagines
1192 967 1272 1043 lingi-

273 1072 347 1129 mns,
365 1061 412 1111 ant
428 1051 529 1110 eadem
545 1050 718 1108 adversariis
735 1057 782 1106 ant
804 1047 945 1106 iudicibus
968 1066 1025 1106 non
1041 1050 1174 1108 accidere
1190 1053 1273 1108 mira-

273 1155 351 1196 mur:
368 1136 462 1213 qualia
482 1143 545 1192 sunt
567 1132 692 1193 Videtur
706 1134 789 1207 mibi,
807 1140 836 1190 et
851 1130 957 1193 Nonne
971 1134 1094 1193 uidetur
1108 1134 1182 1194 lidi?
1215 1135 1274 1193 Sed

273 1238 375 1296 magna
392 1219 530 1295 quaedam
549 1219 593 1276 vis
609 1217 793 1294 eloquentiae
816 1215 1006 1275 desideratur.
1046 1216 1131 1276 Falsa
1152 1219 1226 1277 enim
1245 1227 1274 1276 et

274 1303 453 1364 incredibilia
467 1311 567 1362 natura
585 1319 710 1360 necesse
726 1308 831 1359 estant
846 1302 937 1376 magis
951 1310 1095 1376 moveant,
1110 1302 1174 1378 qnia
1186 1319 1275 1378 snpra

273 1407 344 1447 vera
368 1395 444 1453 sunt3
474 1396 522 1445 aut
543 1401 596 1462 pro
616 1386 697 1444 vanis
717 1385 912 1461 accipiantur,
938 1387 1004 1462 quia
1026 1403 1095 1443 vera
1118 1401 1175 1444 non
1198 1394 1272 1443 sunt.

270 1473 311 1532 Ut
327 1472 402 1530 dicta
418 1479 512 1529 autem
527 1469 667 1547 quaedam
682 1469 721 1527 ita
737 1469 845 1545 scripta
858 1485 974 1545 quoque
992 1469 1060 1545 lmgi
1073 1468 1180 1544 solent,
1196 1468 1317 1546 quotae

273 1558 343 1616 lacit
360 1556 475 1613 Asinius
491 1571 544 1631 pro
560 1553 708 1612 Liburnia:
730 1549 832 1612 Mater
853 1571 939 1627 mea,
962 1569 1041 1631 quae
1054 1553 1126 1612 mibi
1140 1561 1201 1612 tuna
1219 1572 1273 1613 aa·

272 1641 398 1701 riesirna
420 1647 481 1699 tunt
503 1639 681 1715 dulcissima
699 1637 775 1714 fuit,
809 1652 949 1713 quaeque
974 1638 1047 1697 mibi
1072 1639 1148 1697 uiuit
1168 1638 1274 1713 bisque

273 1726 378 1787 eodem
391 1725 441 1785 llio
452 1724 544 1783 citarn
557 1723 642 1782 dedit
657 1729 685 1780 et
696 1721 823 1797 reliqua;
836 1720 939 1779 deinde
951 1722 1080 1782 nuberes
1095 1731 1166 1785 esto.
1194 1720 1274 1780 Haec

274 1828 339 1868 cum
356 1826 409 1886 per
429 1825 462 1865 se
478 1807 569 1882 ligura
590 1814 634 1864 est
649 1813 708 1863 tum
723 1804 901 1881 duplicatur,
924 1806 1056 1881 quotiens
1080 1798 1154 1864 sicnt
1174 1805 1203 1864 in
1220 1805 1275 1864 baa

274 1911 361 1953 causa
381 1891 418 1951 ad
438 1892 622 1950 imitationem
643 1889 761 1947 alterius
787 1890 949 1965 scripturae
971 1891 1160 1966 componitur.
1203 1887 1316 1952 Nam35

276 1985 376 2037 contra
404 1974 581 2035 recitabatur
602 1981 818 2032 testamentum:
846 1970 879 2032 P.
902 1971 1060 2034 Novanius
1080 1973 1196 2047 Gallio,
1224 1974 1275 2033 oui

274 2080 329 2138 eqo
343 2062 444 2121 omnia
458 2059 648 2118 meritissimo
662 2058 729 2118 nolo
746 2064 775 2116 et
789 2056 884 2116 debeo
906 2075 964 2133 pro
980 2059 1045 2117 cirta
1064 2060 1159 2116 animi
1177 2060 1210 2116 in
1227 2075 1275 2115 nac

273 2162 392 2206 aramma
412 2145 583 2217 uoluntate,
616 2150 645 2200 et
674 2141 794 2200 adiectis
817 2139 956 2218 deinceps
981 2141 1062 2215 aliis,
1090 2142 1179 2202 berec
1201 2149 1274 2201 esto.

271 2229 375 2306 Incipit
388 2246 454 2286 esse
471 2225 679 2304 quodammodo
691 2217 826 2307 παρῳδή,
843 2225 920 2300 quod
931 2241 1034 2282 nomen
1049 2225 1163 2283 ductum
1179 2241 1195 2282 a
1208 2241 1274 2281 can·

273 2315 338 2372 ticis
368 2313 403 2371 ad
432 2312 552 2370 aliorum
578 2309 788 2369 similitudinem
811 2308 963 2367 modulatis
987 2308 1105 2367 abusive
1137 2309 1221 2367 etiam
1247 2309 1275 2365 in

273 2396 496 2455 versificationis
513 2412 547 2453 ac
563 2410 727 2452 sermonum
748 2394 904 2452 imitatione
921 2402 1062 2452 servatur.
1093 2392 1151 2452 Sed
1167 2392 1316 2458 formas36

274 2497 389 2558 quoque
406 2480 537 2555 fingimus
553 2496 659 2556 saepe,
679 2486 710 2536 ut
729 2475 843 2535 Famam
858 2476 1022 2552 Vergilius,
1044 2486 1075 2534 ut
1088 2475 1274 2554 Voluptatem

273 2583 308 2624 ac
322 2564 464 2622 Virtutem
479 2561 731 2640 (quemadmodum
742 2580 759 2620 a
769 2559 963 2636 Xenophonte
976 2561 1109 2639 traditur)
1123 2560 1274 2634 Prodicus,

272 2658 303 2707 ut
319 2647 441 2706 Mortem
456 2665 491 2705 ac
507 2647 619 2720 Vitam,
643 2664 713 2723 quas
730 2645 938 2704 contendentes
955 2647 983 2703 in
998 2645 1100 2704 Satura
1116 2644 1202 2703 tradit
1216 2641 1273 2702 En·

272 2735 346 2790 nius.
380 2730 432 2790 Est
448 2740 476 2789 et
491 2731 619 2790 incertae
638 2746 782 2807 personae
799 2729 864 2788 licta
883 2731 991 2788 oratio:
1016 2727 1076 2789 Hic
1089 2730 1212 2807 uliquis,
1232 2735 1316 2800 et,37

272 2815 366 2876 Dicat
383 2816 505 2892 aliquis.
537 2813 590 2873 Est
611 2824 639 2874 et
654 2817 745 2873 iactus
761 2815 823 2872 sine
840 2830 966 2890 persona
986 2831 1100 2872 sermo·

327 2898 386 2960 llic
399 2898 548 2977 Dolopum
560 2917 683 2973 manus,
705 2899 755 2958 bic
775 2915 889 2958 cucone
906 2899 1048 2959 tendebat
1061 2894 1203 2957 Acbilles.

273 2984 359 3058 Quod
381 2983 411 3041 lrt
432 2985 552 3042 mixtura
568 2983 737 3059 figurarum,
754 3000 818 3055 cum
834 2983 1057 3063 nooaunouottq
1078 2979 1191 3039 accedit
1210 2976 1271 3052 illa,

273 3086 348 3146 quae
376 3076 421 3126 est
447 3069 583 3126 orationis
610 3084 664 3144 per
683 3065 905 3134 detractionem
931 3066 1088 3125 detractum
1116 3071 1160 3122 est
1188 3063 1273 3135 enim,
1299 3087 1301 3092 ·

273 3154 338 3230 quis
354 3152 474 3211 diceret.
505 3150 636 3210 Vertitur
650 3151 762 3209 interim
776 3152 998 3231 προσωποποιΐα
1019 3147 1192 3224 inspeciem
1208 3162 1273 3203 nar-

272 3235 363 3295 randi.
395 3234 477 3294 Unde
498 3235 572 3312 apud
588 3234 742 3294 historicos
760 3235 942 3310 reperiuntur
964 3231 1100 3308 obliquae
1122 3229 1275 3289 allocutio·

272 3337 343 3379 nes:
360 3328 391 3378 nt
407 3321 434 3377 in
449 3319 482 3378 T.
498 3319 569 3378 Livii
585 3320 677 3396 primo
695 3319 790 3377 statim
813 3316 911 3379 Urbes
928 3332 1047 3393 quoque
1066 3322 1099 3373 ut
1115 3322 1220 3375 cetera
1235 3331 1276 3376 ea

271 3404 374 3482 initiato
388 3405 495 3472 nasci;
517 3404 644 3478 deindo,
667 3418 746 3480 quas
761 3421 820 3463 sua
833 3403 931 3462 uirtus
950 3419 990 3460 aa
1004 3399 1048 3460 clii
1062 3399 1184 3476 iuvent,
1207 3416 1274 3459 tna·

269 3507 352 3568 qnae
370 3507 443 3566 oper
457 3488 515 3548 sibi
529 3503 732 3566 maqnutnque
745 3504 854 3547 namen
867 3484 984 3563 tacere.

360 3573 530 3631 Aversus
561 3588 678 3649 quoque
711 3588 728 3628 a
756 3568 881 3629 indice
911 3584 1054 3642 sermo,
1093 3566 1141 3644 qui
1172 3565 1318 3628 diciturttss

273 3648 463 3736 ἀποστροφή,
485 3657 556 3714 mire
574 3663 687 3730 movet,
711 3656 772 3713 sive
796 3653 980 3712 adversarios
996 3651 1168 3710 invadimus:
1193 3647 1276 3720 Quid

273 3737 353 3806 emin
368 3749 438 3802 tuus
450 3740 520 3817 illo,
547 3738 681 3816 Tubero,
704 3739 736 3799 in
750 3738 819 3799 acic
834 3734 1038 3800 Pharsalica?
1060 3752 1122 3874 app
1142 3732 1178 3792 ad
1194 3733 1274 3790 inro-
