3184 4409
336 443 398 505 272
666 457 1024 518 mnsaomunmmxr
1072 504 1074 509 .

334 631 446 690 apere,
470 612 558 687 dixit,
578 612 635 672 red
648 619 802 693 satagere.
837 611 891 672 Est
914 613 989 673 enim
1008 612 1114 672 dictum
1128 628 1183 690 per
1197 630 1230 671 se
1245 613 1331 673 urba-

334 715 410 771 num,
427 706 586 774 satagere,
609 697 720 754 etiarnsi
733 696 812 755 nulla
824 695 915 755 subsit
932 696 1050 756 alterius
1065 697 1146 756 verbi
1164 696 1329 757 similitudo.

294 778 418 844 sariunt
434 789 462 839 et
483 780 594 839 adiecta
612 788 641 838 et
656 780 785 839 detracta
801 781 978 856 aspiratione
999 789 1028 838 et
1042 780 1140 838 divisis
1157 782 1330 840 coniunctis-

336 882 391 942 que
413 863 510 922 verbis
532 863 662 922 similiter
684 865 802 940 saepius
824 863 943 938 frigida,
962 862 1116 940 aliquando
1137 872 1232 922 tamen
1256 867 1331 923 reci·

335 948 449 1025 pienda.
481 946 649 1023 Eademque
665 946 796 1005 condicio
816 949 903 1005 estin
921 948 974 1021 iis,
996 964 1072 1023 quae
1090 966 1107 1007 a
1124 948 1331 1006 nominibus

334 1031 491 1090 trahuntur.
526 1029 614 1089 lllnlta
633 1049 670 1089 ex
685 1029 742 1089 hoc
760 1029 865 1089 Cicero
881 1032 909 1088 in
923 1029 1060 1105 Verrem,
1085 1031 1137 1091 sed
1157 1039 1189 1088 ut
1208 1030 1243 1090 ab
1266 1032 1331 1091 aliis

334 1114 418 1189 dicta,
435 1108 686 1191 modulatarum,
704 1122 737 1174 ut
757 1116 859 1175 marsia
873 1122 1029 1182 verrem,-
1052 1113 1128 1191 [cum
1142 1115 1289 1174 diceretur
1304 1118 1333 1174 ei

333 1197 459 1276 Verres]
481 1198 566 1257 modo
581 1196 718 1275 Herculi,
735 1215 819 1275 quern
836 1198 1026 1274 expilaverat,
1043 1199 1240 1259 molestiorem
1251 1218 1333 1277 apro

333 1281 537 1360 Erpmnmbio
548 1282 664 1360 saluom·
685 1281 894 1343 modernatum
909 1280 1120 1359 Sacerdotem,
1136 1284 1264 1359 quitum
1278 1303 1332 1344 rte·

334 1383 425 1442 quam
439 1383 558 1426 verrem
569 1367 760 1442 reliquissem
773 1367 839 1443 quia
850 1365 1002 1426 Sacerdoti
1012 1365 1122 1424 Verres
1133 1376 1332 1426 successerat.

291 1457 325 1510 56
334 1448 456 1534 Praebet
476 1458 570 1508 tamen
592 1449 746 1526 aliquando
765 1451 949 1509 occasionem
972 1449 1111 1527 quaedam
1132 1449 1258 1509 felicitas
1273 1450 1333 1509 boc

334 1550 450 1611 quoque
465 1550 575 1608 genere
590 1531 664 1592 bene
680 1533 792 1591 utendi:
809 1541 840 1592 ut
854 1550 907 1611 pro
924 1531 1048 1593 Caecina
1061 1531 1165 1592 Cicero
1181 1535 1209 1591 in
1225 1541 1333 1592 testem

333 1618 403 1675 Sex.
423 1613 553 1675 Clodium
569 1615 777 1690 Phormionem,
796 1613 970 1677 Neomr'aur
980 1619 1079 1696 niger,
1095 1618 1195 1694 inquit,
1206 1618 1332 1678 aecum·

331 1701 391 1760 moa
406 1699 561 1776 confidem
577 1717 668 1777 quom
683 1710 727 1761 eat
740 1701 790 1761 illc
808 1698 1007 1761 Terentianus
1021 1699 1167 1762 Phormio.
1268 1711 1271 1717 “

290 1789 325 1844 st
416 1782 539 1842 Acriora
566 1785 652 1860 igitur
676 1793 740 1843 sunt
764 1792 793 1842 et
815 1784 1012 1860 elegantiora,
1038 1802 1112 1861 quae
1128 1783 1276 1842 trahuntur
1293 1802 1333 1842 ex

332 1867 480 1924 virerum.
516 1866 547 1925 ln
568 1867 611 1927 his
632 1869 752 1927 maxime
779 1867 858 1927 valet
880 1868 1106 1943 similitudo,
1129 1870 1154 1927 si
1178 1876 1272 1926 tamen
1294 1867 1331 1926 ad

332 1949 439 2027 aliquid
455 1952 573 2010 inferius
589 1952 740 2028 leviusque
754 1950 911 2018 referatnr3
931 1970 1004 2030 quae
1020 1953 1074 2011 ianr
1088 1961 1208 2010 veteres
1225 1950 1269 2009 illi
1286 1953 1330 2009 io·

333 2033 487 2110 dabantur,
510 2037 558 2112 qui
581 2035 729 2095 lentulum
747 2034 938 2113 Spirttbcrem
957 2044 987 2094 et
1001 2036 1165 2112 Scipionem
1179 2032 1330 2112 Serapio·

330 2137 399 2178 rtem
420 2136 487 2177 esse
507 2119 649 2193 dixerunt.
687 2119 745 2180 Sed
763 2138 796 2178 ea
812 2135 870 2178 non
888 2118 924 2178 ab
942 2119 1100 2178 hominibus
1119 2118 1204 2178 modo
1220 2120 1330 2194 petitur

331 2219 430 2261 verum
452 2205 537 2261 etiam
555 2202 590 2262 ab
616 2203 801 2278 animalibus,
824 2212 855 2261 nt
875 2203 959 2262 nobis
979 2205 1076 2280 pueris
1098 2202 1193 2262 lunius
1207 2201 1327 2277 Bassus',

290 2285 415 2348 titlromo
432 2286 557 2362 inprimis
575 2287 668 2361 dicax,
684 2284 797 2347 Asinus
808 2287 899 2348 addua
912 2287 1079 2345 vocabatur.
1111 2285 1148 2345 Et
1161 2286 1329 2367 Sarmentus

332 2388 383 2427 seu
404 2368 434 2427 P.
457 2369 576 2428 Blessus
599 2369 714 2445 Iulium,
742 2369 885 2430 hominem
904 2372 1015 2446 nigrum
1031 2379 1060 2428 et
1071 2386 1197 2429 macrum
1212 2377 1242 2426 et
1259 2387 1329 2446 pan-

333 2453 407 2523 dum,
422 2452 545 2529 fibulam
560 2453 695 2531 ferreum
711 2454 791 2514 dixit.
822 2453 907 2526 Quod
923 2472 997 2514 nunc
1011 2456 1086 2513 risus
1101 2453 1218 2531 petendi
1234 2471 1329 2528 genus

290 2535 592 2612 59frequentissimum
620 2546 673 2596 est.
721 2537 882 2597 Adhibetur
910 2548 1005 2597 autem
1031 2537 1185 2597 similitudo
1213 2537 1329 2595 interim

333 2620 443 2697 palam,
465 2622 575 2679 interim
597 2622 684 2681 inseri
705 2622 783 2680 solet
802 2621 974 2699 parabolae;
996 2624 1075 2681 cuius
1096 2631 1141 2680 est
1159 2623 1278 2697 generis
1301 2619 1329 2679 id

333 2703 470 2778 Augusti,
493 2707 540 2780 qui
555 2706 635 2764 militi
652 2705 780 2764 libellum
801 2707 898 2766 timide
918 2708 1093 2783 porrigenti,
1115 2703 1202 2780 lllolr‘,
1225 2707 1326 2782 inquit,

291 2790 446 2863 oortmere,
467 2792 557 2864 quusi
570 2809 669 2851 uorem
686 2791 845 2868 elepbuuto
861 2792 926 2852 dea.
965 2792 1036 2851 Sunt
1057 2789 1196 2867 quaedam
1211 2791 1275 2848 veri
1291 2791 1328 2847 si·

333 2871 422 2936 milia;
447 2872 520 2931 unde
540 2873 669 2933 Vatinius
691 2874 761 2934 dixit
784 2875 841 2934 hoo
862 2875 983 2950 dictum,
1004 2893 1066 2933 cum
1081 2892 1160 2948 reus,
1177 2882 1284 2948 agente
1300 2874 1328 2931 in

334 2973 398 3013 eunr
416 2953 522 3031 Calvo,
548 2957 671 3017 frontem
693 2959 812 3017 candido
828 2959 943 3018 sudario
963 2967 1109 3034 tergeret,
1133 2957 1218 3033 idque
1235 2957 1329 3033 ipsum

334 3049 486 3098 accusator
500 3041 527 3098 in
543 3043 674 3102 invidiam
691 3052 822 3117 vocaret,
840 3041 985 3114 Quamvis
998 3061 1071 3102 rcus
1084 3061 1166 3116 sum,
1182 3040 1285 3116 inquit,
1300 3047 1330 3098 et

291 3134 441 3202 (ilpuuem
467 3124 635 3186 condidam
655 3127 721 3186 edo.
768 3125 870 3186 Adhuc
896 3136 941 3185 est
961 3125 1094 3185 subtilior
1113 3125 1163 3184 illa
1184 3143 1222 3182 cx
1243 3122 1329 3181 sirnili

334 3208 499 3277 translatio,
523 3227 600 3284 cum,
623 3209 699 3286 quod
716 3210 744 3266 in
759 3209 814 3269 alia
829 3228 860 3268 re
878 3210 940 3268 lieri
957 3210 1051 3284 solet,
1074 3211 1102 3268 in
1120 3209 1203 3268 aliam
1218 3216 1328 3266 mutua-

333 3310 404 3349 mur.
435 3291 477 3350 Ea
493 3292 602 3352 dicatur
618 3310 687 3352 sane
707 3293 831 3353 fictio:
847 3301 878 3352 ut
895 3292 1090 3371 Chrysippus,
1110 3311 1172 3351 curn
1187 3293 1216 3350 in
1230 3293 1328 3350 trium·

334 3375 391 3452 pho
413 3374 546 3435 Caesaris
568 3377 675 3435 eborea
697 3376 803 3453 oppida
826 3387 924 3437 essent
944 3377 1097 3450 translata,
1120 3385 1148 3435 et
1174 3384 1241 3453 post
1264 3374 1329 3433 dies

334 3477 443 3536 paucos
465 3457 545 3517 Fabii
563 3458 676 3517 Maximi
697 3459 810 3535 lignea,
832 3461 937 3522 tbecus
958 3480 1027 3523 esse
1047 3462 1227 3539 oppidorum
1250 3455 1329 3518 Cas·

333 3545 416 3603 sams
431 3543 509 3600 dixit.
539 3538 576 3599 Et
592 3542 669 3602 Pedo
687 3542 722 3601 de
737 3541 922 3619 mirmillone,
940 3547 988 3622 qui
1003 3546 1148 3604 retiarium
1164 3559 1328 3618 conseque·

292 3625 416 3686 bibatur
436 3642 490 3682 nec
516 3624 654 3701 feriebat,
678 3625 798 3699 Vicum,
826 3626 929 3703 inquit,
952 3647 1066 3705 cupere
1086 3628 1158 3688 urta
1197 3625 1329 3702 lungitur

320 3707 522 3784 amphiboliae
536 3710 704 3789 similitudo,
726 3719 756 3770 ut
771 3727 788 3770 a
805 3708 835 3771 1..
853 3709 957 3788 Galba,
977 3714 1025 3790 qni
1040 3713 1126 3792 pilam
1142 3710 1329 3789 negligenter
