3184 4409
331 455 391 516 242
533 455 545 476 ¹
646 466 772 540 mpure
786 465 1004 527 Qumummnt

332 642 388 702 que
407 623 434 683 ei
449 621 577 701 protinus
593 619 807 699 probationem,
824 621 910 700 quale
926 638 978 700 pro
994 620 1120 698 Ligario,
1140 618 1283 684 Causam

331 708 443 783 dubio,
464 707 545 785 qaod
560 711 628 766 erat
641 707 759 783 aliquid
777 707 811 765 c'rt
825 714 955 783 ott-apoc
966 715 1074 783 porte,
1096 707 1177 783 quod
1188 707 1283 783 probe

328 800 448 870 possem
461 809 543 850 nunc
556 791 660 850 medior
672 806 710 850 eo
718 789 891 849 iudicando
902 797 957 865 est,
972 806 1064 866 qoam
1075 792 1166 849 ctiam
1176 791 1223 850 dii
1233 793 1283 850 adr

329 884 451 943 coruom
471 873 558 933 habet
580 875 654 931 enim
675 873 815 931 rationem
841 879 871 930 et
893 873 1136 949 propositionem,
1158 889 1217 932 non
1233 872 1283 932 hai

302 958 553 1020 tconoiusionem.
591 955 646 1019 ,lta
672 964 717 1014 est
742 954 793 1014 ille
819 955 1005 1031 imperfectus
1031 956 1229 1033 syllogismus.
1277 956 1283 1014 i

268 1078 272 1086 ·
330 1039 581 1120 pugnantibus
598 1055 685 1113 vero,
702 1039 881 1117 quodetiam
899 1039 992 1097 sotum
1007 1039 1187 1114 enthymema
1207 1041 1283 1117 quida

328 1134 449 1200 vocant,
474 1124 577 1183 iortior
591 1121 679 1181 multo
700 1120 834 1200 probatio
853 1131 907 1181 est.
945 1121 1017 1182 Tale
1034 1131 1080 1181 est
1099 1121 1251 1182 Ciceronis
1267 1142 1283 1202 p

328 1207 451 1268 Milone:
474 1204 552 1267 Eius
571 1207 664 1283 ipitor
678 1207 782 1266 mortis
795 1207 909 1267 sedetis
924 1207 1053 1281 otiores,
1076 1208 1164 1267 catos
1180 1209 1278 1268 eitam

302 1300 319 1354 3
328 1294 440 1370 potetis
451 1309 510 1368 per
523 1307 577 1350 cos
590 1289 709 1350 restitui
723 1307 830 1366 posse,
850 1289 960 1350 nolitis.
1001 1289 1084 1362 Quod
1104 1289 1220 1367 quidem
1236 1291 1283 1348 eti:

330 1375 480 1452 aliquando
496 1373 678 1450 multiplicari
693 1371 786 1447 solet,
810 1380 841 1430 ut
861 1381 907 1432 est
929 1371 965 1431 ab
984 1373 1087 1433 eodem
1102 1381 1131 1431 et
1145 1390 1199 1450 pro
1218 1374 1283 1433 eodt

329 1476 381 1517 reo
399 1458 520 1517 factum:
550 1454 645 1529 Quem
658 1457 751 1535 ipitor
766 1474 835 1516 cum
849 1457 980 1516 omnium
994 1459 1099 1535 pratia
1113 1457 1226 1533 moluit,
1241 1458 1282 1518 lto

328 1542 420 1602 coluit
441 1561 509 1602 com
530 1542 703 1617 adquorum
729 1540 878 1617 poeretat
904 1555 992 1618 quem
1017 1542 1104 1615 iore,
1129 1557 1218 1617 poem
1244 1543 1283 1602 lor

330 1642 417 1702 qoem
431 1632 579 1702 tempore,
601 1639 688 1700 qoem
704 1624 826 1700 impunc
838 1642 899 1684 ooo
914 1631 960 1684 est
973 1642 1084 1697 ocsus,
1099 1624 1180 1684 donc
1194 1625 1283 1684 icium

328 1709 431 1785 iniquo
447 1709 528 1782 loco,
549 1707 650 1768 alieno
662 1712 812 1784 tempore,
832 1708 1050 1786 comperiente
1064 1709 1174 1784 capitis
1187 1727 1249 1768 oco
1265 1716 1283 1768 d

301 1793 434 1856 dbitocc't
448 1791 611 1852 occidere?
639 1788 781 1867 Optimum
796 1798 891 1850 autem
905 1791 1018 1867 videtur
1035 1789 1255 1865 enthymematis
1272 1811 1283 1868 g

328 1893 392 1949 nus,
411 1893 473 1933 oum
489 1876 516 1932 in
532 1874 731 1952 propositione
747 1873 877 1933 dissimili
891 1874 940 1934 vei
956 1876 1098 1935 contraria
1113 1875 1187 1933 ratio
1205 1875 1283 1934 subit

328 1961 413 2037 gitur,
430 1958 515 2037 quale
536 1967 582 2018 est
596 1957 816 2016 Demosthenis:
836 1954 904 2018 Noc
928 1959 1022 2033 enim,
1043 1960 1073 2019 ci
1094 1959 1283 2035 quidamque

329 2051 435 2103 contro
454 2043 535 2120 tepeo
556 2050 658 2103 actum
681 2049 741 2117 est,
759 2042 854 2118 idque
873 2047 905 2102 tu
926 2060 959 2102 es
978 2042 1127 2115 imitatos,
1149 2040 1274 2103 idcirco

328 2127 465 2188 convenit
483 2145 584 2203 poeno
604 2126 751 2196 liberam
770 2125 844 2202 poio
863 2144 881 2186 c
899 2127 1052 2186 contrario
1067 2125 1213 2186 damnari
1232 2145 1282 2186 mo

327 2212 434 2289 mapis.
472 2207 552 2271 Nam
566 2217 615 2285 ut,
636 2211 664 2269 sc'
679 2210 747 2287 puis
769 2226 874 2269 eorum
895 2209 1059 2270 damnatus
1075 2215 1173 2283 essct,
1197 2217 1231 2270 tc
1244 2210 1283 2270 Ιια

327 2295 588 2373 conscripsissem
598 2295 652 2368 ito,
665 2292 830 2353 damnatos
839 2299 872 2352 tat
880 2293 909 2351 oi
918 2289 1025 2366 pitens,
1038 2311 1096 2353 noo
1106 2293 1222 2354 scribet
1232 2294 1283 2353 otti

300 2392 315 2442 5
411 2375 714 2455 Epichirematos
737 2383 766 2434 et
782 2383 917 2453 quattuor
933 2384 962 2434 et
977 2377 1102 2454 quinque
1119 2385 1147 2434 et
1166 2394 1222 2435 sex
1237 2377 1283 2434 etit

328 2460 422 2519 iactae
439 2469 504 2518 sunt
518 2469 616 2537 partes
632 2477 648 2518 a
665 2457 842 2538 quibusdam.
870 2456 974 2518 Cicero
991 2461 1113 2518 maxime
1129 2460 1258 2538 quinque
1273 2460 1283 2519 ί

327 2542 433 2618 iendit,
462 2551 492 2601 ut
507 2544 543 2602 sit
560 2544 722 2620 propositio
747 2542 851 2603 deinde
870 2544 944 2601 ratio
967 2543 1029 2601 eius
1045 2552 1102 2601 tum
1117 2545 1277 2620 assumptio

328 2628 390 2684 eius
405 2626 549 2705 probatio,
566 2627 663 2705 quinta
678 2626 842 2704 complexio
849 2647 859 2693 -;
876 2628 942 2704 quia
956 2642 1028 2685 vero
1044 2626 1156 2684 interim
1171 2634 1202 2686 et
1214 2644 1283 2704 prop

328 2711 393 2768 sitio
411 2727 468 2768 non
477 2719 564 2787 egeat
574 2711 692 2769 rationis
705 2719 734 2769 et
746 2710 903 2786 assumptio
916 2711 1104 2788 probationis,
1119 2726 1283 2787 nonnunqut

329 2794 413 2851 etiam
429 2792 631 2870 complexione
647 2811 719 2871 opus
733 2810 790 2852 non
806 2793 857 2852 sit:
880 2802 909 2852 et
921 2794 1156 2871 quadripertitam
1169 2803 1201 2851 et
1217 2795 1283 2870 trip·

300 2878 405 2941 6titam
421 2886 450 2936 et
465 2877 627 2954 bipertitam
643 2894 758 2955 quoque
782 2876 845 2935 fieri
860 2893 949 2954 posse
965 2877 1223 2936 ratiocinationem.
1254 2876 1283 2935 Μ

328 2969 357 3019 et
377 2960 506 3038 pluribus
527 2962 707 3028 nihilominus
730 2959 896 3019 auctoribus
917 2968 996 3019 tres
1019 2979 1156 3020 summum
1175 2959 1283 3020 videnti

326 3043 397 3104 Nam
418 3046 455 3104 ita
478 3063 512 3104 sc
533 3044 620 3104 habet
640 3046 695 3103 ista
724 3053 840 3118 natura,
863 3051 894 3102 ut
917 3044 969 3119 sit,
992 3044 1102 3122 dequo
1120 3053 1278 3122 quaeratur

326 3146 381 3206 per
396 3130 472 3206 quod
487 3128 640 3206 probetur;
665 3129 778 3187 tertium
799 3127 885 3186 adiici
906 3136 1005 3204 potest
1027 3127 1107 3202 velut
1123 3146 1160 3187 ex
1176 3144 1283 3186 consen

327 3212 446 3270 duorum
463 3213 700 3272 antecedentium.
736 3210 779 3270 Ita
802 3211 856 3269 erit
876 3211 966 3288 prima
987 3213 1170 3284 intentio,
1192 3228 1283 3270 secun

327 3297 542 3373 assumptio,
564 3298 649 3356 tertia
673 3295 867 3354 connexio.
913 3294 986 3354 Nam
1008 3295 1187 3355 confirmatio
1212 3296 1283 3373 prim

327 3394 362 3434 ac
376 3378 520 3438 secundae
536 3381 625 3458 partis
641 3379 790 3438 exornatio
812 3387 841 3436 et
857 3377 966 3437 eisdem
982 3378 1089 3438 cedere
1104 3386 1243 3457 possunt,
1261 3397 1283 3456 q*

298 3459 381 3522 ibus
398 3460 591 3521 subiiciuutur.
628 3463 775 3543 sumamus
800 3463 873 3520 enim
895 3480 932 3521 ex
948 3461 1091 3523 Cicerone
1113 3463 1240 3541 quinque
1257 3481 1283 3540 pr

326 3544 393 3602 tium
411 3546 587 3622 exemplum:
609 3543 718 3607 Metios
738 3546 950 3624 pcbmmootcr
963 3566 1017 3621 ea,
1034 3565 1113 3625 puae
1128 3548 1283 3608 coactior

323 3634 439 3705 puotor
465 3645 554 3706 qoam
579 3646 658 3707 quoe
688 3630 753 3689 sine
779 3630 901 3690 concilio
929 3630 1194 3692 administrantur.
1241 3629 1283 3688 Ha

320 3713 444 3790 primam
458 3722 571 3793 partem
586 3721 747 3782 numerant;
770 3731 833 3772 eam
855 3713 994 3794 deinceps
1012 3713 1171 3776 rationibus
1186 3714 1276 3774 variis
