3184 4409
571 496 660 544 rusa.
680 490 828 545 caunos.
842 497 969 571 maru,
986 495 1012 548 3.
1233 485 1294 545 213

246 645 274 725 F
294 653 363 713 dum
379 651 439 711 dari
454 660 575 728 possunt
592 659 633 709 tot
651 649 782 709 civilibus
801 649 904 709 officiis
922 659 1081 727 occupato,
1106 670 1160 710 neo
1173 671 1295 731 praepa-

246 732 275 773 Ἰ
292 753 363 796 rare
379 735 414 794 ab
431 735 492 793 imis
509 735 586 792 sonis
602 751 705 793 vocem
721 733 756 793 ad
773 751 913 808 summos,
938 752 993 792 nec
1009 752 1125 811 semper
1146 754 1161 793 a
1178 747 1295 796 conten·

252 819 275 895 ,Ι
292 820 375 879 tione
402 818 528 878 condere
551 818 635 892 licet,
665 835 728 876 cum
749 808 1012 895 pluribus'iudioiis
1035 834 1124 894 saepe
1147 819 1296 879 dicendum

251 902 343 964 asic.
383 901 428 962 Ne
451 902 579 961 ciborum
601 901 715 979 quidem
736 909 781 959 est
803 901 903 961 eadem
925 900 1100 959 observatio.
1136 899 1200 960 Nou
1223 905 1337 962 enim23

246 986 352 1064 [¹tam
372 985 453 1045 molli
475 994 633 1063 teneraque
652 1000 727 1044 voce
750 1002 834 1061 quam
854 984 921 1044 forti
943 1002 977 1042 ac
997 983 1119 1042 durabili
1140 1001 1213 1062 opus
1234 995 1294 1056 est;

246 1070 271 1111 Ε
294 1089 362 1130 cum
378 1069 420 1129 illi
435 1086 533 1128 omnes
550 1071 635 1128 etiam
650 1069 804 1127 altissimos
820 1085 909 1126 sonos
925 1067 1031 1126 leniant
1047 1077 1131 1127 cautu
1149 1069 1222 1144 oris,
1244 1087 1295 1128 uo·

246 1155 269 1214 l¹
292 1154 340 1213 bis
361 1153 500 1231 pleraque
522 1170 626 1230 aspere
646 1153 703 1210 sint
723 1152 924 1229 concitateque
945 1151 1064 1210 dicenda
1088 1161 1116 1211 et
1133 1151 1295 1228 vigilandae

256 1244 267 1281 i
292 1246 398 1298 noctes
414 1245 442 1296 et
457 1237 548 1314 fuligo
565 1235 790 1295 lucubrationum
805 1234 928 1294 bibenda
947 1244 975 1293 et
990 1236 1018 1293 in
1029 1235 1128 1294 sudata
1144 1244 1234 1294 veste*
1245 1236 1294 1295 du·

246 1326 265 1383 ,Ι
291 1320 422 1385 randum.
456 1319 552 1392 Quare
571 1337 675 1378 vocem
690 1319 802 1378 deliciis
818 1335 876 1376 non
889 1318 1065 1392 molliamus,
1084 1337 1138 1378 uec
1156 1319 1337 1379 imbuatur24

246 1392 262 1451 ὓ
293 1422 332 1463 ea
355 1404 580 1478 consuetudine,
610 1421 694 1482 quam
715 1402 865 1462 desertura
885 1404 936 1466 sit:
965 1402 1018 1461 sed
1039 1403 1209 1461 exercitatio
1231 1405 1293 1462 eius

246 1496 259 1536 t
292 1488 362 1547 talis
377 1489 413 1547 sit
429 1487 521 1564 qualis
542 1505 627 1561 nsua,
650 1504 705 1545 nec
720 1486 836 1544 silentio
859 1484 987 1544 subsidat
1008 1485 1060 1544 sed
1081 1486 1207 1544 iirmetur
1226 1503 1293 1545 con·

246 1600 253 1619 ι
293 1571 465 1645 suetudine,
495 1589 550 1648 qua
573 1570 727 1630 difficultas
749 1571 840 1628 omnis
861 1568 982 1629 levatur.
1020 1568 1162 1628 Edissere
1189 1576 1335 1644 autem,25

246 1666 255 1707 ι
294 1672 353 1733 quo
370 1657 546 1729 exercearis,
564 1656 618 1714 erit
634 1656 784 1732 optimum;
800 1671 864 1712 nam
882 1671 918 1712 ex
930 1661 1061 1730 tempore
1078 1652 1208 1712 dicentes
1225 1672 1293 1714 avo·

293 1748 343 1798 cat
360 1755 376 1798 a
392 1756 460 1798 cura
475 1737 634 1813 vocisille,
651 1739 699 1815 qui
716 1755 754 1796 ex
767 1736 855 1796 rebus
872 1739 943 1815 ipsis
960 1737 1135 1814 concipitur,
1156 1737 1292 1804 allectus:

295 1831 327 1882 et
346 1822 478 1882 ediscere
504 1839 586 1899 quam
607 1822 729 1880 maxime
751 1821 847 1895 varia,
873 1839 947 1898 quae
972 1830 1002 1879 et
1023 1821 1179 1880 clamorem
1201 1831 1230 1880 ct
1253 1821 1293 1881 di·

293 1907 487 1983 sputationem
503 1915 532 1964 et
547 1921 708 1964 sermonem
724 1913 753 1962 et
764 1903 858 1962 aeuus
870 1903 1004 1978 habeant,
1021 1913 1050 1962 ut
1061 1904 1143 1963 simul
1159 1907 1187 1963 in
1202 1906 1294 1964 omnia

292 2007 437 2069 paremur.
468 1988 531 2048 Hoc
547 1990 615 2048 satis
632 1997 685 2047 est.
717 1987 836 2064 Alioqui
853 1987 940 2047 nitida
953 1987 1003 2046 illa
1020 1997 1049 2045 et
1067 1997 1164 2047 curata
1178 2005 1237 2047 vox
1254 1991 1335 2048 into

292 2073 409 2132 solitum
425 2072 553 2132 laborem
572 2070 734 2146 recusabit,
755 2080 785 2131 ut
801 2078 916 2129 assueta
931 2071 1085 2147 gymnasiis
1101 2078 1130 2129 et
1146 2070 1213 2130 oleo
1230 2088 1293 2131 cor·

292 2174 384 2235 pora,
407 2156 562 2234 quamlibet
579 2157 634 2214 sint
651 2157 679 2214 in
696 2155 754 2212 suis
773 2153 973 2214 certaminibus
990 2155 1125 2231 speciosa
1143 2163 1228 2232 atque
1247 2170 1293 2212 ro·

258 2282 260 2286 -
293 2240 389 2315 busta,
406 2242 430 2298 si
445 2241 567 2298 militare
582 2241 638 2299 iter
653 2239 821 2316 fascemque
837 2247 866 2296 et
880 2237 993 2314 vigilias
1008 2239 1144 2314 imperes,
1161 2237 1294 2296 deliciunt

295 2333 325 2383 et
346 2332 483 2401 quaerant
503 2332 641 2382 unctores
662 2338 731 2382 suos
752 2321 914 2399 nudumque
936 2320 1079 2381 sudorem.
1112 2320 1165 2380 llla
1181 2322 1334 2399 quidembi

294 2410 322 2467 in
339 2407 395 2466 hoo
412 2424 503 2485 opero
517 2408 647 2484 praecipi
665 2406 728 2484 quis
743 2405 828 2480 ierat,
844 2405 976 2465 vitandos
992 2404 1072 2464 soles
1089 2413 1174 2481 atque
1188 2411 1293 2465 ventos

297 2500 326 2551 et
340 2490 437 2550 nubila
460 2491 545 2549 etiam
566 2508 601 2550 ao
624 2486 792 2549 siccitates?
822 2488 880 2563 lta,
902 2489 927 2547 si
943 2487 1096 2547 dicendum·
1113 2489 1141 2546 in
1158 2488 1222 2549 sole
1247 2497 1302 2548 aut·

295 2585 436 2649 ventoso,
462 2573 594 2649 humido,
618 2573 712 2633 calido
732 2573 778 2632 die
793 2573 897 2647 fuerit,
919 2588 987 2630 reos
1008 2569 1197 2631 deserenms?
1222 2571 1295 2632 Nam

297 2659 415 2718 crudum
437 2658 552 2736 quidem
568 2666 616 2718 aut
631 2665 757 2717 saturum
776 2664 824 2717 aut
841 2655 951 2715 ebrium
966 2664 1013 2715 aut
1030 2657 1126 2715 eiecto
1141 2655 1226 2715 modo
1242 2673 1293 2715 vo·

294 2743 376 2816 mitu,
394 2759 469 2818 quae
487 2741 614 2801 cavenda
629 2740 741 2819 quidam
756 2749 882 2814 monent,
899 2738 1062 2808 declamare
1078 2740 1229 2815 neminem,
1246 2741 1293 2818 qui

296 2826 332 2883 sit
347 2828 448 2884 mentis
466 2842 604 2903 compos,
628 2833 708 2903 puto.
746 2823 820 2884 Illud
835 2840 891 2881 non
908 2824 970 2882 sinc
990 2839 1075 2882 causa
1095 2832 1139 2882 est
1154 2822 1189 2883 ab
1206 2822 1336 2890 omui-28

296 2907 349 2966 bus
371 2918 575 2987 praeceptum,
597 2918 627 2967 ut
648 2917 782 2986 parcatur
801 2908 923 2967 maxime
937 2908 1005 2966 voci
1025 2907 1052 2966 in
1070 2906 1121 2966 illo
1137 2925 1154 2967 a
1171 2907 1295 2984 pueritia

296 2992 325 3048 in
340 2991 564 3052 adolescentiam
578 2994 717 3067 transitu,
734 2993 799 3069 quia
813 2990 980 3051 naturaliter
994 2991 1162 3068 impeditur,
1178 3007 1247 3064 uon,
1265 2996 1296 3048 ut

296 3073 435 3150 arbitror,
452 3085 573 3154 propter
588 3076 731 3150 calorem,
749 3074 827 3152 quod
842 3073 955 3151 quidam
970 3082 1154 3151 putaveruut;
1171 3090 1234 3133 nam
1250 3080 1296 3133 est

295 3158 386 3215 maior
401 3158 485 3227 alias;
503 3160 554 3219 sed
570 3167 691 3236 propter
705 3156 852 3217 humorem
868 3159 977 3235 potius:
1000 3175 1063 3216 nam
1078 3157 1134 3216 hoc
1149 3165 1229 3216 aetas
1245 3156 1293 3216 illa

294 3243 444 3315 turgescit.
478 3241 579 3319 Itaque
601 3259 685 3300 nares
703 3242 786 3300 etiam
805 3258 840 3300 ae
855 3249 957 3318 pectus
975 3257 1011 3299 eo
1027 3249 1159 3318 tempore
1174 3246 1334 3314 tument,29

296 3332 383 3399 atque
405 3327 497 3384 omnia
518 3325 599 3384 velut
620 3327 780 3401 germinant
801 3341 895 3402 eoque
917 3333 982 3383 sunt
1002 3333 1102 3383 tenera
1123 3332 1153 3383 et
1174 3324 1292 3383 iniuriae

296 3406 430 3466 obnoxia.
468 3408 542 3482 Sed,
567 3416 599 3467 ut
619 3407 655 3467 ad
677 3409 856 3486 propositum
878 3407 1009 3480 redeam,
1031 3410 1086 3466 iam
1110 3407 1292 3468 confirmatae

296 3491 526 3568 constitutaeque
537 3492 619 3549 vocis
631 3509 722 3568 genus
735 3492 951 3550 exercitationis
963 3492 1098 3568 optimum
1109 3490 1194 3566 duco,
1214 3491 1292 3569 quod
1329 3517 1332 3525 ·

295 3583 340 3634 est
356 3577 437 3652 operi
461 3573 646 3650 simillimum,
668 3574 765 3634 dicere
786 3575 891 3634 cotidie
912 3575 987 3632 sicut
1007 3575 1126 3651 agimus.
1161 3573 1291 3652 Namque

294 3659 351 3718 hoc
366 3659 451 3718 modo
465 3674 521 3716 non
532 3675 591 3717 vox
605 3667 711 3718 tantum
726 3658 909 3718 confirmatur
920 3667 948 3716 et
959 3655 1044 3733 latus,
1062 3658 1114 3717 sed
1130 3659 1215 3717 etiam
1226 3674 1290 3716 cor·

294 3744 374 3822 poris
393 3743 502 3803 decens
518 3751 548 3802 et
565 3742 794 3802 accommodatus
811 3742 933 3801 orationi
948 3750 1042 3801 motus
1058 3742 1247 3819 componitur.
