3184 4409
500 466 589 515 msa.
608 467 756 516 onuuon.
773 469 842 514 nuc.
858 468 930 531 v111,
945 463 972 516 a.
1179 456 1217 516 61

274 640 307 680 e.
340 619 405 679 Noa
422 620 496 678 enim
513 623 582 679 satis
599 620 689 680 elficit
704 639 815 698 neque,
830 630 860 681 ut
876 620 973 694 debet,
990 620 1076 697 plene
1094 624 1218 683 domina-

283 706 390 779 oratio‚
408 705 432 762 si
448 722 539 782 usque
559 705 594 765 ad
613 723 696 764 aures
712 707 807 779 valet,
832 714 917 781 atque
939 721 973 762 ea
988 704 1042 763 sibi
1059 707 1161 781 iudex,
1184 708 1220 766 de

274 788 330 846 bus
347 788 509 865 cognoscit,
525 790 634 847 narrari
651 789 740 847 credit
755 805 812 847 non
830 789 948 864 exprimi
965 796 993 845 et
1012 789 1103 847 oculis
1116 793 1218 849 mentis

274 871 348 930 endi.
391 870 449 930 Sed
482 873 614 947 quoniam
642 872 771 950 pluribus
801 872 893 931 modis
922 873 1015 948 accipi
1046 872 1136 931 solet:
1163 882 1261 935 nouos

274 955 360 1014 iidem
376 956 403 1013 in
418 971 518 1014 omnes
537 973 599 1015 eam
616 956 771 1033 particulas
789 954 914 1030 secabo,
935 973 1052 1031 quarum
1068 957 1217 1017 ambitiose

275 1038 426 1097 uibusdam
446 1057 580 1097 numerus
601 1047 736 1115 augetur,
762 1039 815 1099 sed
834 1041 955 1097 maxime
978 1043 1162 1098 necessarias
1178 1050 1218 1099 at-

274 1140 340 1197 ram.
376 1121 429 1180 Est
444 1123 530 1199 igitur
544 1141 628 1181 unum
643 1140 826 1202 genuquuo
842 1132 902 1183 tota
919 1140 1014 1181 rerum
1031 1125 1125 1197 imago
1148 1141 1217 1201 quo-

274 1205 374 1266 nmodc
392 1205 488 1265 verbis
504 1205 680 1284 depingitur:

326 1287 464 1351 Constitit
479 1291 515 1350 in
539 1292 647 1368 dipilos
664 1292 812 1368 extemplo
827 1300 968 1350 arrectus
984 1298 1111 1366 uterque

274 1383 384 1448 cetera,
409 1391 482 1451 quae
505 1372 588 1432 nobis
609 1374 686 1433 illam
708 1375 836 1450 pugilum
854 1372 1099 1449 congredientium
1114 1373 1216 1434 faciem

279 1457 445 1532 ostendunt,
464 1466 565 1516 utnon
581 1457 688 1517 clarior
704 1458 797 1516 lutura
813 1459 900 1517 fuerit
916 1456 1123 1534 spectantibus.
1154 1457 1259 1521 Plu-64

275 1558 323 1600 um
348 1543 376 1599 in
401 1541 460 1601 hoc
480 1559 590 1617 genere
613 1543 687 1600 sicut
708 1543 736 1598 in
756 1544 862 1600 ceteris
886 1543 990 1600 eminet
1012 1539 1127 1600 Cicero.
1172 1541 1217 1600 An

274 1642 374 1702 squam
393 1633 450 1684 tam
464 1625 569 1702 procul
586 1642 602 1684 a
619 1626 815 1702 concipiendis
830 1624 998 1702 imaginibus
1014 1643 1108 1684 rerum
1123 1624 1216 1700 abest,

274 1725 348 1784 non,
371 1726 434 1768 cum
458 1707 507 1767 illa
528 1711 557 1768 in
579 1709 702 1768 Verrem
723 1708 811 1785 legit:
833 1709 921 1770 Stetit
943 1709 1076 1770 soleatus
1087 1719 1217 1786 praetor

274 1794 328 1855 tuli
342 1791 473 1855 Rontuni
488 1811 556 1855 cum
571 1795 664 1871 pullio
677 1812 836 1872 purpureo
855 1796 1016 1871 tunicaque
1038 1794 1132 1853 talari
1150 1813 1216 1854 mu*

273 1879 353 1938 cula
367 1881 460 1938 ninus
473 1879 505 1937 iu
522 1879 626 1952 litore,
648 1894 705 1935 non
723 1877 822 1935 solum
831 1879 912 1955 ipsos
927 1878 1029 1936 intueri
1042 1873 1172 1936 videatur
1188 1887 1217 1936 et

274 1979 320 2019 um
336 1969 365 2019 et
385 1960 510 2021 habitum
533 1961 585 2020 sed
601 1959 739 2038 quaedam
755 1962 839 2020 etiam
855 1979 892 2019 ex
907 1963 959 2035 iis,
981 1978 1054 2037 quae
1070 1961 1145 2019 dicta
1160 1979 1216 2020 non

276 2054 303 2120 t,
325 2044 380 2104 sibi
401 2047 464 2123 ipse
486 2043 614 2104 astruat?
651 2044 715 2121 Ego
741 2054 821 2104 certe
841 2045 908 2103 mihi
929 2063 1051 2103 cernere
1071 2045 1174 2103 videor
1189 2055 1258 2108 et65

274 2139 329 2187 tum
345 2138 374 2187 et
388 2129 491 2188 oculos
512 2139 541 2188 et
559 2129 704 2188 deformes
721 2131 869 2205 utriusque
887 2128 1038 2193 blanditias
1061 2137 1215 2204 eteorum,

290 2212 425 2288 aderant,
446 2214 560 2272 tacitam
577 2214 786 2272 aversationem
809 2230 844 2271 ac
866 2203 989 2271 timidam
1004 2214 1214 2272 verecundiam.

274 2297 339 2355 erim
357 2314 394 2354 ex
408 2296 537 2375 pluribus
556 2297 678 2355 eflicitur
693 2296 759 2372 illa,
782 2313 866 2373 quam
889 2313 1024 2354 conamur
1042 2297 1258 2372 exprimere,66

274 2381 324 2454 les,
343 2389 373 2438 ut
389 2390 433 2439 est
449 2381 523 2458 apud
540 2379 660 2439 eundem
682 2381 825 2457 (namque
840 2381 874 2439 ad
891 2381 1013 2438 omnium
1028 2380 1145 2438 ornandi
1161 2382 1216 2437 vir-

274 2481 312 2521 nn
331 2464 493 2541 exemplum
512 2464 560 2523 vel
583 2483 654 2523 unus
677 2464 804 2542 suflicit)
827 2464 854 2523 in
877 2463 1071 2541 descriptione
1092 2465 1216 2543 convivii
1307 2526 1311 2541 ι

273 2547 377 2606 uriosi:
398 2546 532 2609 Videbat·
546 2549 652 2609 uidere
662 2549 740 2609 alios
753 2550 912 2623 intrantes,
928 2549 1006 2608 alios
1015 2566 1088 2609 uero
1103 2566 1217 2609 exeun·

274 2677 277 2701 ‚
293 2632 441 2707 quosdam
456 2651 495 2692 en
508 2633 578 2692 cino
589 2633 778 2707 vacillantes,
796 2633 944 2709 quosdam
955 2633 1098 2692 iresterna
1113 2650 1153 2692 ea
1165 2650 1218 2710 po·

274 2717 334 2776 lone
349 2716 522 2778 oscitantes.
554 2714 671 2776 Hamus
688 2724 756 2777 erut
776 2718 949 2791 immundo,
973 2716 1216 2789 lutulentaoino,

274 2800 344 2860 ’onis
365 2801 552 2878 languidulis
572 2809 600 2860 et
621 2801 718 2879 spinis
734 2809 878 2878 cooperta
891 2801 1031 2878 piscium.
1064 2798 1138 2872 Quid
1154 2799 1258 2877 plusat

274 2891 351 2958 eret,
374 2885 422 2960 qui
445 2881 599 2943 intrasset?
639 2885 687 2944 Sic
708 2893 738 2943 et
760 2883 870 2942 urbium
886 2894 1031 2961 captarum
1047 2884 1153 2942 crescit
1167 2884 1216 2940 mi·

274 2968 341 3026 atio.
372 2968 440 3026 Sine
456 2968 541 3027 dubio
557 2969 646 3043 euim,
670 2970 717 3045 qui
733 2968 802 3027 dicit
819 2977 1011 3045 expugnatam
1034 2985 1101 3025 esse
1119 2967 1216 3025 civita·

274 3071 294 3123 ι,
317 3050 519 3128 complectitur
537 3054 652 3127 omnia‚·
670 3069 859 3128 quaecunque
883 3053 949 3111 talis
970 3052 1083 3110 fortuna
1098 3050 1215 3127 recipit:

291 3136 318 3192 in
334 3134 455 3194 allectus
474 3138 564 3194 minus
581 3144 712 3214 penetrat
733 3135 830 3194 brevis
851 3135 898 3194 bic
919 3135 1000 3195 velut
1020 3135 1142 3192 nuntius.
1175 3132 1257 3196 Atos

274 3219 379 3296 {perias
395 3218 483 3294 haec,
503 3237 576 3296 quae
596 3219 687 3278 verbo
708 3237 764 3278 uno
784 3219 895 3278 inclusa
918 3228 1015 3293 erant,
1038 3214 1217 3295 apparebunt

274 3319 332 3360 usae
350 3303 519 3380 perdamus
535 3322 569 3364 ac
586 3303 693 3380 templa
714 3303 843 3362 dammae
865 3312 894 3361 et
914 3304 1054 3361 ruentium
1074 3309 1216 3360 tectorum

274 3403 322 3462 gor
339 3395 368 3444 et
388 3404 425 3445 ex
441 3388 562 3446 diversis
578 3386 751 3447 clamoribus
769 3405 840 3446 unus
854 3387 967 3464 quidam
981 3403 1079 3460 sonus,
1096 3384 1217 3444 aliorum

274 3488 290 3528 a
308 3471 435 3544 incerta,
460 3470 507 3531 alli
528 3480 656 3530 extremo
674 3470 828 3549 complexu
849 3487 965 3528 suorum
981 3469 1171 3528 cohaerentes
1188 3477 1217 3526 el

274 3555 369 3613 mtium
383 3554 608 3632 feminarumque
624 3555 754 3634 ploratus
770 3563 800 3613 et
814 3555 889 3613 male
906 3555 933 3612 in
948 3553 1027 3613 illum
1038 3571 1130 3631 usque
1142 3553 1216 3612 diem

274 3638 330 3698 vati
351 3637 410 3696 lato
433 3656 534 3706 senes;
559 3639 687 3698 tamilla
711 3639 896 3717 profanorum
916 3655 1122 3714 sacrorumque
1141 3636 1271 3698 dire-69.

274 3739 299 3800 t,
323 3721 504 3782 efferentium
525 3722 648 3803 praedas
670 3723 919 3801 repetentiumque
941 3721 1087 3782 discursus
1108 3729 1137 3780 et
1159 3720 1216 3781 acti
