3184 4409
337 489 357 552 8
549 484 551 490 '
654 501 780 549 muns.
795 500 1014 560 omurmruur

355 665 358 669 ’
421 657 452 720 Si
466 666 560 717 tamen
575 672 633 715 non
648 657 812 733 continget,
835 656 936 734 quales
952 657 1073 716 maxime
1089 657 1177 718 velim
1189 661 1320 734 nutrices

337 759 462 822 pueros,
482 742 671 819 paedagogos
691 739 816 801 babere:
838 749 867 800 at
887 758 959 799 uuus
979 750 1060 800 certe
1080 743 1116 801 sit
1138 744 1272 804 assiduus
1289 745 1318 804 lo

339 826 443 904 queudi
467 842 524 884 non
547 826 712 903 imperitus,
739 827 803 902 qui,
826 827 849 883 si
873 842 928 902 qua
950 832 1033 883 eruut
1053 824 1089 895 ab
1110 826 1154 885 bis
1175 837 1320 905 praesenti

338 911 450 970 alumno
466 910 542 969 dicta
555 911 670 984 vitiose,
685 912 813 986 corrigat
827 910 957 987 protinus
972 927 1027 968 nec
1042 911 1167 970 insidere
1183 912 1226 970 illi
1242 915 1314 971 sinat

274 1044 276 1050 ,
337 995 402 1055 dum
416 1003 510 1054 tamen
525 994 715 1070 intelligatur,
732 993 771 1067 id,
788 993 864 1071 quod
879 995 957 1071 prius
973 993 1041 1068 dixi,
1057 992 1162 1054 bouum
1179 1013 1257 1071 esse,
1274 996 1320 1055 bor

336 1079 501 1138 remedium.

298 1176 330 1228 12
421 1162 447 1220 Α
470 1180 604 1220 sermone
627 1160 739 1221 Graeco
759 1176 879 1239 puerum
899 1161 1030 1238 incipere
1050 1162 1142 1237 malo,
1171 1164 1236 1239 quia
1256 1161 1320 1221 Lati·

338 1264 418 1321 num,
441 1248 488 1323 qui
504 1245 634 1324 pluribus
649 1247 677 1303 in
691 1264 743 1304 usu
761 1254 821 1319 est,
839 1244 887 1302 vel
903 1243 986 1303 nobis
1001 1245 1165 1305 nolentibus
1180 1245 1319 1324 perbibet

338 1331 420 1390 simul
439 1333 504 1408 quia
526 1329 684 1407 disciplinis
701 1346 817 1407 quoque
833 1327 952 1388 Graecis
970 1331 1049 1406 prius
1070 1330 1258 1389 instituendus
1274 1337 1320 1389 est

297 1426 330 1479 13
337 1415 412 1474 uude
427 1423 456 1473 et
469 1422 586 1473 nostrae
602 1412 753 1472 fluxerunt.
779 1412 845 1470 Non
859 1422 953 1471 tamen
967 1412 1024 1472 boc
1038 1415 1112 1474 adeo
1127 1416 1320 1491 superstitiose

338 1500 400 1558 lieri
415 1498 517 1573 velim,
540 1506 571 1556 ut
592 1495 638 1555 diu
658 1506 764 1556 tautum
782 1496 894 1556 Graece
913 1497 1047 1574 loquatur
1068 1507 1115 1557 aut
1130 1498 1237 1572 discat,
1256 1499 1320 1557 sicu

338 1583 487 1661 plerisque
503 1583 590 1640 moris
606 1589 660 1639 est.
690 1580 754 1640 Hoc
770 1583 844 1640 enim
860 1581 993 1641 accidunt
1008 1591 1037 1640 et
1052 1584 1111 1641 oris
1127 1582 1246 1659 plurima
1261 1582 1320 1640 vitis

339 1669 367 1725 in
381 1667 564 1745 peregrinum
580 1681 680 1723 sonum
697 1667 824 1742 corrupti
839 1674 869 1724 et
882 1667 1039 1733 sermonis;
1061 1667 1105 1725 cui
1121 1683 1185 1724 cum
1200 1665 1320 1725 Graecae

339 1751 448 1826 figurae
469 1750 583 1809 assidua
603 1750 811 1808 consuetudine
834 1748 1006 1825 haeserunt,
1027 1750 1056 1808 in
1077 1749 1191 1809 diversa
1215 1766 1320 1828 quoque

300 1842 332 1896 ts
340 1834 476 1911 loquendi
495 1835 607 1892 ratione
630 1834 859 1910 pertinacissime
879 1834 989 1893 durant.
1033 1832 1099 1892 Non
1119 1833 1207 1910 louge
1233 1836 1320 1912 itaque

339 1917 436 1977 Latina
451 1917 589 1995 subsequi
608 1916 714 1977 debent
730 1925 758 1975 et
774 1919 832 1976 cito
848 1919 957 1996 pariter
970 1919 1023 1975 ire.
1054 1915 1097 1976 lta
1112 1917 1177 1993 liet,
1198 1925 1245 1992 ut,
1268 1936 1320 1976 cun

340 2003 452 2079 aequali
479 2019 546 2061 cura
573 2002 697 2078 linguam
722 2009 871 2078 utramque
898 2003 973 2060 tueri
998 2003 1198 2080 coeperimus,
1230 2010 1320 2060 neutra

339 2087 422 2145 alteri
437 2086 555 2145 ofliciat.
706 2082 708 2086 ’

299 2182 331 2234 15
423 2169 543 2243 Quidam
563 2169 666 2229 litteris
686 2168 893 2243 instituendos,
916 2170 964 2246 qui
978 2170 1105 2229 minores
1122 2177 1235 2247 septem
1250 2170 1320 2227 anni

341 2263 454 2330 essent,
476 2272 544 2333 non
553 2262 742 2332 putaverunt,
768 2252 844 2331 quod
866 2252 915 2312 illa
930 2255 1050 2331 primum
1073 2262 1152 2313 aetas
1170 2262 1199 2312 et
1218 2253 1320 2312 intelle

340 2349 415 2398 ctum
431 2338 644 2416 disciplinarum
666 2354 773 2414 capere
795 2347 825 2396 et
847 2336 977 2396 laborem
999 2338 1059 2415 pati
1080 2333 1192 2415 posset.
1226 2336 1259 2396 ln
1276 2351 1320 2414 qur

340 2423 481 2482 sententia
494 2421 650 2481 Hesiodum
671 2438 737 2479 esse
759 2420 1016 2498 plurimitradunt,
1039 2423 1087 2498 qui
1109 2429 1174 2480 ante
1193 2437 1320 2497 gramma·

340 2508 426 2565 ticum
436 2505 650 2581 Aristophanen
664 2503 792 2571 luerunt;
809 2521 873 2562 nam
888 2505 912 2562 is
927 2507 1034 2583 primus
1048 2499 1215 2582 ὑποθήκας,
1231 2506 1260 2563 in
1275 2517 1320 2582 qut

341 2589 415 2653 libro
443 2591 580 2667 scriptum
605 2588 662 2647 boc
687 2589 845 2663 invenitur,
871 2591 987 2664 negavit
1013 2607 1080 2647 esse
1104 2589 1186 2647 buius
1213 2596 1318 2667 politae

299 2674 399 2738 losed
421 2672 469 2731 alii
493 2688 608 2749 quoque
631 2679 782 2746 auctores,
811 2673 886 2730 inter
908 2689 981 2750 quos
1005 2671 1230 2748 Eratosthenes,
1257 2673 1320 2732 ider

341 2764 560 2835 praeceperunt.
592 2754 695 2814 Melius
711 2765 816 2830 autem,
832 2756 880 2833 qui
894 2756 1001 2815 nullum
1015 2765 1126 2834 tempus
1141 2773 1248 2816 vacare
1264 2771 1320 2816 curt

340 2841 456 2914 volunt,
479 2848 509 2898 ut
530 2838 718 2917 Chrysippus.
754 2838 826 2898 Nam
846 2841 887 2914 is,
916 2842 1043 2917 quamvis
1065 2840 1223 2900 nutricibus
1245 2843 1320 2899 trien·

340 2927 415 2983 nium
439 2923 566 2998 dederit,
591 2922 741 2983 tamenab
764 2923 821 2982 illis
841 2940 956 3001 quoque
978 2926 1034 2982 iam
1052 2925 1228 2984 formandam
1249 2939 1320 3001 quar

300 3018 331 3073 17
341 3009 454 3086 optimis
475 3009 608 3066 institutis
625 3016 748 3066 mentem
768 3006 915 3066 infantium
929 3007 1044 3067 iudicat.
1083 3007 1141 3067 Gur
1161 3017 1255 3067 autem
1274 3023 1320 3065 nor

341 3094 483 3170 pertineat
506 3091 541 3151 ad
565 3091 675 3151 litteras
701 3098 797 3165 aetas,
823 3108 897 3168 quae
924 3091 959 3151 ad
984 3109 1080 3151 mores
1106 3086 1320 3170 impertiret

340 3174 442 3254 Neque
466 3177 586 3253 ignoro,
608 3184 670 3235 toto
689 3175 757 3251 illo,
779 3175 816 3235 de
838 3192 895 3253 quo
916 3176 1036 3253 loquor,
1056 3184 1187 3253 tempore
1202 3177 1252 3234 vix
1271 3184 1320 3235 tar

340 3267 399 3318 tum
414 3260 507 3333 effici,
530 3267 662 3336 quantum
678 3259 812 3318 conferre
827 3276 898 3317 unus
914 3269 1018 3337 postea
1038 3261 1131 3338 possit
1151 3277 1256 3327 annus3
1280 3276 1320 3318 ser

340 3351 434 3402 tamen
448 3344 529 3418 mihi,
552 3345 600 3420 qui
620 3344 832 3418 dissenserunt,
854 3341 987 3402 videntur
1008 3361 1066 3402 non
1083 3352 1139 3402 tam
1155 3342 1320 3404 discentibu:

299 3428 369 3487 18in
384 3427 437 3486 bac
452 3436 534 3505 parte
552 3445 635 3504 quam
649 3426 819 3486 docentibus
834 3430 1015 3504 pepercisse.
1053 3428 1126 3501 Quid
1142 3427 1245 3486 melius
1261 3427 1318 3486 alio

342 3513 388 3587 qui
411 3511 534 3586 facient,
558 3529 595 3570 ex
616 3528 673 3589 quo
693 3511 773 3588 loqui
794 3509 952 3588 poterunt?
989 3511 1107 3571 Faciant
1129 3513 1202 3571 enim
1225 3511 1320 3589 aliquit

341 3611 463 3654 necesse
480 3603 533 3653 est.
566 3594 623 3653 Aut
645 3613 696 3654 cur
711 3594 783 3668 hoc,
808 3595 1087 3673 quantulumcunque
1103 3603 1166 3670 est,
1188 3613 1283 3674 usque
1298 3614 1320 3655 ar

340 3684 452 3756 septem
467 3695 556 3738 annos
572 3678 680 3737 lucrum
695 3675 892 3737 fastidiemus?
915 3678 988 3738 Nam
1005 3689 1085 3739 certe
1101 3677 1255 3757 quamlibet
1268 3696 1320 3757 par

341 3779 405 3821 vum
426 3764 478 3840 sit,
502 3762 577 3839 quod
600 3762 754 3822 contulerit
776 3771 857 3823 aetas
878 3764 973 3841 prior,
994 3765 1101 3823 maiora
1122 3772 1216 3822 tamen
1237 3763 1320 3842 aliqu:
