3184 4409
346 425 405 488 120
656 437 1021 500 u.rns.ournr1n1an1

340 594 417 655 milia
432 601 497 652 sunt
515 593 563 654 illa
580 611 645 653 meo
664 593 776 670 quidem
792 590 909 669 indicio,
926 592 956 654 in
973 591 1075 672 quibus
1088 593 1184 656 verba
1202 595 1335 660 decenter

341 678 458 756 pudoris
474 680 565 753 gratia
580 677 795 736 subtrahuntur:

437 757 581 822 Novimus
595 771 624 825 et
639 762 691 839 qui
705 768 743 836 te,
759 768 938 823 transversa
954 760 1104 823 tueutideta
1118 761 1234 842 licis,

440 841 563 921 litque,
578 846 636 906 sed
649 844 759 923 faciles
774 840 933 924 Nymphae
946 845 1055 920 maere,
1069 847 1200 910 sacello.

300 927 420 995 60Hano
435 927 547 1004 qnidam
563 929 749 1007 aposiopesin
765 936 879 1006 putant,
895 927 1011 987 frustra.
1040 925 1129 1004 llam,
1145 929 1200 990 illa
1218 929 1288 1010 quid
1300 939 1331 991 tr

342 1021 421 1087 cert,
439 1013 578 1072 incertum
594 1021 638 1071 est
653 1020 702 1071 eut
723 1019 803 1070 certe
819 1010 952 1088 longiore
967 1028 1099 1071 sermone
1121 1013 1331 1091 explicandus,

340 1095 388 1155 hic
401 1113 486 1154 unum
506 1094 625 1155 verbum
648 1103 677 1155 et
697 1094 877 1154 manifestum
892 1095 1023 1172 quidem,
1043 1094 1249 1165 desideratum
1269 1113 1332 1176 quot

341 1181 365 1238 si
382 1180 564 1257 aposiopesis
581 1187 641 1254 est,
661 1178 730 1238 nihil
746 1195 820 1253 non,
839 1179 867 1237 in
882 1194 939 1256 quo
955 1179 1038 1239 deest
1052 1178 1175 1257 aliquid,
1197 1181 1279 1240 idem
1293 1197 1332 1258 rp-

299 1261 504 1340 orpellahitur.
538 1260 601 1322 Nec
617 1279 672 1339 ego
689 1261 759 1322 illud
783 1261 896 1339 quidem
912 1263 1098 1340 aposiopesin
1113 1281 1238 1342 semper
1253 1279 1333 1336 voco,

341 1346 443 1424 inquo
461 1365 509 1405 res
524 1364 713 1424 quaeeunque
729 1345 899 1423 relinquitur
919 1344 1121 1423 intelligenda,
1146 1355 1177 1405 ut
1200 1347 1334 1426 eeqneir

341 1430 473 1508 epistolis
485 1428 604 1490 Cicero:
620 1429 704 1490 Doto
717 1427 949 1507 Lupercalibus,
966 1444 1025 1507 quo
1035 1431 1086 1491 die
1095 1426 1251 1492 Antonius
1263 1428 1334 1492 cm

339 1513 425 1582 aar&
439 1529 497 1572 non
513 1515 586 1573 enim
602 1512 720 1572 obticuit
734 1521 782 1572 aot
796 1512 874 1590 lusit,
891 1514 956 1591 quia
973 1512 1041 1573 nihil
1056 1513 1103 1573 hio
1120 1513 1199 1573 eliud
1212 1513 1333 1590 intelligi

300 1605 454 1675 itpoteret
477 1615 560 1675 quam
579 1596 652 1671 hoo,
675 1597 822 1658 diademo
842 1595 992 1675 imposuit.
1032 1596 1134 1657 Altera
1154 1606 1203 1656 est
1218 1616 1276 1676 per
1289 1597 1334 1657 de·

340 1682 510 1739 tractionem
530 1680 637 1756 ligura,
660 1680 696 1739 de
721 1698 775 1758 qua
799 1679 884 1740 modo
905 1681 1027 1756 dictum,
1050 1681 1095 1741 cni
1116 1681 1334 1741 coniunctiones

341 1765 509 1822 eximuntur.
541 1762 649 1839 Tertia,
668 1780 741 1841 quae
757 1764 860 1823 dicitur
876 1761 1110 1843 συνεζευγμένον,
1132 1763 1161 1822 in
1178 1781 1239 1841 qua
1254 1781 1334 1823 nuum

341 1847 377 1906 ad
392 1845 511 1905 verbum
525 1847 624 1926 plures
640 1848 799 1921 sententiae
813 1847 991 1922 releruntur‚
1013 1864 1130 1925 quarum
1144 1863 1334 1926 unaquaeque

341 1929 520 1990 desideraret
534 1931 615 2007 illud,
631 1933 656 1990 si
666 1931 729 1991 sola
744 1939 910 2009 poneretur.
940 1928 972 1989 ld
986 1931 1091 1990 accidit
1105 1937 1153 1990 eut
1163 1932 1334 2011 praeposito

340 2012 449 2090 verbo,
477 2014 512 2075 ud
533 2015 610 2096 quod
633 2015 746 2094 reliqua
768 2015 938 2093 respiciunt:
966 2011 1042 2075 Vicit
1058 2015 1210 2093 pudorem
1231 2014 1333 2088 iibido,

341 2099 476 2160 timorem
492 2099 640 2176 audacio,
658 2099 806 2160 rctiouem
820 2099 973 2166 cucutia,-
995 2106 1042 2158 aut
1059 2096 1156 2174 illato,
1172 2115 1235 2175 quo
1255 2097 1334 2178 plurr

342 2182 506 2242 cluduntur:
536 2181 641 2259 Neque
662 2185 740 2244 cuim
763 2183 791 2242 is
813 2200 863 2260 es,
885 2178 1034 2258 cautino,
1057 2190 1091 2242 ut
1110 2188 1139 2242 te
1159 2188 1217 2243 aur
1236 2182 1334 2263 pudor

340 2283 475 2343 uuquam
496 2286 516 2327 c
537 2268 726 2346 turpitudine
746 2274 800 2328 cut
820 2271 916 2327 metus
939 2283 960 2326 c
978 2265 1119 2344 periculo
1137 2272 1192 2325 cut
1214 2265 1333 2327 retica

300 2352 446 2431 63ficrorc
467 2351 666 2414 revocaverit.
704 2349 827 2410 Medium
852 2365 968 2428 qnoque
989 2356 1087 2427 potest
1101 2365 1184 2423 esse,
1210 2347 1293 2427 quod
1308 2353 1334 2407 et

341 2432 484 2510 prioribus
508 2443 537 2492 et
552 2433 737 2512 sequentibus
753 2432 885 2493 sufficiat.
921 2431 1014 2509 lungit
1035 2440 1128 2491 autem
1151 2439 1180 2490 et
1201 2431 1334 2493 diversos

343 2534 449 2591 sexus,
474 2525 504 2575 ut
526 2535 587 2577 curn
602 2535 708 2576 marem
729 2517 920 2595 feminamque
934 2515 1014 2593 filios
1029 2515 1163 2589 dicimus,
1184 2523 1216 2574 et
1240 2517 1333 2592 singn-

300 2599 411 2660 fillaria
426 2598 584 2678 pluralibus
599 2603 710 2661 miscet.
745 2599 805 2660 Sed
821 2599 894 2660 haec
909 2599 983 2659 adeo
999 2606 1063 2657 sunt
1077 2597 1220 2674 vulgaria,
1238 2607 1270 2658 ut
1284 2596 1334 2657 sibi

341 2691 430 2741 artem
446 2683 597 2758 figurarum
613 2702 746 2744 asserere
761 2700 818 2742 non
833 2683 954 2762 possint.
983 2681 1058 2744 lllud
1069 2681 1154 2760 plane
1170 2680 1267 2758 ligura
1282 2688 1333 2757 est,

342 2783 397 2844 qua
413 2765 526 2826 diversa
542 2769 681 2827 sermonis
696 2768 787 2827 forma
804 2767 998 2844 coniungitur:

668 2885 710 2895 —
725 2850 825 2912 Sociis
841 2857 924 2926 tuuc,
939 2867 1030 2911 crmu
1045 2854 1221 2926 capessunt,

465 2931 575 3010 Edico,
591 2939 619 2994 et
634 2936 706 2995 dira
722 2935 830 2997 bellum
847 2953 915 2994 cum
928 2940 1018 3013 pente
1029 2931 1208 3010 percoctum.

342 3017 478 3093 Quamvis
490 3018 563 3076 enim
575 3036 641 3096 pars
658 3020 735 3080 dello
749 3018 898 3096 posterior
909 3017 1061 3095 participio
1077 3015 1203 3073 insistet:
1220 3015 1334 3092 utrique

342 3105 476 3162 convenit
493 3101 563 3161 illud
578 3103 674 3167 ediec.
711 3102 776 3162 Non
796 3102 895 3177 utique
915 3099 1100 3160 detractionis
1120 3091 1213 3174 glatie
1229 3096 1334 3157 iactam

343 3188 571 3246 coniunctionem
591 3186 790 3246 σννονκείωσιν
809 3191 930 3258 vocant,
952 3200 1027 3262 quae
1053 3181 1122 3241 duas
1140 3198 1188 3240 res
1203 3180 1334 3240 diversas

343 3270 478 3346 colligat:
504 3269 577 3331 Tum
598 3269 683 3332 deest
704 3287 818 3344 uocro,
839 3268 920 3346 quod
933 3267 1039 3342 iudet,
1064 3281 1155 3343 quum
1176 3266 1262 3342 quod
1276 3281 1335 3326 nort

301 3358 333 3411 65
341 3352 438 3412 iudet.
473 3352 545 3411 Huic
565 3352 706 3412 diversam
727 3353 827 3412 volunt
847 3368 916 3411 esse
942 3351 1165 3422 distinctionem,
1190 3348 1237 3408 oui
1270 3346 1335 3407 dant

342 3450 445 3493 nomen
455 3430 705 3514 πνραδννσνολήν,
721 3438 787 3513 quia
798 3435 900 3494 similia
911 3434 1123 3493 discernuntur:
1141 3428 1217 3492 Cum
1234 3439 1265 3494 te
1277 3447 1334 3510 pro

342 3523 441 3578 astuto
457 3521 622 3596 sapientem
637 3520 781 3598 appelles,
796 3536 855 3597 pro
872 3517 1039 3596 confidente
1052 3517 1179 3596 fortem,
1201 3533 1262 3593 prc
1275 3515 1334 3576 illi·

240 3600 242 3603 ’
343 3600 441 3661 dcruii
456 3602 635 3678 dilipcutem.
667 3602 751 3676 Quod
765 3610 854 3661 totum
869 3601 977 3681 pendet
993 3617 1031 3660 err
1047 3600 1191 3674 linitione,
1207 3597 1334 3676 ideoque

343 3702 378 3747 an
392 3685 482 3763 figura
498 3688 535 3745 sit
554 3685 660 3746 dubito.
692 3683 745 3745 Cui
760 3686 903 3745 contraria
919 3693 965 3744 est
980 3700 1030 3761 eu,
1053 3701 1109 3762 qua
1129 3682 1160 3742 lit
1174 3699 1215 3742 ex
1227 3682 1335 3742 vicinia
