3184 4409
295 427 315 488 6
639 439 676 486 nr.
692 436 1018 498 rnnaunsnmrsm·

251 603 286 658 29
378 591 514 652 Solebam
534 600 564 651 et
580 610 758 671 excerpere,
782 590 851 670 quid
868 590 936 650 milri
953 608 1017 650 cnm
1034 590 1207 655 adversario
1223 610 1282 655 ooa-
1345 608 1359 667 lu

294 675 420 751 veniret,
444 677 468 734 si
489 676 574 735 modo
590 676 619 735 id
640 693 693 754 pro
708 693 753 733 me
772 684 849 751 erat,
871 692 926 734 nec
952 674 1045 735 solum
1065 693 1204 754 premere
1224 696 1283 739 eor·
1346 692 1359 750 ll

292 759 451 818 sessionem
466 759 519 818 sed
533 761 683 837 partiendo
698 759 906 836 multiplicare:
925 766 957 817 nt
970 759 999 817 in
1012 758 1063 819 illa
1078 764 1283 838 controversia,
1347 758 1357 814 l

291 840 382 919 Dea,
403 845 456 920 qai
470 846 690 921 competitorem
710 852 831 921 patrem
851 844 884 904 ia
899 844 1057 921 ealfrapiia
1075 845 1216 922 vicerat,
1237 864 1284 909 ca-
1350 842 1359 900 l

288 935 362 1003 pras
378 935 440 997 esa·
461 937 564 989 wales
578 927 623 988 ad
641 926 876 1005 redemptionem
894 928 960 987 eius
973 926 1065 1006 lepati
1090 928 1216 991 messa
1236 929 1285 993 fa·
1352 943 1359 983 l

291 1011 421 1072 neema
432 1021 552 1089 patrem
567 1018 765 1072 revertentem
780 1012 820 1073 ab
840 1010 983 1071 iocabar.
1021 1008 1056 1071 la
1070 1011 1184 1090 ἱῳαῑίε
1198 1014 1286 1075 dicit:
1354 1011 1358 1066 i

249 1092 387 1173 (fodero,
405 1097 465 1155 ilis.
510 1092 778 1156 Eacasaaaatilii
789 1101 912 1174 pafrem
925 1102 954 1155 et
970 1113 1081 1156 aarum
1096 1096 1129 1156 in
1145 1099 1288 1159 eineder
1356 1112 1359 1148 ¹

291 1178 487 1248 iaceaeraal;
507 1180 566 1254 ipsi
579 1187 817 1257 perseverarent
830 1180 894 1253 ire,
910 1195 969 1255 qao
981 1179 1199 1250 intenderam
1212 1183 1288 1244 isser·

290 1270 400 1324 nerant
415 1265 524 1324 dacem
544 1264 632 1322 araci
644 1262 756 1340 (imm,
779 1264 867 1323 caira
880 1279 942 1322 coa
952 1262 1029 1341 ficit.-
1050 1260 1166 1325 Cavete
1182 1266 1288 1343 prodi-

291 1355 395 1408 torem.
438 1346 522 1406 Reae
544 1354 707 1426 culpator.
751 1344 826 1419 Quid
851 1342 1004 1405 convenit?
1047 1344 1186 1408 Proditio
1206 1350 1289 1412 nota

288 1432 454 1508 praedicta
469 1439 514 1490 est
528 1439 556 1490 et
567 1432 734 1507 praedicta
750 1449 771 1491 a
792 1432 892 1499 dace,·
918 1431 1080 1508 quaerimus
1098 1431 1286 1509 proditorem

295 1513 335 1575 Te
350 1516 411 1577 isse
431 1515 475 1574 ad
491 1514 589 1574 hostes
601 1515 711 1591 fateris
731 1523 760 1575 et
780 1514 842 1574 isse
853 1514 933 1574 clam
948 1522 977 1575 cf
993 1514 1033 1575 ab
1048 1514 1096 1574 ftis
1110 1516 1289 1579 incolumen

249 1609 282 1661 31
291 1600 421 1673 rediise,
436 1616 547 1658 aarum
560 1597 699 1658 retulisse
712 1604 740 1658 et
750 1610 861 1658 aarum
871 1597 1021 1659 occultam
1030 1597 1183 1659 Mbaisse.
1207 1598 1287 1675 Nara,

293 1680 371 1759 qnod
382 1680 467 1756 iecit,
484 1681 512 1740 id
523 1697 723 1758 nonnunquam
735 1681 880 1758 potentius
891 1680 922 1741 lit
937 1681 965 1739 in
980 1682 1199 1759 propositione;
1215 1700 1288 1762 qnae

292 1767 317 1823 si
341 1766 449 1822 animos
470 1765 641 1841 occupavit,
660 1781 752 1843 prope
774 1782 859 1824 aures
880 1765 962 1842 ipsae
978 1764 1140 1825 defensioni
1154 1765 1287 1844 praeola-

292 1849 404 1908 duntur.
449 1846 481 1906 In
500 1856 590 1906 totum
610 1857 705 1907 autern
724 1850 912 1926 congregatio
937 1848 1082 1908 criminum
1104 1859 1288 1910 accusantem

292 1931 422 2007 adiuvat,
444 1933 590 2008 separatio
612 1932 823 1993 defendentem.
869 1931 1005 1992 Solebam
1019 1932 1065 2008 id,
1086 1931 1164 2010 quod
1180 1933 1245 1993 lieri
1261 1941 1288 1993 et

291 2018 319 2074 in
329 2017 502 2092 argumentis
513 2016 588 2092 dixi,
604 2018 633 2075 in
644 2024 704 2079 tota
713 2016 812 2075 lacere
822 2018 957 2090 materia,
973 2023 1003 2074 ut
1013 2017 1190 2094 propositis,
1209 2026 1288 2077 extra

293 2118 366 2178 quae
387 2100 456 2159 nihil
479 2108 573 2175 esset,
601 2099 730 2158 omnihus
746 2099 850 2160 deinde
866 2101 972 2159 ceteris
992 2101 1128 2174 remotis,
1151 2100 1248 2160 solnm
1261 2099 1288 2160 id

250 2192 476 2261 32superesset,
504 2184 582 2263 quod
603 2184 682 2243 credi
702 2183 847 2242 volebam.
896 2182 935 2243 Ut
955 2183 983 2241 in
1011 2184 1288 2259 praevaricationum

292 2268 472 2327 criminibus:
488 2266 525 2328 Ul
536 2269 711 2328 absolvatur
725 2286 814 2344 reas,
829 2274 884 2327 aat
896 2268 1067 2328 innocentia
1081 2268 1180 2345 ipsias
1193 2267 1288 2345 filant

290 2353 505 2412 interueniente
512 2355 616 2429 aliqua
621 2360 771 2430 potestate
783 2359 838 2412 aet
846 2353 878 2412 ei
890 2359 944 2411 aat
954 2359 1096 2428 corrupto
1108 2352 1227 2412 iudicio
1237 2357 1288 2412 aad

251 2467 259 2481 ·
292 2437 472 2513 difficaltate
486 2436 674 2514 probationis
691 2444 745 2495 aat
761 2435 1042 2513 praevaricatione.
1062 2466 1106 2482 -·
1124 2432 1287 2497 Noceatcm

288 2519 386 2596 faisse
397 2519 559 2595 condieris,
571 2519 655 2579 aella
664 2527 798 2597 potestas
806 2519 933 2594 atrata,
943 2519 1028 2578 calla
1038 2519 1100 2592 eis,
1110 2528 1287 2598 correptam

290 2603 438 2662 iudiciaria
448 2604 669 2679 conquereris,
684 2605 768 2664 aella
780 2603 937 2680 probandi
947 2601 1114 2680 difficultas
1122 2603 1198 2679 firit:
1215 2600 1288 2680 qaid

250 2693 449 2764 33saperest,
472 2687 533 2746 aiei
553 2694 587 2746 at
604 2688 836 2764 praevaricatio
853 2687 967 2764 faerit?
1010 2685 1041 2745 Si
1062 2686 1155 2744 omnia
1176 2685 1287 2745 amoliri

292 2786 349 2829 non
369 2778 513 2846 poteram,
540 2777 635 2828 tamen
659 2769 741 2848 plura
767 2769 934 2830 amoliebar.
977 2767 1132 2829 Hoadaem
1153 2773 1287 2830 occisam

291 2873 358 2915 csse
374 2859 508 2920 coacta,-
528 2873 587 2914 aaa
602 2855 635 2913 ia
655 2856 834 2929 solitudine,
853 2861 888 2914 at
903 2872 924 2915 a
942 2853 1112 2914 laesus
1124 2854 1286 2930 auspicem

291 2957 351 2999 noa
365 2938 507 3016 praedae
526 2939 647 3016 pratia,
670 2940 743 3016 qaia
756 2939 939 3016 inspoliatus
961 2945 1024 3005 est,-
1046 2955 1107 2997 aaa
1128 2937 1285 2998 heredita-

292 3024 331 3083 tis
349 3042 420 3102 ape,
447 3023 519 3099 qaia
537 3040 661 3100 pauper·
678 3024 753 3101 fait:
781 3022 884 3082 odiam
901 3022 998 3099 ipitar·
1021 3022 1053 3080 ia
1075 3038 1190 3097 caasa,
1218 3039 1286 3082 cum

250 3109 335 3168 3lais
348 3109 497 3169 inimicas.
527 3106 608 3178 Quae
623 3124 671 3164 res
683 3115 778 3166 autem
792 3105 953 3165 faciliorem
967 3104 1098 3164 divisioni
1112 3105 1186 3163 viam
1201 3121 1286 3182 prae·

292 3198 364 3266 stat,
383 3192 484 3251 eedem
499 3191 654 3249 inventioni
671 3207 803 3268 quoque:
824 3197 978 3263 excutere,
995 3188 1131 3267 quidquid
1146 3187 1203 3247 dici
1221 3196 1286 3266 pot·

294 3282 356 3348 esi,
381 3284 411 3332 et
427 3273 507 3334 velut
529 3275 688 3336 reiectione
710 3274 787 3333 facia
809 3272 844 3333 ad
862 3273 998 3350 optimum
1015 3272 1178 3349 pervenire.
1222 3268 1286 3333 Ac·

293 3365 419 3417 casalia
433 3356 521 3431 Milo,
545 3360 626 3435 qaod
640 3356 778 3419 Clodiam
795 3358 951 3417 occiderit.
994 3355 1052 3414 Aut
1067 3354 1136 3413 iecit
1152 3363 1201 3415 aut
1217 3372 1285 3415 non.

294 3438 436 3517 Optimum
452 3449 512 3499 erat
527 3459 650 3518 negare:
671 3441 792 3500 sednon
807 3448 920 3517 potest:
943 3439 1049 3499 oceidit
1066 3456 1138 3515 ergo
1161 3447 1209 3497 aut
1222 3441 1287 3499 iure

274 3538 277 3543 ·
294 3533 341 3583 aut
356 3524 465 3583 iniuria.
509 3523 614 3602 Utique
629 3527 706 3583 iure:
729 3532 777 3584 aut
790 3523 938 3582 voluntate
953 3531 1001 3583 aut
1011 3523 1202 3589 necessitate;
1221 3540 1286 3582 nam

248 3608 451 3685 &ignorantia
472 3608 628 3685 praetendi¹
642 3626 698 3666 non
717 3615 824 3686 potest.
867 3606 1008 3666 Voluntas
1021 3624 1128 3684 anceps
1148 3615 1210 3682 est,
1231 3607 1286 3668 sed

294 3693 361 3770 quia
380 3693 418 3752 ita
440 3692 570 3751 homines
588 3701 702 3769 putant:
726 3690 891 3768 attingenda
908 3691 1055 3766 defensio,
1076 3699 1107 3749 ut
1126 3690 1155 3751 id
1175 3707 1230 3769 pro
1251 3708 1286 3751 rc
