3184 4409
348 469 406 531 146
659 483 1027 544 muauoumrnuaur-

344 640 429 699 tatius
445 654 512 697 esse
528 631 641 715 coepit,
658 654 816 712 excessus,
829 637 891 697 sive
906 647 951 697 est
967 647 1049 698 extra
1065 656 1189 714 causam,
1206 655 1263 698 non
1278 659 1331 719 po·

344 731 401 780 test
416 739 483 781 esse
501 739 568 799 pars
586 737 707 787 causae;
730 722 792 779 sive
808 730 853 780 est
867 723 895 780 in
911 740 1014 798 causa,
1035 722 1204 782 adiutorium
1219 725 1268 784 vel
1284 743 1331 784 or-

343 815 503 864 namentum
517 806 638 882 partium
653 812 698 862 est
715 821 828 878 earum,
851 805 1004 884 exquibus
1020 806 1175 882 egreditur.
1204 805 1277 867 Nam
1294 811 1330 883 si,

344 889 479 967 quidquid
495 889 523 947 in
539 906 624 947 causa
641 897 699 962 est,
716 904 783 964 pars
802 905 907 948 causae
923 888 1088 948 vocabitur:
1107 907 1158 948 cur
1172 907 1229 948 uon
1244 910 1330 969 argu·

342 982 480 1046 mentum,
510 970 680 1044 similitudo,
710 970 792 1030 iocus
819 974 992 1047 communis,
1018 972 1158 1048 affectus,
1183 975 1329 1053 exempla,

317 1064 439 1133 opartes
459 1050 621 1114 vocentur?
657 1053 763 1113 Tamen
789 1072 845 1113 uec
863 1054 908 1113 his
932 1057 1090 1131 assentior,
1111 1058 1159 1134 qui
1178 1058 1331 1117 detrahunt

342 1139 561 1213 refutationem,
580 1144 713 1214 tanquam
728 1136 891 1214 probationi
906 1138 1075 1213 subiectam,
1092 1148 1123 1198 ut
1137 1139 1329 1208 Aristotelem

340 1222 413 1282 haec
434 1225 508 1281 enim
533 1231 593 1294 est,
618 1238 692 1298 quae
711 1222 882 1298 constituat,
906 1222 974 1296 illa,
1001 1239 1075 1299 quae
1094 1222 1230 1283 destruat.
1266 1224 1332 1283 Hoc

342 1323 457 1383 quoque
476 1307 552 1364 idern
570 1303 748 1382 aliquatenus
766 1313 868 1379 novat,
894 1306 971 1382 quod
989 1308 1139 1384 prooemio
1156 1324 1213 1365 non
1232 1325 1330 1367 narra-

341 1390 447 1447 tionem
464 1388 608 1464 subiungit
627 1386 679 1446 sed
696 1389 932 1465 propositionem.
967 1389 1076 1449 Verum
1099 1389 1127 1449 id
1150 1389 1234 1466 iacit,
1263 1393 1330 1468 quia

341 1473 504 1551 propositio
529 1473 555 1530 ei
577 1488 688 1547 genus,
713 1472 838 1531 narratio
859 1473 975 1550 species
991 1472 1120 1546 videtur,
1145 1482 1175 1532 et
1197 1473 1252 1534 hac
1272 1491 1331 1533 nou

342 1574 473 1634 semper,
494 1554 543 1615 illa
562 1572 678 1632 semper
696 1564 725 1614 et
743 1554 849 1633 ubique
867 1555 959 1615 eredit
976 1573 1049 1634 opus
1068 1573 1145 1615 esse.

315 1652 331 1705 6
421 1638 529 1697 Verum
553 1657 590 1697 ex
608 1638 652 1696 his
669 1656 740 1716 quas
759 1639 893 1697 constitui
910 1639 1038 1716 partibus
1060 1656 1132 1716 uon,
1151 1648 1182 1699 ut
1203 1640 1330 1718 quidque

339 1724 460 1800 primum
484 1722 651 1796 dicendum,
681 1723 719 1781 ita
744 1723 864 1800 primurn
887 1722 1069 1799 cogitandum
1096 1733 1158 1792 est;
1185 1723 1329 1783 sedante

340 1807 433 1864 omnia
452 1806 554 1864 intueri
573 1813 706 1884 oportet,
735 1805 812 1883 quod
835 1806 872 1864 sit
889 1823 982 1882 genus
1005 1803 1132 1866 causae?
1158 1805 1225 1884 quid
1242 1808 1271 1865 ia
1293 1826 1330 1866 eu

340 1885 515 1967 quaeratur?
541 1907 615 1967 quae
635 1890 761 1966 prosint,
780 1888 860 1967 'quac
878 1886 1021 1949 noceant?
1046 1890 1149 1950 deinde
1173 1889 1239 1968 quid
1259 1907 1328 1948 con·

340 1973 503 2032 firmandum
526 1974 562 2032 sit
585 1992 619 2032 ac
639 1969 849 2032 refellendum?
870 1982 929 2031 tum
952 1973 1113 2049 quomodo
1137 1971 1329 2033 narrandum?

313 2062 329 2116 7
338 2056 490 2134 Expositio
511 2058 585 2116 enim
600 2056 799 2134 probationum
816 2065 862 2114 est
879 2058 1075 2135 praeparatio,
1094 2075 1148 2116 nec
1167 2074 1233 2115 esse
1249 2057 1328 2116 utilis

338 2149 450 2218 potest,
479 2142 533 2200 nisi
556 2141 635 2218 prius
659 2141 853 2215 constituerit,
881 2138 948 2217 quid
971 2139 1075 2199 debeat
1097 2141 1133 2200 de
1156 2139 1328 2219 probatione

338 2227 516 2303 promittere.
552 2224 703 2283 Postremo
723 2225 901 2298 intuendum,
927 2221 1163 2301 quemadmodum
1180 2225 1268 2283 iudex
1291 2225 1328 2282 sit

339 2308 544 2367 conciliandus.
588 2307 697 2386 Neque
714 2309 787 2368 enim
811 2308 865 2365 nisi
889 2308 958 2365 totis
980 2323 1086 2366 causae
1109 2306 1236 2385 partibus
1265 2306 1326 2366 dili-

338 2401 440 2467 genter
458 2393 596 2468 inspectis
617 2393 693 2450 scire
715 2407 886 2469 possumus,
912 2390 1026 2468 qualem
1042 2390 1125 2449 nobis
1139 2391 1249 2451 iacere
1268 2376 1345 2450 ani⁹

338 2493 411 2533 mum
430 2475 634 2550 cognoscentis
654 2475 799 2552 expediat,
817 2491 950 2532 severum
968 2492 1004 2534 an
1022 2476 1134 2550 mitem,
1154 2476 1328 2534 concitatum

338 2576 373 2616 an
391 2558 558 2631 remissum,
579 2556 730 2616 adversum
749 2558 860 2634 gratiae
880 2577 916 2617 an
936 2557 1100 2616 obnoxium.

311 2646 328 2698 8
420 2638 522 2719 Neque
547 2639 613 2698 ideo
643 2648 737 2700 tamen
765 2658 817 2700 eos
846 2640 1043 2719 probaverim,
1073 2642 1122 2718 qui
1145 2641 1329 2701 scribendum

338 2741 454 2805 quoque
474 2725 652 2802 prooemium
669 2725 826 2783 novissime
844 2733 954 2802 putant.
988 2724 1060 2784 Nam
1076 2734 1107 2784 ut
1125 2724 1251 2784 conferri
1269 2743 1328 2784 ma·

310 2812 439 2869 *teriam
457 2825 568 2867 omnem
584 2816 629 2882 et,
649 2807 717 2886 quid
734 2809 838 2885 cuique
853 2809 890 2866 sit
905 2825 994 2885 opus,
1012 2816 1147 2868 constare
1162 2807 1258 2882 decet,
1279 2826 1328 2867 au-

338 2904 453 2971 tequam
475 2892 574 2951 dicere
599 2900 647 2950 aut
670 2890 800 2950 scribere
827 2891 984 2951 ordiamur:
1013 2892 1052 2951 ita
1074 2891 1266 2970 incipiendum
1292 2891 1329 2950 ab

310 2977 397 3052 9his,
422 2994 497 3054 quae
514 2977 605 3053 prima
624 2984 697 3033 sunt.
733 2973 806 3034 Nam
827 2994 882 3034 nee
900 2976 1021 3053 pingere
1043 2977 1190 3053 quisquam
1209 2983 1257 3032 aut
1276 2974 1329 3032 tin-

337 3080 409 3139 gere
429 3061 526 3138 coepit
546 3077 562 3118 a
580 3058 718 3136 pedibus,
740 3077 795 3118 nec
814 3059 939 3137 denique
962 3076 1009 3118 ars
1034 3059 1092 3118 ulla
1116 3066 1330 3117 consummatur

336 3144 387 3218 tbi,
406 3145 481 3203 unde
499 3142 665 3202 ordiendum
683 3151 736 3201 est.
767 3142 841 3216 Quia
860 3142 911 3201 iiet
928 3141 1048 3219 alioqui,
1066 3142 1092 3201 si
1109 3141 1230 3220 spatium
1249 3156 1328 3199 oom-

336 3227 461 3306 pouendi
479 3228 637 3286 orationem
655 3226 722 3284 stilo
739 3243 796 3301 nou
811 3222 919 3285 inerit?
940 3242 1034 3284 noune
1046 3241 1106 3284 -uos
1121 3224 1194 3284 haec
1212 3224 1328 3283 inversa

338 3312 515 3371 consuetudo
535 3305 706 3387 deceperit?
735 3307 917 3387 inspicienda
938 3309 1024 3385 igitur
1041 3310 1162 3368 materia
1183 3315 1243 3382 est,
1270 3325 1328 3384 quo

337 3396 540 3474 praecepimus
560 3392 675 3460 ordiue;
698 3392 866 3469 scribenda,
888 3408 945 3469 quo
957 3392 1104 3451 dicemus.

608 3546 651 3594 DE
670 3542 848 3595 annuamus
866 3543 1052 3594 EARUNDEM.

386 3718 388 3722 ι
423 3644 459 3703 X.
491 3643 625 3704 Ceterum
647 3660 733 3702 causa
758 3643 866 3717 omnis,
891 3642 920 3700 in
943 3659 998 3720 qua
1017 3658 1085 3720 pars
1104 3639 1195 3698 altera
1215 3639 1330 3715 agentis

342 3739 387 3789 est
404 3730 494 3789 altera
511 3728 687 3803 recusantis,
707 3735 754 3786 aut
770 3726 853 3802 unius
872 3726 914 3785 rei
934 3725 1132 3784 controversia
1151 3731 1264 3782 constat
1281 3731 1337 3796 aut
