3184 4409
334 463 395 528 258
644 437 686 526 nr.
702 478 779 525 run.
796 477 1016 538 qunrnmmnr

335 634 473 708 dixisset,
493 631 528 692 de
540 631 656 692 -lortuna
669 648 802 711 quoque,
814 649 870 710 qua
879 640 1003 711 uterque
1015 631 1191 709 abundabat,
1207 631 1332 692 adiecit:

334 717 418 779 Nihil
433 718 518 778 ochis
531 719 631 776 minoe
646 717 741 792 deest,
757 733 849 793 quom
867 718 907 776 de
922 735 980 794 qao
995 719 1184 778 contenditis.

294 813 327 864 51
418 800 524 859 Omnes
543 809 637 860 autem
653 799 708 858 hos
726 800 863 875 allectus,
883 801 994 860 etiamsi
1011 800 1181 877 quibusdam
1197 800 1334 860 ridentur

336 888 364 945 in
379 886 529 963 prooemio
549 893 636 961 atque
660 883 688 941 in
704 883 824 961 epilogo
840 883 940 943 sedem
954 883 1079 959 habere,
1096 885 1124 942 in
1142 883 1246 962 quibus
1260 901 1333 942 sane

337 971 392 1033 sint
406 969 647 1046 frequentissimi,
665 975 760 1026 tamen
775 966 850 1027 aliae
866 983 981 1046 quoque
998 977 1097 1046 partes
1118 969 1263 1046 reeipiunt
1278 966 1334 1025 sed

336 1053 504 1128 breviores,
519 1060 550 1111 ut
573 1069 636 1110 cum
655 1052 744 1109 exiis
763 1050 882 1128 plurima
900 1053 937 1110 sit
956 1070 1005 1110 res
1028 1053 1164 1111 eruenda.
1208 1051 1249 1109 At
1272 1050 1332 1125 hic,

295 1140 359 1201 52si
376 1155 513 1214 usquam,
531 1144 609 1195 totos
630 1135 814 1212 eloquentiae
832 1137 947 1212 aperire
964 1135 1061 1194 iontes
1077 1135 1155 1194 licet.
1199 1134 1273 1193 Nam
1292 1143 1332 1208 et,

337 1221 452 1280 sibene
469 1221 589 1279 diximus
604 1219 738 1297 reliqua,
755 1218 967 1295 possidebimus
991 1221 1046 1278 iam
1069 1219 1191 1278 iudicum
1208 1220 1332 1292 animos,

338 1314 367 1364 et
382 1324 399 1363 e
413 1303 594 1379 confragosis
607 1311 692 1379 atque
711 1303 825 1379 asperis
841 1304 936 1362 evecti
955 1311 1015 1362 tota
1029 1306 1156 1381 pandere
1177 1319 1333 1380 possumus

336 1389 480 1463 vela,et,
503 1388 624 1447 comsit
646 1386 766 1444 maxima
780 1403 848 1463 pars
877 1386 986 1464 epilogi
1006 1386 1206 1465 amplificatio,
1232 1385 1334 1444 verbis

338 1481 424 1549 atque
449 1471 597 1529 sententiis
623 1469 663 1527 uti
685 1469 755 1528 licet
777 1470 936 1545 magnificis
964 1479 994 1529 et
1018 1471 1135 1529 ornatis.
1180 1469 1263 1528 'lunc
1289 1478 1336 1528 est

339 1552 574 1614 commovendum
592 1551 750 1628 theatrum,
767 1571 831 1612 curn
841 1563 957 1612 ventum
972 1562 1017 1612 est
1028 1553 1063 1613 ad
1076 1555 1168 1631 ipsum
1179 1553 1262 1629 illud,
1275 1569 1335 1630 quo

337 1647 454 1697 veteres
469 1637 637 1712 tragoediae
654 1638 880 1714 comoediaeque
896 1636 1063 1712 cluduntur,
1079 1636 1204 1698 Plodite.

297 1724 332 1777 53
421 1721 454 1781 ln
471 1721 535 1780 aliis
547 1730 642 1780 antem
657 1720 785 1797 partibus
803 1720 967 1779 tractandus
983 1724 1037 1780 erit
1054 1721 1192 1795 allectus,
1207 1729 1239 1778 ut
1256 1721 1335 1796 qnis-

339 1823 396 1882 que
418 1813 569 1879 nascetur,
593 1821 657 1862 nam
681 1822 776 1881 neque
802 1805 909 1882 exponi
931 1805 993 1864 sine
1013 1804 1071 1863 hoc
1091 1823 1140 1863 res
1160 1813 1279 1863 atroces
1307 1812 1337 1862 et

339 1887 519 1948 miserabiles
543 1887 663 1956 debent;
691 1906 754 1947 cum
775 1888 812 1947 de
833 1887 969 1965 qualitate
992 1889 1111 1947 alicuius
1135 1889 1179 1946 rei
1199 1888 1335 1964 quaestio

237 1989 238 1992 ¹
298 1975 400 2048 54est,
416 1971 634 2051 probationibus
650 1973 875 2050 uniuscuiusque
892 1972 937 2030 rei
954 1981 1036 2031 recte
1056 1971 1245 2048 subiungitur.
1279 1969 1335 2030 Ubi

339 2075 410 2116 vero
430 2058 608 2115 coniunctam
627 2055 809 2133 expluribus
826 2072 941 2115 causam
957 2057 1082 2132 agimus:
1105 2058 1190 2114 etiam
1208 2064 1335 2114 necesse

341 2143 395 2200 erit
412 2141 452 2199 uti
467 2139 597 2218 pluribus
614 2141 696 2218 quasi
716 2140 858 2217 epilogis,
877 2147 909 2198 ut
931 2141 959 2198 in
979 2139 1101 2198 Verrem
1123 2137 1229 2197 Cicero
1254 2138 1334 2198 lecit.

340 2224 412 2284 Nam
435 2234 470 2283 et
494 2223 660 2283 Philodamo
690 2233 720 2282 et
736 2222 891 2281 nauarchis
913 2232 943 2283 et
965 2224 1044 2284 cruci
1069 2224 1139 2281 civis
1163 2221 1286 2282 Romani
1307 2230 1336 2279 et

299 2312 333 2363 55
341 2310 404 2368 aliis
420 2308 548 2385 plurimis
570 2325 636 2366 suas
658 2307 791 2366 lacrimas
815 2305 903 2365 dedit.
948 2308 1039 2382 Sunt,
1058 2301 1106 2384 qui
1125 2306 1179 2365 hos
1199 2296 1336 2384 μερικοὺς

342 2386 492 2469 ἐπιλόγους
523 2400 647 2464 vocent,
680 2407 737 2466 quo
763 2391 895 2467 partitam
920 2392 1133 2467 perorationem
1163 2391 1334 2466 significant

341 2474 409 2534 Mihi
425 2490 482 2532 non
498 2482 554 2531 tam
566 2482 663 2551 partes
679 2475 741 2532 eius
759 2491 843 2549 quam
864 2475 980 2551 species
1002 2476 1142 2534 videntur.
1188 2473 1337 2551 Siquidem

343 2567 372 2616 et
388 2557 497 2634 epilogi
513 2565 542 2614 et
558 2557 750 2634 perorationis
766 2558 879 2615 nomina
890 2558 953 2634 ipsa
969 2567 1070 2636 operte
1085 2558 1155 2615 satis
1171 2557 1336 2630 ostendunt,

342 2639 417 2700 hanc
436 2657 502 2698 esse
522 2642 794 2699 consummationem
817 2642 964 2700 orationis.

707 2792 750 2841 nn
767 2791 981 2866 arescemus¹

425 2888 462 2949 11.
507 2888 642 2962 Quamvis
672 2899 765 2950 autem
790 2909 858 2969 pars
883 2891 957 2952 haec
989 2893 1161 2952 iudicialium
1187 2909 1339 2950 causarum

343 2991 451 3033 summa
470 2975 627 3052 praecipue
654 2984 767 3034 constet
786 2975 954 3050 affectibus,
986 2986 1015 3035 et
1036 2977 1132 3054 aliqua
1155 2977 1190 3035 de
1217 2974 1263 3033 his
1288 2993 1338 3034 ne·

344 3059 475 3117 cessario
502 3057 638 3117 dixerim:
668 3075 725 3117 non
751 3068 846 3118 tamen
874 3063 954 3138 potui
981 3079 1015 3125 ac
1049 3078 1084 3118 ne
1110 3060 1196 3119 debui
1222 3058 1338 3136 quidem

343 3142 428 3201 istum
452 3141 596 3201 locumin
622 3160 706 3200 unam
729 3145 857 3220 speciem
886 3145 1071 3204 concludere.
1117 3143 1213 3216 Quare
1245 3141 1339 3202 adhuc

346 3242 419 3302 opus
442 3235 593 3304 superest,
621 3244 684 3284 cum
710 3226 746 3284 ad
767 3226 938 3303 obtinenda,
967 3246 1041 3305 quae
1064 3227 1213 3301 volumus,
1236 3235 1339 3302 poten·

344 3309 497 3384 tissimum,
518 3319 575 3368 tum
592 3309 763 3387 supradictis
778 3310 868 3370 multo
886 3311 1045 3387 difficilius,
1060 3311 1193 3370 movendi
1214 3309 1338 3368 iudicum

346 3392 454 3450 animos
480 3402 566 3470 atque
593 3395 621 3463 in
646 3412 726 3467 eum,
759 3411 843 3471 quem
871 3395 1020 3470 uolumus,
1045 3395 1171 3455 habitum
1198 3392 1339 3452 formandi

318 3475 470 3536 aetvelut
496 3477 724 3554 transfigurandi.
774 3475 837 3549 Qua
863 3478 953 3537 dere
978 3497 1088 3555 panca,
1115 3496 1189 3556 qnae
1210 3476 1339 3555 postula·

346 3557 396 3617 hat
410 3561 543 3635 materia,
561 3562 605 3619 sic
626 3560 722 3637 attigi,
738 3568 768 3619 ut
783 3563 892 3637 magis,
912 3561 979 3640 quid
995 3571 1145 3639 oporteret
1160 3562 1240 3634 lieri,
1257 3577 1341 3638 quam

347 3659 404 3721 quo
418 3643 445 3715 id
466 3645 552 3704 modo
572 3645 711 3722 consequi
733 3661 903 3722 possemus,
919 3646 1110 3706 ostenderem.
1155 3645 1238 3704 Nunc
1256 3643 1341 3703 altius

343 3728 436 3790 omnis
449 3730 493 3788 rei
507 3730 664 3808 repetenda
678 3729 751 3788 ratio
769 3736 824 3788 est.
