<?xml version="1.0" encoding="UTF-8"?>
<!DOCTYPE html PUBLIC "-//W3C//DTD XHTML 1.0 Transitional//EN"
    "http://www.w3.org/TR/xhtml1/DTD/xhtml1-transitional.dtd">
<html xmlns="http://www.w3.org/1999/xhtml" xml:lang="en" lang="en">
 <head>
  <title>
</title>
<meta http-equiv="Content-Type" content="text/html;charset=utf-8" />
  <meta name='ocr-system' content='tesseract 3.04.00' />
  <meta name='ocr-capabilities' content='ocr_page ocr_carea ocr_par ocr_line ocrx_word'/>
</head>
<body>
  <div class='ocr_page' id='page_1' title='image "./mfabiiquintilia02quingoog_0410.png"; bbox 0 0 3184 4409; ppageno 0'>
   <div class='ocr_carea' id='block_1_1' title="bbox 357 441 1027 515">
    <p class='ocr_par' dir='ltr' id='par_1_1' title="bbox 357 441 1027 515">
     <span class='ocr_line' id='line_1_1' title="bbox 357 441 1027 515; baseline 0.003 -12"><span class='ocrx_word' id='word_1_1' title='bbox 357 441 396 504; x_wconf 86' lang='lat'>78</span> <span class='ocrx_word' id='word_1_2' title='bbox 667 453 1027 515; x_wconf 59' lang='lat' dir='ltr'>monumemtum</span> 
     </span>
    </p>
   </div>
   <div class='ocr_carea' id='block_1_2' title="bbox 309 609 1350 3785">
    <p class='ocr_par' dir='ltr' id='par_1_2' title="bbox 309 609 1350 3785">
     <span class='ocr_line' id='line_1_2' title="bbox 355 609 1350 689; baseline 0.006 -19"><span class='ocrx_word' id='word_1_3' title='bbox 355 610 451 688; x_wconf 80' lang='lat' dir='ltr'>gladio</span> <span class='ocrx_word' id='word_1_4' title='bbox 470 611 604 689; x_wconf 82' lang='lat' dir='ltr'>ferrum,</span> <span class='ocrx_word' id='word_1_5' title='bbox 629 609 668 668; x_wconf 89' lang='lat' dir='ltr'>ita</span> <span class='ocrx_word' id='word_1_6' title='bbox 690 627 747 668; x_wconf 90' lang='lat' dir='ltr'>non</span> <span class='ocrx_word' id='word_1_7' title='bbox 768 625 821 687; x_wconf 92' lang='lat' dir='ltr'>pro</span> <span class='ocrx_word' id='word_1_8' title='bbox 844 626 920 687; x_wconf 86' lang='lat' dir='ltr'>equo</span> <span class='ocrx_word' id='word_1_9' title='bbox 940 609 1181 688; x_wconf 76' lang='lat' dir='ltr'><strong><em>quadrupedem.</em></strong></span> <span class='ocrx_word' id='word_1_10' title='bbox 1222 611 1350 676; x_wconf 76' lang='lat' dir='ltr'>Maxime</span> 
     </span>
     <span class='ocr_line' id='line_1_3' title="bbox 356 692 1350 760; baseline 0.008 -8"><span class='ocrx_word' id='word_1_11' title='bbox 356 703 449 753; x_wconf 89' lang='lat' dir='ltr'>autem</span> <span class='ocrx_word' id='word_1_12' title='bbox 470 695 497 752; x_wconf 95' lang='lat' dir='ltr'>in</span> <span class='ocrx_word' id='word_1_13' title='bbox 520 693 628 753; x_wconf 86' lang='lat' dir='ltr'>orando</span> <span class='ocrx_word' id='word_1_14' title='bbox 648 692 756 752; x_wconf 76' lang='lat' dir='ltr'>valebit</span> <span class='ocrx_word' id='word_1_15' title='bbox 780 710 962 752; x_wconf 92' lang='lat' dir='ltr'>numerorum</span> <span class='ocrx_word' id='word_1_16' title='bbox 983 693 1034 754; x_wconf 90' lang='lat' dir='ltr'>illa</span> <span class='ocrx_word' id='word_1_17' title='bbox 1052 693 1182 759; x_wconf 85' lang='lat' dir='ltr'>libertus.</span> <span class='ocrx_word' id='word_1_18' title='bbox 1222 695 1300 757; x_wconf 86' lang='lat' dir='ltr'>Nam</span> <span class='ocrx_word' id='word_1_19' title='bbox 1322 708 1350 760; x_wconf 87' lang='lat' dir='ltr'>et</span> 
     </span>
     <span class='ocr_line' id='line_1_4' title="bbox 354 775 1347 855; baseline 0.006 -20"><span class='ocrx_word' id='word_1_20' title='bbox 354 777 448 836; x_wconf 89' lang='lat' dir='ltr'>Livius</span> <span class='ocrx_word' id='word_1_21' title='bbox 464 794 553 855; x_wconf 80' lang='lat' dir='ltr'>saepe</span> <span class='ocrx_word' id='word_1_22' title='bbox 570 777 613 836; x_wconf 92' lang='lat' dir='ltr'>sic</span> <span class='ocrx_word' id='word_1_23' title='bbox 628 777 711 836; x_wconf 89' lang='lat' dir='ltr'>dicit:</span> <span class='ocrx_word' id='word_1_24' title='bbox 729 775 884 837; x_wconf 81' lang='lat' dir='ltr'>Romanus</span> <span class='ocrx_word' id='word_1_25' title='bbox 898 777 1142 855; x_wconf 60' lang='lat' dir='ltr'>produceretur,</span> <span class='ocrx_word' id='word_1_26' title='bbox 1161 796 1227 838; x_wconf 88' lang='lat' dir='ltr'>oum</span> <span class='ocrx_word' id='word_1_27' title='bbox 1244 779 1347 842; x_wconf 71' lang='lat' dir='ltr'>Rome</span> 
     </span>
     <span class='ocr_line' id='line_1_5' title="bbox 355 857 1346 943; baseline 0.003 -24"><span class='ocrx_word' id='word_1_28' title='bbox 355 878 407 919; x_wconf 92' lang='lat' dir='ltr'>nos</span> <span class='ocrx_word' id='word_1_29' title='bbox 424 862 531 919; x_wconf 89' lang='lat' dir='ltr'>vicisse</span> <span class='ocrx_word' id='word_1_30' title='bbox 553 859 708 936; x_wconf 64' lang='lat' dir='ltr'>significem</span> <span class='ocrx_word' id='word_1_31' title='bbox 735 867 764 918; x_wconf 90' lang='lat' dir='ltr'>et</span> <span class='ocrx_word' id='word_1_32' title='bbox 785 868 885 920; x_wconf 87' lang='lat' dir='ltr'>contro</span> <span class='ocrx_word' id='word_1_33' title='bbox 901 857 1006 920; x_wconf 84' lang='lat' dir='ltr'>Cicero</span> <span class='ocrx_word' id='word_1_34' title='bbox 1021 860 1056 919; x_wconf 84' lang='lat' dir='ltr'>ed</span> <span class='ocrx_word' id='word_1_35' title='bbox 1071 861 1203 937; x_wconf 80' lang='lat' dir='ltr'>Brutum,</span> <span class='ocrx_word' id='word_1_36' title='bbox 1220 861 1346 943; x_wconf 82' lang='lat' dir='ltr'>Populo,</span> 
     </span>
     <span class='ocr_line' id='line_1_6' title="bbox 354 945 1346 1024; baseline 0.007 -22"><span class='ocrx_word' id='word_1_37' title='bbox 354 947 458 1022; x_wconf 82' lang='lat' dir='ltr'>inquit,</span> <span class='ocrx_word' id='word_1_38' title='bbox 480 946 675 1021; x_wconf 76' lang='lat' dir='ltr'><strong><em>imposuimus</em></strong></span> <span class='ocrx_word' id='word_1_39' title='bbox 689 952 717 1004; x_wconf 91' lang='lat' dir='ltr'>et</span> <span class='ocrx_word' id='word_1_40' title='bbox 733 952 873 1004; x_wconf 86' lang='lat' dir='ltr'>oratores</span> <span class='ocrx_word' id='word_1_41' title='bbox 886 945 945 1005; x_wconf 82' lang='lat' dir='ltr'>uisi</span> <span class='ocrx_word' id='word_1_42' title='bbox 957 962 1077 1020; x_wconf 71' lang='lat' dir='ltr'>summ,</span> <span class='ocrx_word' id='word_1_43' title='bbox 1101 963 1165 1004; x_wconf 91' lang='lat' dir='ltr'>cum</span> <span class='ocrx_word' id='word_1_44' title='bbox 1183 945 1222 1024; x_wconf 87' lang='lat' dir='ltr'>de</span> <span class='ocrx_word' id='word_1_45' title='bbox 1241 965 1276 1008; x_wconf 90' lang='lat' dir='ltr'>se</span> <span class='ocrx_word' id='word_1_46' title='bbox 1291 958 1346 1009; x_wconf 86' lang='lat' dir='ltr'>tan·</span> 
     </span>
     <span class='ocr_line' id='line_1_7' title="bbox 312 1026 1346 1107; baseline 0.001 -16"><span class='ocrx_word' id='word_1_47' title='bbox 312 1040 343 1091; x_wconf 80' lang='lat'>21</span> <span class='ocrx_word' id='word_1_48' title='bbox 353 1037 410 1087; x_wconf 90' lang='lat' dir='ltr'>tum</span> <span class='ocrx_word' id='word_1_49' title='bbox 426 1029 602 1105; x_wconf 87' lang='lat' dir='ltr'>loqueretur.</span> <span class='ocrx_word' id='word_1_50' title='bbox 638 1026 721 1099; x_wconf 80' lang='lat' dir='ltr'>Quod</span> <span class='ocrx_word' id='word_1_51' title='bbox 736 1044 829 1102; x_wconf 80' lang='lat' dir='ltr'>genus</span> <span class='ocrx_word' id='word_1_52' title='bbox 843 1044 900 1086; x_wconf 93' lang='lat' dir='ltr'>non</span> <span class='ocrx_word' id='word_1_53' title='bbox 916 1029 1061 1086; x_wconf 84' lang='lat' dir='ltr'>orationes</span> <span class='ocrx_word' id='word_1_54' title='bbox 1076 1029 1161 1088; x_wconf 89' lang='lat' dir='ltr'>modo</span> <span class='ocrx_word' id='word_1_55' title='bbox 1179 1041 1278 1107; x_wconf 78' lang='lat' dir='ltr'>ornet,</span> <span class='ocrx_word' id='word_1_56' title='bbox 1298 1033 1346 1092; x_wconf 89' lang='lat' dir='ltr'>sed</span> 
     </span>
     <span class='ocr_line' id='line_1_8' title="bbox 354 1107 1346 1194; baseline 0.005 -23"><span class='ocrx_word' id='word_1_57' title='bbox 354 1115 438 1171; x_wconf 88' lang='lat' dir='ltr'>etiam</span> <span class='ocrx_word' id='word_1_58' title='bbox 461 1111 595 1171; x_wconf 84' lang='lat' dir='ltr'>cotidiani</span> <span class='ocrx_word' id='word_1_59' title='bbox 619 1111 759 1168; x_wconf 90' lang='lat' dir='ltr'>sermonis</span> <span class='ocrx_word' id='word_1_60' title='bbox 779 1128 849 1169; x_wconf 86' lang='lat' dir='ltr'>usos</span> <span class='ocrx_word' id='word_1_61' title='bbox 868 1112 981 1188; x_wconf 82' lang='lat' dir='ltr'><strong>recipit.</strong></span> <span class='ocrx_word' id='word_1_62' title='bbox 1015 1110 1142 1183; x_wconf 74' lang='lat' dir='ltr'>Quidam</span> <span class='ocrx_word' id='word_1_63' title='bbox 1167 1107 1346 1194; x_wconf 70' lang='lat' dir='ltr'>ouveudopr&#39;p</span> 
     </span>
     <span class='ocr_line' id='line_1_9' title="bbox 352 1194 1343 1273; baseline 0.003 -18"><span class='ocrx_word' id='word_1_64' title='bbox 352 1203 457 1255; x_wconf 84' lang='lat' dir='ltr'>vocant</span> <span class='ocrx_word' id='word_1_65' title='bbox 475 1204 519 1270; x_wconf 83' lang='lat' dir='ltr'>et,</span> <span class='ocrx_word' id='word_1_66' title='bbox 537 1212 600 1253; x_wconf 91' lang='lat' dir='ltr'>cum</span> <span class='ocrx_word' id='word_1_67' title='bbox 615 1194 643 1252; x_wconf 90' lang='lat' dir='ltr'>id</span> <span class='ocrx_word' id='word_1_68' title='bbox 658 1195 686 1252; x_wconf 92' lang='lat' dir='ltr'>iu</span> <span class='ocrx_word' id='word_1_69' title='bbox 699 1203 835 1252; x_wconf 81' lang='lat' dir='ltr'>contextu</span> <span class='ocrx_word' id='word_1_70' title='bbox 851 1195 1006 1270; x_wconf 84' lang='lat' dir='ltr'>sermonis,</span> <span class='ocrx_word' id='word_1_71' title='bbox 1025 1194 1249 1273; x_wconf 66' lang='lat' dir='ltr'>(producetur,</span> <span class='ocrx_word' id='word_1_72' title='bbox 1274 1201 1343 1258; x_wconf 86' lang='lat' dir='ltr'>acci·</span> 
     </span>
     <span class='ocr_line' id='line_1_10' title="bbox 352 1276 1344 1357; baseline 0.006 -21"><span class='ocrx_word' id='word_1_73' title='bbox 352 1281 460 1357; x_wconf 89' lang='lat' dir='ltr'>pimus;</span> <span class='ocrx_word' id='word_1_74' title='bbox 486 1278 604 1337; x_wconf 91' lang='lat' dir='ltr'>verbum</span> <span class='ocrx_word' id='word_1_75' title='bbox 621 1278 694 1336; x_wconf 91' lang='lat' dir='ltr'>enim</span> <span class='ocrx_word' id='word_1_76' title='bbox 711 1295 749 1336; x_wconf 85' lang='lat' dir='ltr'>ex</span> <span class='ocrx_word' id='word_1_77' title='bbox 762 1276 860 1338; x_wconf 85' lang='lat' dir='ltr'>verbis</span> <span class='ocrx_word' id='word_1_78' title='bbox 876 1277 1015 1354; x_wconf 81' lang='lat' dir='ltr'>intelligi,</span> <span class='ocrx_word' id='word_1_79' title='bbox 1035 1280 1111 1356; x_wconf 84' lang='lat' dir='ltr'>quod</span> <span class='ocrx_word' id='word_1_80' title='bbox 1130 1280 1206 1338; x_wconf 90' lang='lat' dir='ltr'>inter</span> <span class='ocrx_word' id='word_1_81' title='bbox 1221 1282 1294 1342; x_wconf 83' lang='lat' dir='ltr'>vitia</span> <span class='ocrx_word' id='word_1_82' title='bbox 1308 1283 1344 1342; x_wconf 88' lang='lat' dir='ltr'>el·</span> 
     </span>
     <span class='ocr_line' id='line_1_11' title="bbox 353 1362 614 1440; baseline -0.004 -19"><span class='ocrx_word' id='word_1_83' title='bbox 353 1362 460 1440; x_wconf 90' lang='lat' dir='ltr'>lipsis</span> <span class='ocrx_word' id='word_1_84' title='bbox 480 1371 614 1421; x_wconf 86' lang='lat' dir='ltr'>vocatur:</span> 
     </span>
     <span class='ocr_line' id='line_1_12' title="bbox 613 1441 1067 1524; baseline 0.007 -21"><span class='ocrx_word' id='word_1_85' title='bbox 613 1441 756 1506; x_wconf 78' lang='lat' dir='ltr'><strong><em>Arcades</em></strong></span> <span class='ocrx_word' id='word_1_86' title='bbox 776 1446 821 1506; x_wconf 88' lang='lat' dir='ltr'>od</span> <span class='ocrx_word' id='word_1_87' title='bbox 839 1453 946 1524; x_wconf 84' lang='lat' dir='ltr'>portus</span> <span class='ocrx_word' id='word_1_88' title='bbox 966 1464 1067 1506; x_wconf 85' lang='lat' dir='ltr'>ruere.</span> 
     </span>
     <span class='ocr_line' id='line_1_13' title="bbox 310 1528 1343 1607; baseline 0 -19"><span class='ocrx_word' id='word_1_89' title='bbox 310 1529 418 1594; x_wconf 75' lang='lat' dir='ltr'>rumim</span> <span class='ocrx_word' id='word_1_90' title='bbox 440 1528 513 1588; x_wconf 85' lang='lat' dir='ltr'>hunc</span> <span class='ocrx_word' id='word_1_91' title='bbox 540 1529 659 1605; x_wconf 84' lang='lat' dir='ltr'>liguram</span> <span class='ocrx_word' id='word_1_92' title='bbox 681 1546 748 1588; x_wconf 90' lang='lat' dir='ltr'>esse</span> <span class='ocrx_word' id='word_1_93' title='bbox 774 1530 864 1605; x_wconf 82' lang='lat' dir='ltr'>magis</span> <span class='ocrx_word' id='word_1_94' title='bbox 886 1528 998 1607; x_wconf 87' lang='lat' dir='ltr'>placet;</span> <span class='ocrx_word' id='word_1_95' title='bbox 1020 1528 1080 1588; x_wconf 92' lang='lat' dir='ltr'>illic</span> <span class='ocrx_word' id='word_1_96' title='bbox 1103 1546 1176 1606; x_wconf 78' lang='lat' dir='ltr'>ergo</span> <span class='ocrx_word' id='word_1_97' title='bbox 1196 1530 1343 1592; x_wconf 82' lang='lat' dir='ltr'><strong><em>reddetur.</em></strong></span> 
     </span>
     <span class='ocr_line' id='line_1_14' title="bbox 353 1613 1284 1688; baseline 0 -15"><span class='ocrx_word' id='word_1_98' title='bbox 353 1613 438 1673; x_wconf 83' lang='lat' dir='ltr'>Aliud</span> <span class='ocrx_word' id='word_1_99' title='bbox 455 1615 538 1671; x_wconf 84' lang='lat' dir='ltr'>etiam</span> <span class='ocrx_word' id='word_1_100' title='bbox 554 1613 720 1688; x_wconf 78' lang='lat' dir='ltr'>intelligitur</span> <span class='ocrx_word' id='word_1_101' title='bbox 738 1630 774 1671; x_wconf 87' lang='lat' dir='ltr'>ex</span> <span class='ocrx_word' id='word_1_102' title='bbox 792 1613 867 1672; x_wconf 84' lang='lat' dir='ltr'>elio:</span> <span class='ocrx_word' id='word_1_103' title='bbox 1280 1677 1284 1682; x_wconf 58' lang='grc'><strong>,</strong></span> 
     </span>
     <span class='ocr_line' id='line_1_15' title="bbox 434 1693 1267 1776; baseline 0.005 -22"><span class='ocrx_word' id='word_1_104' title='bbox 434 1693 564 1774; x_wconf 83' lang='lat' dir='ltr'>Aspice,</span> <span class='ocrx_word' id='word_1_105' title='bbox 586 1705 697 1757; x_wconf 84' lang='lat' dir='ltr'>urotru</span> <span class='ocrx_word' id='word_1_106' title='bbox 713 1698 782 1774; x_wconf 78' lang='lat' dir='ltr'>iupa</span> <span class='ocrx_word' id='word_1_107' title='bbox 804 1697 942 1776; x_wconf 80' lang='lat' dir='ltr'>referunt</span> <span class='ocrx_word' id='word_1_108' title='bbox 960 1714 1110 1775; x_wconf 79' lang='lat' dir='ltr'>suspersm</span> <span class='ocrx_word' id='word_1_109' title='bbox 1128 1697 1267 1773; x_wconf 78' lang='lat' dir='ltr'>iuuenci,</span> 
     </span>
     <span class='ocr_line' id='line_1_16' title="bbox 352 1778 1344 1858; baseline 0.001 -20"><span class='ocrx_word' id='word_1_110' title='bbox 352 1780 427 1838; x_wconf 87' lang='lat' dir='ltr'>unde</span> <span class='ocrx_word' id='word_1_111' title='bbox 449 1789 569 1857; x_wconf 83' lang='lat' dir='ltr'>apparet</span> <span class='ocrx_word' id='word_1_112' title='bbox 588 1789 703 1839; x_wconf 91' lang='lat' dir='ltr'>noctem</span> <span class='ocrx_word' id='word_1_113' title='bbox 725 1781 967 1858; x_wconf 83' lang='lat' dir='ltr'>appropinquare.</span> <span class='ocrx_word' id='word_1_114' title='bbox 1012 1778 1043 1839; x_wconf 92' lang='lat' dir='ltr'>ld</span> <span class='ocrx_word' id='word_1_115' title='bbox 1066 1780 1166 1838; x_wconf 88' lang='lat' dir='ltr'>nescio</span> <span class='ocrx_word' id='word_1_116' title='bbox 1182 1797 1220 1838; x_wconf 83' lang='lat' dir='ltr'>sn</span> <span class='ocrx_word' id='word_1_117' title='bbox 1240 1781 1344 1841; x_wconf 84' lang='lat' dir='ltr'>oratori</span> 
     </span>
     <span class='ocr_line' id='line_1_17' title="bbox 353 1862 1344 1941; baseline 0.004 -19"><span class='ocrx_word' id='word_1_118' title='bbox 353 1865 504 1922; x_wconf 88' lang='lat' dir='ltr'>conveniat</span> <span class='ocrx_word' id='word_1_119' title='bbox 523 1865 576 1922; x_wconf 92' lang='lat' dir='ltr'>nisi</span> <span class='ocrx_word' id='word_1_120' title='bbox 599 1865 627 1922; x_wconf 94' lang='lat' dir='ltr'>in</span> <span class='ocrx_word' id='word_1_121' title='bbox 650 1862 890 1940; x_wconf 84' lang='lat' dir='ltr'>argumentando,</span> <span class='ocrx_word' id='word_1_122' title='bbox 911 1882 975 1923; x_wconf 91' lang='lat' dir='ltr'>cum</span> <span class='ocrx_word' id='word_1_123' title='bbox 996 1865 1039 1923; x_wconf 90' lang='lat' dir='ltr'>rei</span> <span class='ocrx_word' id='word_1_124' title='bbox 1056 1865 1166 1941; x_wconf 84' lang='lat' dir='ltr'>signum</span> <span class='ocrx_word' id='word_1_125' title='bbox 1186 1873 1245 1924; x_wconf 87' lang='lat' dir='ltr'>est.</span> <span class='ocrx_word' id='word_1_126' title='bbox 1291 1864 1344 1926; x_wconf 83' lang='lat' dir='ltr'>Sed</span> 
     </span>
     <span class='ocr_line' id='line_1_18' title="bbox 353 1947 898 2007; baseline 0.002 -2"><span class='ocrx_word' id='word_1_127' title='bbox 353 1947 409 2007; x_wconf 90' lang='lat' dir='ltr'>hoo</span> <span class='ocrx_word' id='word_1_128' title='bbox 427 1947 462 2007; x_wconf 90' lang='lat' dir='ltr'>ab</span> <span class='ocrx_word' id='word_1_129' title='bbox 485 1947 655 2006; x_wconf 85' lang='lat' dir='ltr'>elocutionis</span> <span class='ocrx_word' id='word_1_130' title='bbox 672 1948 783 2005; x_wconf 89' lang='lat' dir='ltr'>ratione</span> <span class='ocrx_word' id='word_1_131' title='bbox 803 1947 898 2006; x_wconf 87' lang='lat' dir='ltr'>distat.</span> 
     </span>
     <span class='ocr_line' id='line_1_19' title="bbox 310 2030 1344 2110; baseline -0.003 -16"><span class='ocrx_word' id='word_1_132' title='bbox 310 2041 344 2094; x_wconf 74' lang='lat'>23</span> <span class='ocrx_word' id='word_1_133' title='bbox 435 2030 497 2090; x_wconf 91' lang='lat' dir='ltr'>Nec</span> <span class='ocrx_word' id='word_1_134' title='bbox 514 2030 666 2110; x_wconf 87' lang='lat' dir='ltr'>proculab</span> <span class='ocrx_word' id='word_1_135' title='bbox 683 2031 739 2090; x_wconf 92' lang='lat' dir='ltr'>hoc</span> <span class='ocrx_word' id='word_1_136' title='bbox 755 2049 864 2108; x_wconf 84' lang='lat' dir='ltr'>genere</span> <span class='ocrx_word' id='word_1_137' title='bbox 882 2030 1003 2094; x_wconf 87' lang='lat' dir='ltr'>discedit</span> <span class='ocrx_word' id='word_1_138' title='bbox 1018 2030 1251 2108; x_wconf 80' lang='grc' dir='ltr'><strong><em>μετωνυμία,</em></strong></span> <span class='ocrx_word' id='word_1_139' title='bbox 1275 2049 1344 2110; x_wconf 85' lang='lat' dir='ltr'>quoe</span> 
     </span>
     <span class='ocr_line' id='line_1_20' title="bbox 354 2113 1343 2194; baseline 0 -20"><span class='ocrx_word' id='word_1_140' title='bbox 354 2126 398 2175; x_wconf 92' lang='lat' dir='ltr'>est</span> <span class='ocrx_word' id='word_1_141' title='bbox 413 2117 532 2174; x_wconf 90' lang='lat' dir='ltr'>nominis</span> <span class='ocrx_word' id='word_1_142' title='bbox 549 2117 730 2193; x_wconf 90' lang='lat' dir='ltr'>pronomine</span> <span class='ocrx_word' id='word_1_143' title='bbox 747 2116 862 2192; x_wconf 88' lang='lat' dir='ltr'>positio.</span> <span class='ocrx_word' id='word_1_144' title='bbox 898 2113 984 2174; x_wconf 82' lang='lat' dir='ltr'>Cuius</span> <span class='ocrx_word' id='word_1_145' title='bbox 997 2117 1040 2174; x_wconf 88' lang='lat' dir='ltr'>vis</span> <span class='ocrx_word' id='word_1_146' title='bbox 1052 2124 1112 2187; x_wconf 86' lang='lat' dir='ltr'>est,</span> <span class='ocrx_word' id='word_1_147' title='bbox 1128 2131 1182 2191; x_wconf 88' lang='lat' dir='ltr'>pro</span> <span class='ocrx_word' id='word_1_148' title='bbox 1199 2131 1255 2193; x_wconf 88' lang='lat' dir='ltr'>eo,</span> <span class='ocrx_word' id='word_1_149' title='bbox 1272 2115 1343 2194; x_wconf 85' lang='lat' dir='ltr'>quod</span> 
     </span>
     <span class='ocr_line' id='line_1_21' title="bbox 328 2199 1344 2277; baseline -0.002 -19"><span class='ocrx_word' id='word_1_150' title='bbox 328 2216 331 2226; x_wconf 77' lang='lat'><strong><em>¹</em></strong></span> <span class='ocrx_word' id='word_1_151' title='bbox 353 2201 472 2274; x_wconf 84' lang='lat' dir='ltr'>dicitur,</span> <span class='ocrx_word' id='word_1_152' title='bbox 496 2216 625 2274; x_wconf 71' lang='lat' dir='ltr'>causam,</span> <span class='ocrx_word' id='word_1_153' title='bbox 649 2208 769 2276; x_wconf 87' lang='lat' dir='ltr'>propter</span> <span class='ocrx_word' id='word_1_154' title='bbox 785 2216 868 2276; x_wconf 88' lang='lat' dir='ltr'>quam</span> <span class='ocrx_word' id='word_1_155' title='bbox 883 2199 1002 2274; x_wconf 84' lang='lat' dir='ltr'>dicitur,</span> <span class='ocrx_word' id='word_1_156' title='bbox 1022 2215 1145 2277; x_wconf 87' lang='lat' dir='ltr'>ponere;</span> <span class='ocrx_word' id='word_1_157' title='bbox 1169 2199 1242 2276; x_wconf 87' lang='lat' dir='ltr'>sed,</span> <span class='ocrx_word' id='word_1_158' title='bbox 1265 2209 1296 2259; x_wconf 91' lang='lat' dir='ltr'>ut</span> <span class='ocrx_word' id='word_1_159' title='bbox 1309 2200 1344 2257; x_wconf 89' lang='lat' dir='ltr'>ait</span> 
     </span>
     <span class='ocr_line' id='line_1_22' title="bbox 353 2271 1341 2359; baseline -0.001 -18"><span class='ocrx_word' id='word_1_160' title='bbox 353 2281 474 2357; x_wconf 82' lang='lat' dir='ltr'>Cicero,</span> <span class='ocrx_word' id='word_1_161' title='bbox 493 2271 666 2359; x_wconf 75' lang='grc' dir='ltr'><strong><em>ὑπαλλαγὴν</em></strong></span> <span class='ocrx_word' id='word_1_162' title='bbox 688 2282 822 2341; x_wconf 83' lang='lat' dir='ltr'>rhetores</span> <span class='ocrx_word' id='word_1_163' title='bbox 844 2282 947 2341; x_wconf 91' lang='lat' dir='ltr'>dicunt.</span> <span class='ocrx_word' id='word_1_164' title='bbox 992 2281 1072 2342; x_wconf 85' lang='lat' dir='ltr'>llaec</span> <span class='ocrx_word' id='word_1_165' title='bbox 1093 2283 1226 2342; x_wconf 87' lang='lat' dir='ltr'>inventas</span> <span class='ocrx_word' id='word_1_166' title='bbox 1249 2284 1284 2344; x_wconf 82' lang='lat' dir='ltr'>ab</span> <span class='ocrx_word' id='word_1_167' title='bbox 1305 2284 1341 2341; x_wconf 88' lang='lat' dir='ltr'>in·</span> 
     </span>
     <span class='ocr_line' id='line_1_23' title="bbox 350 2365 1342 2444; baseline 0.004 -20"><span class='ocrx_word' id='word_1_168' title='bbox 350 2376 472 2425; x_wconf 88' lang='lat' dir='ltr'>ventore</span> <span class='ocrx_word' id='word_1_169' title='bbox 496 2376 524 2424; x_wconf 91' lang='lat' dir='ltr'>et</span> <span class='ocrx_word' id='word_1_170' title='bbox 542 2365 686 2425; x_wconf 84' lang='lat' dir='ltr'>subiectus</span> <span class='ocrx_word' id='word_1_171' title='bbox 702 2384 749 2424; x_wconf 91' lang='lat' dir='ltr'>res</span> <span class='ocrx_word' id='word_1_172' title='bbox 767 2365 803 2425; x_wconf 86' lang='lat' dir='ltr'>ab</span> <span class='ocrx_word' id='word_1_173' title='bbox 822 2365 1014 2427; x_wconf 87' lang='lat' dir='ltr'>obtinentibus</span> <span class='ocrx_word' id='word_1_174' title='bbox 1030 2366 1186 2444; x_wconf 78' lang='lat' dir='ltr'>significat:</span> <span class='ocrx_word' id='word_1_175' title='bbox 1209 2375 1242 2426; x_wconf 90' lang='lat' dir='ltr'>ut</span> <span class='ocrx_word' id='word_1_176' title='bbox 1259 2365 1342 2428; x_wconf 80' lang='lat' dir='ltr'>Cere</span> 
     </span>
     <span class='ocr_line' id='line_1_24' title="bbox 351 2450 776 2528; baseline 0 -19"><span class='ocrx_word' id='word_1_177' title='bbox 351 2470 415 2510; x_wconf 90' lang='lat' dir='ltr'>rem</span> <span class='ocrx_word' id='word_1_178' title='bbox 432 2458 607 2528; x_wconf 85' lang='lat' dir='ltr'>corruptum</span> <span class='ocrx_word' id='word_1_179' title='bbox 618 2450 724 2525; x_wconf 81' lang='lat' dir='ltr'>cudis,</span> <span class='ocrx_word' id='word_1_180' title='bbox 747 2458 776 2509; x_wconf 88' lang='lat' dir='ltr'>et</span> 
     </span>
     <span class='ocr_line' id='line_1_25' title="bbox 954 2544 1153 2611; baseline 0.005 -18"><span class='ocrx_word' id='word_1_181' title='bbox 954 2567 998 2580; x_wconf 90' lang='lat'>·—-</span> <span class='ocrx_word' id='word_1_182' title='bbox 1011 2544 1153 2611; x_wconf 85' lang='lat' dir='ltr'>receptus</span> 
     </span>
     <span class='ocr_line' id='line_1_26' title="bbox 480 2612 1221 2694; baseline 0.004 -19"><span class='ocrx_word' id='word_1_183' title='bbox 480 2615 577 2677; x_wconf 81' lang='lat' dir='ltr'>Terre</span> <span class='ocrx_word' id='word_1_184' title='bbox 595 2615 753 2694; x_wconf 84' lang='lat' dir='ltr'>Neptunus</span> <span class='ocrx_word' id='word_1_185' title='bbox 775 2617 892 2678; x_wconf 79' lang='lat' dir='ltr'>classes</span> <span class='ocrx_word' id='word_1_186' title='bbox 905 2612 1103 2694; x_wconf 80' lang='lat' dir='ltr'>Aquilonibus</span> <span class='ocrx_word' id='word_1_187' title='bbox 1122 2624 1221 2678; x_wconf 84' lang='lat' dir='ltr'>arcet.</span> 
     </span>
     <span class='ocr_line' id='line_1_27' title="bbox 309 2699 1342 2778; baseline -0.004 -16"><span class='ocrx_word' id='word_1_188' title='bbox 309 2699 436 2772; x_wconf 64' lang='lat' dir='ltr'>ditQuod</span> <span class='ocrx_word' id='word_1_189' title='bbox 457 2699 486 2757; x_wconf 87' lang='lat' dir='ltr'>fit</span> <span class='ocrx_word' id='word_1_190' title='bbox 508 2709 665 2758; x_wconf 88' lang='lat' dir='ltr'>retrorsum</span> <span class='ocrx_word' id='word_1_191' title='bbox 687 2701 793 2759; x_wconf 87' lang='lat' dir='ltr'>durius.</span> <span class='ocrx_word' id='word_1_192' title='bbox 830 2699 932 2761; x_wconf 83' lang='lat' dir='ltr'>Refert</span> <span class='ocrx_word' id='word_1_193' title='bbox 955 2710 1065 2776; x_wconf 79' lang='lat' dir='ltr'>autem,</span> <span class='ocrx_word' id='word_1_194' title='bbox 1092 2702 1278 2778; x_wconf 88' lang='lat' dir='ltr'>inquantum</span> <span class='ocrx_word' id='word_1_195' title='bbox 1299 2699 1342 2758; x_wconf 87' lang='lat' dir='ltr'>bio</span> 
     </span>
     <span class='ocr_line' id='line_1_28' title="bbox 351 2783 1343 2863; baseline -0.001 -21"><span class='ocrx_word' id='word_1_196' title='bbox 351 2793 451 2860; x_wconf 90' lang='lat' dir='ltr'>tropus</span> <span class='ocrx_word' id='word_1_197' title='bbox 463 2792 606 2843; x_wconf 81' lang='lat' dir='ltr'>oratorem</span> <span class='ocrx_word' id='word_1_198' title='bbox 620 2793 765 2860; x_wconf 75' lang='lat' dir='ltr'>sequetur.</span> <span class='ocrx_word' id='word_1_199' title='bbox 797 2783 869 2843; x_wconf 86' lang='lat' dir='ltr'>Nam</span> <span class='ocrx_word' id='word_1_200' title='bbox 880 2793 910 2842; x_wconf 90' lang='lat' dir='ltr'>ut</span> <span class='ocrx_word' id='word_1_201' title='bbox 925 2783 1092 2846; x_wconf 81' lang='lat' dir='ltr'>Vulcanum</span> <span class='ocrx_word' id='word_1_202' title='bbox 1106 2801 1160 2863; x_wconf 90' lang='lat' dir='ltr'>pro</span> <span class='ocrx_word' id='word_1_203' title='bbox 1176 2786 1246 2861; x_wconf 82' lang='lat' dir='ltr'>igne</span> <span class='ocrx_word' id='word_1_204' title='bbox 1256 2783 1343 2860; x_wconf 82' lang='lat' dir='ltr'>vulgo</span> 
     </span>
     <span class='ocr_line' id='line_1_29' title="bbox 351 2865 1346 2946; baseline -0.001 -21"><span class='ocrx_word' id='word_1_205' title='bbox 351 2867 494 2942; x_wconf 80' lang='lat' dir='ltr'>audimus,</span> <span class='ocrx_word' id='word_1_206' title='bbox 518 2876 547 2926; x_wconf 87' lang='lat' dir='ltr'>et</span> <span class='ocrx_word' id='word_1_207' title='bbox 571 2869 658 2931; x_wconf 82' lang='lat' dir='ltr'>eurio</span> <span class='ocrx_word' id='word_1_208' title='bbox 673 2865 773 2928; x_wconf 87' lang='lat' dir='ltr'>Morte</span> <span class='ocrx_word' id='word_1_209' title='bbox 787 2876 955 2946; x_wconf 84' lang='lat' dir='ltr'>pupuutum</span> <span class='ocrx_word' id='word_1_210' title='bbox 975 2869 1101 2927; x_wconf 90' lang='lat' dir='ltr'>eruditus</span> <span class='ocrx_word' id='word_1_211' title='bbox 1121 2876 1166 2927; x_wconf 90' lang='lat' dir='ltr'>est</span> <span class='ocrx_word' id='word_1_212' title='bbox 1181 2884 1295 2942; x_wconf 83' lang='lat' dir='ltr'>sermo,</span> <span class='ocrx_word' id='word_1_213' title='bbox 1319 2872 1346 2924; x_wconf 84' lang='lat' dir='ltr'>et</span> 
     </span>
     <span class='ocr_line' id='line_1_30' title="bbox 355 2950 1345 3028; baseline -0.004 -18"><span class='ocrx_word' id='word_1_214' title='bbox 355 2950 499 3012; x_wconf 87' lang='lat' dir='ltr'>Veuerem</span> <span class='ocrx_word' id='word_1_215' title='bbox 517 2968 600 3028; x_wconf 88' lang='lat' dir='ltr'>qoam</span> <span class='ocrx_word' id='word_1_216' title='bbox 616 2952 720 3010; x_wconf 90' lang='lat' dir='ltr'>coitum</span> <span class='ocrx_word' id='word_1_217' title='bbox 742 2952 850 3011; x_wconf 86' lang='lat' dir='ltr'>dixisse</span> <span class='ocrx_word' id='word_1_218' title='bbox 869 2953 959 3028; x_wconf 82' lang='lat' dir='ltr'>magis</span> <span class='ocrx_word' id='word_1_219' title='bbox 980 2953 1080 3012; x_wconf 87' lang='lat' dir='ltr'>decet:</span> <span class='ocrx_word' id='word_1_220' title='bbox 1107 2950 1144 3010; x_wconf 90' lang='lat' dir='ltr'>ita</span> <span class='ocrx_word' id='word_1_221' title='bbox 1159 2950 1304 3012; x_wconf 79' lang='lat' dir='ltr'>Iu&#39;berum</span> <span class='ocrx_word' id='word_1_222' title='bbox 1319 2957 1345 3008; x_wconf 86' lang='lat' dir='ltr'>et</span> 
     </span>
     <span class='ocr_line' id='line_1_31' title="bbox 352 3033 1345 3114; baseline -0.002 -21"><span class='ocrx_word' id='word_1_223' title='bbox 352 3033 491 3097; x_wconf 82' lang='lat' dir='ltr'>Cererem</span> <span class='ocrx_word' id='word_1_224' title='bbox 507 3052 560 3114; x_wconf 88' lang='lat' dir='ltr'>pro</span> <span class='ocrx_word' id='word_1_225' title='bbox 578 3036 644 3093; x_wconf 87' lang='lat' dir='ltr'>vino</span> <span class='ocrx_word' id='word_1_226' title='bbox 661 3045 690 3093; x_wconf 92' lang='lat' dir='ltr'>et</span> <span class='ocrx_word' id='word_1_227' title='bbox 712 3054 785 3113; x_wconf 88' lang='lat' dir='ltr'>pane</span> <span class='ocrx_word' id='word_1_228' title='bbox 809 3035 958 3110; x_wconf 83' lang='lat' dir='ltr'>licentius,</span> <span class='ocrx_word' id='word_1_229' title='bbox 981 3053 1064 3112; x_wconf 85' lang='lat' dir='ltr'>quam</span> <span class='ocrx_word' id='word_1_230' title='bbox 1081 3044 1111 3093; x_wconf 88' lang='lat' dir='ltr'>ut</span> <span class='ocrx_word' id='word_1_231' title='bbox 1128 3035 1183 3093; x_wconf 88' lang='lat' dir='ltr'>lori</span> <span class='ocrx_word' id='word_1_232' title='bbox 1204 3035 1345 3094; x_wconf 82' lang='lat' dir='ltr'>severitas</span> 
     </span>
     <span class='ocr_line' id='line_1_32' title="bbox 352 3119 1344 3196; baseline -0.002 -18"><span class='ocrx_word' id='word_1_233' title='bbox 352 3120 435 3178; x_wconf 82' lang='lat' dir='ltr'>leret.</span> <span class='ocrx_word' id='word_1_234' title='bbox 478 3120 556 3178; x_wconf 88' lang='lat' dir='ltr'>Siout</span> <span class='ocrx_word' id='word_1_235' title='bbox 572 3137 609 3177; x_wconf 89' lang='lat' dir='ltr'>ex</span> <span class='ocrx_word' id='word_1_236' title='bbox 625 3136 678 3194; x_wconf 80' lang='lat' dir='ltr'>eo,</span> <span class='ocrx_word' id='word_1_237' title='bbox 700 3121 777 3196; x_wconf 88' lang='lat' dir='ltr'>quod</span> <span class='ocrx_word' id='word_1_238' title='bbox 793 3121 968 3194; x_wconf 83' lang='lat' dir='ltr'>continetur,</span> <span class='ocrx_word' id='word_1_239' title='bbox 987 3137 1056 3178; x_wconf 87' lang='lat' dir='ltr'>usos</span> <span class='ocrx_word' id='word_1_240' title='bbox 1071 3120 1176 3196; x_wconf 86' lang='lat' dir='ltr'>recipit</span> <span class='ocrx_word' id='word_1_241' title='bbox 1192 3119 1271 3180; x_wconf 87' lang='lat' dir='ltr'>beue</span> <span class='ocrx_word' id='word_1_242' title='bbox 1285 3136 1344 3177; x_wconf 80' lang='lat' dir='ltr'>mo</span> 
     </span>
     <span class='ocr_line' id='line_1_33' title="bbox 309 3199 1344 3281; baseline -0.003 -19"><span class='ocrx_word' id='word_1_243' title='bbox 309 3213 438 3269; x_wconf 77' lang='lat' dir='ltr'>u5rutos</span> <span class='ocrx_word' id='word_1_244' title='bbox 452 3205 546 3264; x_wconf 89' lang='lat' dir='ltr'>urbes</span> <span class='ocrx_word' id='word_1_245' title='bbox 566 3212 594 3261; x_wconf 92' lang='lat' dir='ltr'>et</span> <span class='ocrx_word' id='word_1_246' title='bbox 613 3205 754 3281; x_wconf 90' lang='lat' dir='ltr'>poculum</span> <span class='ocrx_word' id='word_1_247' title='bbox 774 3212 893 3281; x_wconf 90' lang='lat' dir='ltr'>epotum</span> <span class='ocrx_word' id='word_1_248' title='bbox 911 3212 939 3263; x_wconf 90' lang='lat' dir='ltr'>et</span> <span class='ocrx_word' id='word_1_249' title='bbox 957 3203 1110 3264; x_wconf 81' lang='lat' dir='ltr'>secudum</span> <span class='ocrx_word' id='word_1_250' title='bbox 1123 3203 1210 3281; x_wconf 78' lang='lat' dir='ltr'>[eliu.</span> <span class='ocrx_word' id='word_1_251' title='bbox 1255 3201 1295 3261; x_wconf 80' lang='lat' dir='ltr'>m</span> <span class='ocrx_word' id='word_1_252' title='bbox 1309 3199 1344 3274; x_wconf 86' lang='lat' dir='ltr'>id,</span> 
     </span>
     <span class='ocr_line' id='line_1_34' title="bbox 354 3286 1113 3365; baseline 0.003 -21"><span class='ocrx_word' id='word_1_253' title='bbox 354 3287 430 3362; x_wconf 91' lang='lat' dir='ltr'>quod</span> <span class='ocrx_word' id='word_1_254' title='bbox 448 3298 547 3347; x_wconf 88' lang='lat' dir='ltr'>contra</span> <span class='ocrx_word' id='word_1_255' title='bbox 563 3296 623 3363; x_wconf 82' lang='lat' dir='ltr'>est,</span> <span class='ocrx_word' id='word_1_256' title='bbox 642 3304 708 3346; x_wconf 87' lang='lat' dir='ltr'>raro</span> <span class='ocrx_word' id='word_1_257' title='bbox 728 3286 832 3346; x_wconf 85' lang='lat' dir='ltr'>audeat</span> <span class='ocrx_word' id='word_1_258' title='bbox 846 3288 926 3365; x_wconf 85' lang='lat' dir='ltr'>quis,</span> <span class='ocrx_word' id='word_1_259' title='bbox 941 3288 995 3344; x_wconf 89' lang='lat' dir='ltr'>nisi</span> <span class='ocrx_word' id='word_1_260' title='bbox 1010 3295 1113 3364; x_wconf 86' lang='lat' dir='ltr'>poeta·</span> 
     </span>
     <span class='ocr_line' id='line_1_35' title="bbox 551 3368 1131 3449; baseline -0.002 -18"><span class='ocrx_word' id='word_1_261' title='bbox 551 3404 594 3416; x_wconf 84' lang='lat'>-</span> <span class='ocrx_word' id='word_1_262' title='bbox 611 3373 672 3432; x_wconf 83' lang='lat' dir='ltr'>ioue</span> <span class='ocrx_word' id='word_1_263' title='bbox 685 3372 845 3449; x_wconf 76' lang='lat' dir='ltr'>prosumus</span> <span class='ocrx_word' id='word_1_264' title='bbox 859 3372 950 3431; x_wconf 85' lang='lat' dir='ltr'>ardet</span> <span class='ocrx_word' id='word_1_265' title='bbox 968 3368 1131 3448; x_wconf 83' lang='lat' dir='ltr'>Uculepou.</span> 
     </span>
     <span class='ocr_line' id='line_1_36' title="bbox 353 3451 1346 3532; baseline 0 -23"><span class='ocrx_word' id='word_1_266' title='bbox 353 3451 414 3510; x_wconf 91' lang='lat' dir='ltr'>Nisi</span> <span class='ocrx_word' id='word_1_267' title='bbox 431 3453 505 3511; x_wconf 88' lang='lat' dir='ltr'>iorte</span> <span class='ocrx_word' id='word_1_268' title='bbox 520 3454 577 3513; x_wconf 93' lang='lat' dir='ltr'>hoc</span> <span class='ocrx_word' id='word_1_269' title='bbox 592 3455 687 3532; x_wconf 89' lang='lat' dir='ltr'>potins</span> <span class='ocrx_word' id='word_1_270' title='bbox 704 3462 764 3528; x_wconf 77' lang='lat' dir='ltr'>est,</span> <span class='ocrx_word' id='word_1_271' title='bbox 784 3471 801 3512; x_wconf 83' lang='lat' dir='ltr'>a</span> <span class='ocrx_word' id='word_1_272' title='bbox 817 3471 1007 3531; x_wconf 81' lang='lat' dir='ltr'>possessore,</span> <span class='ocrx_word' id='word_1_273' title='bbox 1023 3453 1100 3532; x_wconf 84' lang='lat' dir='ltr'>quod</span> <span class='ocrx_word' id='word_1_274' title='bbox 1117 3453 1301 3532; x_wconf 88' lang='lat' dir='ltr'>possidetur,</span> <span class='ocrx_word' id='word_1_275' title='bbox 1318 3459 1346 3510; x_wconf 92' lang='lat' dir='ltr'>nt</span> 
     </span>
     <span class='ocr_line' id='line_1_37' title="bbox 354 3533 1345 3615; baseline -0.004 -19"><span class='ocrx_word' id='word_1_276' title='bbox 354 3537 499 3596; x_wconf 83' lang='lat' dir='ltr'>bousiuem</span> <span class='ocrx_word' id='word_1_277' title='bbox 524 3539 683 3613; x_wconf 72' lang='lat' dir='ltr'>decorum,</span> <span class='ocrx_word' id='word_1_278' title='bbox 712 3539 791 3596; x_wconf 90' lang='lat' dir='ltr'>cuins</span> <span class='ocrx_word' id='word_1_279' title='bbox 818 3539 1014 3615; x_wconf 84' lang='lat' dir='ltr'>patrimonium</span> <span class='ocrx_word' id='word_1_280' title='bbox 1044 3546 1236 3596; x_wconf 83' lang='lat' dir='ltr'>consumatur.</span> <span class='ocrx_word' id='word_1_281' title='bbox 1283 3533 1345 3608; x_wconf 81' lang='lat' dir='ltr'>Quo</span> 
     </span>
     <span class='ocr_line' id='line_1_38' title="bbox 313 3619 1345 3699; baseline -0.002 -20"><span class='ocrx_word' id='word_1_282' title='bbox 313 3619 439 3679; x_wconf 68' lang='lat' dir='ltr'>idmodo</span> <span class='ocrx_word' id='word_1_283' title='bbox 456 3620 523 3678; x_wconf 89' lang='lat' dir='ltr'>finnt</span> <span class='ocrx_word' id='word_1_284' title='bbox 545 3620 764 3681; x_wconf 83' lang='lat' dir='ltr'>innumerabiles</span> <span class='ocrx_word' id='word_1_285' title='bbox 780 3624 906 3699; x_wconf 90' lang='lat' dir='ltr'>species.</span> <span class='ocrx_word' id='word_1_286' title='bbox 945 3620 1034 3681; x_wconf 91' lang='lat' dir='ltr'>Huius</span> <span class='ocrx_word' id='word_1_287' title='bbox 1050 3622 1124 3680; x_wconf 89' lang='lat' dir='ltr'>enim</span> <span class='ocrx_word' id='word_1_288' title='bbox 1138 3630 1203 3679; x_wconf 88' lang='lat' dir='ltr'>sunt</span> <span class='ocrx_word' id='word_1_289' title='bbox 1218 3619 1345 3697; x_wconf 86' lang='lat' dir='ltr'>generis,</span> 
     </span>
     <span class='ocr_line' id='line_1_39' title="bbox 355 3701 1345 3785; baseline -0.002 -21"><span class='ocrx_word' id='word_1_290' title='bbox 355 3722 418 3764; x_wconf 90' lang='lat' dir='ltr'>oum</span> <span class='ocrx_word' id='word_1_291' title='bbox 435 3703 470 3764; x_wconf 86' lang='lat' dir='ltr'>ab</span> <span class='ocrx_word' id='word_1_292' title='bbox 486 3703 642 3764; x_wconf 86' lang='lat' dir='ltr'>Hannibale</span> <span class='ocrx_word' id='word_1_293' title='bbox 662 3724 755 3768; x_wconf 88' lang='lat' dir='ltr'>cueso</span> <span class='ocrx_word' id='word_1_294' title='bbox 775 3707 861 3784; x_wconf 86' lang='lat' dir='ltr'>opud</span> <span class='ocrx_word' id='word_1_295' title='bbox 878 3703 1003 3767; x_wconf 82' lang='lat' dir='ltr'>Curuus</span> <span class='ocrx_word' id='word_1_296' title='bbox 1024 3705 1187 3785; x_wconf 73' lang='lat' dir='ltr'>sesopiuto</span> <span class='ocrx_word' id='word_1_297' title='bbox 1200 3704 1287 3766; x_wconf 80' lang='lat' dir='ltr'>milio</span> <span class='ocrx_word' id='word_1_298' title='bbox 1306 3701 1345 3762; x_wconf 88' lang='lat' dir='ltr'>di·</span> 
     </span>
    </p>
   </div>
   <div class='ocr_carea' id='block_1_3' title="bbox 0 0 1596 4409">
    <p class='ocr_par' dir='ltr' id='par_1_3' title="bbox 0 0 1596 4409">
     <span class='ocr_line' id='line_1_40' title="bbox 0 0 1596 4409; baseline 0 3"><span class='ocrx_word' id='word_1_299' title='bbox 0 0 1596 4409; x_wconf 95' lang='lat' dir='ltr'> </span> 
     </span>
    </p>
   </div>
  </div>
 </body>
</html>
