3184 4409
580 465 669 515 msr.
686 466 835 516 oneror.
851 467 921 515 nm.
935 468 973 535 v,
989 467 1014 519 1.
1232 455 1289 518 191

682 731 858 795 LIBER
884 731 926 796 V.

297 860 378 911 Libro
394 860 481 924 quinto
498 859 561 910 haec
574 863 744 911 continentur:
766 862 804 912 De
816 861 1008 927 probationibus
1022 860 1233 916 inartificialibus.
1254 863 1291 914 De

332 926 507 994 praeiudiciis.
527 929 565 979 De
574 945 683 980 rumore.
699 931 738 981 De
746 932 887 982 tormentis.
908 932 944 980 De
954 930 1057 980 tabulis.
1076 930 1111 979 De
1121 932 1290 985 iureiurando.

332 998 497 1050 Detestibus.
528 999 565 1048 De
579 1000 726 1064 probatione
744 1001 879 1053 artificiali.
912 1001 948 1049 De
960 1001 1051 1064 signis.
1081 999 1117 1048 De
1128 1003 1290 1065 argumentis.

333 1067 373 1116 De
390 1067 539 1132 exemplis·
565 1067 602 1118 De
620 1084 669 1118 usu
690 1079 901 1134 argumentorum.
943 1069 980 1118 De
1002 1068 1159 1122 refutatione.
1196 1070 1292 1128 Quibus

333 1144 430 1185 constet
445 1136 609 1200 epichirema.
649 1139 680 1188 Et
696 1138 787 1201 quibus
801 1139 931 1188 refelletur
944 1139 1037 1190 modis.
1074 1138 1111 1188 De
1128 1154 1177 1188 usu
1195 1138 1314 1203 epichi-⁴

334 1211 444 1256 rematos
461 1213 486 1254 ct
504 1205 712 1270 cnthymematos.

478 1355 520 1405 DE
535 1355 793 1408 PROBATIONIBUS
810 1357 1113 1411 lNARTlFIClALlBUS.

384 1426 412 1517 lJ
419 1454 629 1513 rooemium.
665 1453 791 1515 Fuerunt
807 1465 835 1514 et
854 1456 925 1516 olari
942 1456 1055 1533 quidem
1070 1465 1215 1531 auctores,
1230 1456 1291 1534 qui·

298 1538 355 1598 bus
375 1537 468 1599 solum
484 1537 630 1597 videretur
646 1541 769 1599 oratoris
785 1540 910 1599 officium
926 1540 1048 1608 docere;
1068 1558 1190 1617 namque
1206 1549 1235 1598 et
1250 1539 1291 1598 ai·

298 1622 396 1682 fectus
417 1620 524 1699 duplici
544 1623 655 1681 ratione
683 1623 880 1684 excludendos
906 1623 1057 1702 putabant,
1086 1626 1204 1703 primum
1226 1624 1292 1701 quia

299 1708 398 1765 vitium
413 1713 492 1764 esset
507 1707 596 1764 omnis
618 1709 700 1766 animi
715 1707 909 1785 perturbatio,
930 1708 1033 1768 deinde
1054 1710 1118 1785 quia
1139 1709 1293 1768 iudicema

300 1791 425 1868 veritate
441 1789 512 1868 pelli
526 1790 733 1866 misericordia,
751 1794 844 1868 gratia
854 1792 1050 1870 similibusque
1062 1809 1119 1851 non
1130 1799 1291 1870 oporteret,

302 1883 333 1932 et
348 1874 524 1951 voluptatem
540 1873 711 1934 audientium
723 1884 835 1952 petere,
853 1894 915 1934 enm
928 1876 1060 1935 vincendi
1077 1885 1182 1935 tanturn
1200 1876 1292 1952 gratia

301 1956 463 2031 diceretur,
485 1973 542 2014 non
558 1958 642 2018 modo
659 1960 754 2035 agenti
773 1966 982 2036 supervacuum
997 1960 1049 2019 sed
1067 1962 1115 2018 vix
1131 1962 1215 2018 etiam
1228 1961 1291 2016 viro

301 2040 417 2118 dignum
435 2039 657 2111 arbitrabantur;
680 2042 779 2120 plures
794 2060 884 2116 vero,
907 2045 954 2119 qui
970 2061 1025 2101 nec
1043 2042 1078 2101 ab
1094 2043 1149 2101 illis
1165 2045 1226 2100 sine
1242 2042 1320 2101 dul

299 2123 349 2183 hio
366 2124 493 2203 partibus
514 2126 651 2185 rationem
676 2125 774 2186 orandi
791 2135 1017 2200 summoverent,
1041 2125 1098 2185 hoc
1113 2135 1206 2185 tamen
1225 2141 1292 2203 pro-

301 2210 394 2287 prium
409 2218 495 2286 atque
511 2211 696 2287 praecipuum
711 2210 864 2269 crederent
882 2226 972 2287 opus,
993 2227 1044 2268 sna
1066 2210 1234 2268 confirmare
1251 2216 1290 2282 et,

301 2310 377 2369 quae
394 2311 431 2351 ex
444 2292 565 2351 adverso
581 2302 822 2372 proponerentur,
838 2293 974 2353 refutare.
1007 2293 1219 2370 Utrumcunque
1235 2297 1319 2364 est,3

301 2377 414 2453 (neque
432 2378 505 2435 enim
527 2376 664 2437 hocloco
680 2396 771 2437 meam
788 2379 941 2456 interpono
957 2379 1147 2456 sententiam)
1167 2378 1214 2437 liic
1237 2376 1292 2456 erit

300 2460 376 2519 liber
396 2460 510 2519 illorum
528 2462 661 2538 opinione
683 2463 803 2520 maxime
823 2465 1023 2537 necessarius,
1050 2463 1115 2539 quia
1137 2470 1198 2520 toto
1219 2460 1293 2521 lraec

301 2544 367 2603 sola
386 2553 554 2613 tractantur;
574 2545 675 2621 quibus
691 2564 760 2604 sane
776 2555 805 2605 et
821 2564 870 2619 ea,
888 2546 1013 2622 quaeda
1030 2545 1208 2606 iudicialibus
1225 2561 1291 2604 cau·

301 2629 342 2686 sis
365 2628 516 2687 iamdicta
537 2638 616 2702 sunt,
637 2631 774 2688 serviunt.
820 2630 891 2688 Nam
911 2648 1005 2707 neque
1030 2632 1171 2708 prooemii
1196 2635 1321 2705 nequet

300 2713 472 2770 narrationis
493 2721 538 2770 est
553 2711 625 2771 alius
640 2731 725 2789 usus,
749 2731 832 2792 quarn
849 2715 1009 2774 utiudicem
1023 2713 1089 2774 lruic
1103 2722 1291 2792 praeparentt

302 2804 331 2853 et
353 2803 442 2854 status
464 2805 657 2874 nossentque
678 2815 728 2872 ea,
753 2797 912 2875 dequibus
936 2816 1023 2876 supra
1046 2800 1229 2876 scripsimus,
1250 2797 1304 2858 in·.

301 2881 391 2954 tueri,
413 2898 621 2958 supervacuum
640 2880 733 2955 leret,
756 2883 811 2940 nisi
831 2881 866 2941 ad
881 2881 954 2941 bano
971 2884 1196 2960 perveniremus.
1232 2880 1319 2939 lle-5

301 2964 388 3039 nique
406 2980 444 3022 ex
466 2965 605 3042 quinque,
629 2982 699 3041 quas
722 2964 863 3024 iudicialis
887 2968 1023 3025 materiae
1043 2967 1178 3041 fecimus,
1203 2966 1290 3042 parti·

300 3044 366 3121 bus,
384 3064 571 3125 quaecunque
587 3047 643 3108 alia
659 3057 755 3126 potest
770 3048 922 3126 aliquando
935 3052 1099 3110 necessaria
1115 3066 1219 3108 causae
1234 3065 1291 3106 non

302 3147 387 3198 esse;
412 3131 448 3190 lis
469 3131 545 3190 nulla
566 3141 628 3206 est,
650 3134 695 3191 cui
715 3132 936 3210 probatione
959 3151 1034 3211 opus
1055 3151 1112 3192 non
1132 3133 1178 3191 sit.
1220 3131 1290 3191 llius

300 3224 460 3292 praecepta
475 3216 518 3274 sic
533 3218 639 3293 optime
654 3214 771 3274 divisuri
785 3217 924 3292 videmur,
942 3226 972 3276 ut
984 3218 1073 3296 prius,
1090 3233 1162 3293 quae
1174 3217 1202 3274 in
1214 3232 1289 3275 com·

299 3315 385 3355 mune
405 3298 441 3357 ad
467 3314 565 3358 ornnes
583 3300 767 3377 quaestiones
782 3302 942 3377 pertinent,
958 3300 1154 3366 ostendamus;
1175 3299 1290 3376 deinde,

300 3399 376 3458 quae
391 3384 420 3440 in
433 3400 547 3460 quoque
564 3400 667 3442 causae
684 3401 794 3459 genere
810 3385 928 3463 propria
942 3387 1008 3459 sint,
1024 3401 1208 3462 exequamur.

384 3464 406 3523 1.
435 3465 479 3525 Ae
499 3468 587 3543 prima
606 3467 719 3545 quidem
737 3467 786 3526 illa
810 3469 925 3545 partitio
950 3467 986 3527 ab
1007 3467 1167 3527 Aristotele
1188 3468 1290 3529 tradita

300 3565 473 3608 consensum
488 3550 550 3609 iere
566 3552 688 3610 omnium
706 3553 818 3628 meruit,
834 3551 905 3611 alies
924 3569 991 3611 esse
1005 3550 1201 3629 probationes,
1218 3570 1290 3631 quas

300 3641 383 3692 extra
398 3633 511 3693 dicendi
525 3636 664 3694 rationem
676 3636 823 3713 acciperet
836 3644 949 3702 orator;
966 3636 1047 3709 alias,
1064 3653 1134 3713 quas
1151 3654 1188 3694 ex
1204 3653 1290 3696 causa

300 3717 428 3779 traheret
443 3718 507 3797 ipse
522 3727 552 3777 et
573 3718 795 3804 quodammodo
810 3721 953 3797 gigneret.
983 3719 1111 3800 Ideoque
1126 3719 1191 3780 illas
1209 3711 1289 3796 ἀτέχ-
