3184 4409
576 522 986 590 1usu.ouauon.um.1,5.
1239 509 1279 570 ts

246 738 248 745 .
288 681 410 742 forsitan
427 680 557 739 videatur
575 678 689 753 dicere,
708 678 928 754 barbarismum,
948 679 1025 757 quod
1040 687 1085 738 est
1099 680 1181 737 unius
1197 677 1280 737 verbi

290 769 402 840 vitium,
432 764 494 822 lieri
519 781 573 842 per
596 780 729 822 numeros
757 772 805 823 aut
827 781 938 840 genera
963 765 1036 822 sicut
1061 764 1279 823 soloecismum:

291 849 376 910 ecclc
390 856 486 907 tamen
504 857 533 906 et
546 866 643 926 scopa
661 855 819 924 contraque
839 849 957 908 bordon
975 856 1003 906 et
1018 847 1132 923 mulsa,
1151 847 1221 906 licet
1235 846 1280 906 lit·

292 941 415 992 terarum
437 933 637 1005 mutationem,
669 932 894 1008 detractionem,
926 930 1117 990 adiectionem
1144 930 1279 1004 habeant,

294 1032 347 1076 non
373 1015 431 1075 alio
456 1017 561 1074 vitiosa
581 1025 662 1090 sunt,
690 1033 773 1093 quarn
794 1016 871 1093 quod
896 1013 1018 1093 pluralia
1040 1013 1225 1090 singulariter
1251 1022 1281 1073 et

296 1098 446 1176 singularia
466 1099 618 1177 pluraliter
635 1098 805 1166 ederuntur3
830 1109 859 1159 et
872 1101 980 1177 plodio
997 1100 1044 1177 qui
1064 1099 1209 1175 dixerunt,
1229 1117 1280 1175 ge·

295 1201 359 1242 uere
380 1179 559 1242 exciderunt
600 1182 658 1243 Sed
683 1183 740 1242 hoc
766 1199 882 1260 quoque
907 1191 1007 1241 notare
1032 1191 1183 1241 contentus
1206 1200 1279 1254 sum,
1289 1187 1322 1243 17

297 1284 329 1325 ne
345 1269 400 1327 arti
423 1266 507 1344 culpa
527 1267 702 1345 quorundam
726 1267 919 1344 pervicacium
943 1266 1103 1345 perplexae
1128 1265 1228 1326 videar
1252 1274 1281 1324 et

246 1392 249 1423 ἱ
297 1350 353 1428 ipse
374 1352 573 1428 quaestionem
591 1351 745 1410 addidisse.

246 1488 248 1503 ,
371 1434 439 1495 Plus
468 1436 596 1510 exigunt
612 1433 775 1494 subtilitatis
805 1450 878 1511 quae
907 1433 1077 1494 accidunt'
1067 1452 1097 1493 ιιι
1124 1431 1280 1492 dicendo

246 1556 250 1570 ι
299 1518 372 1594 titia,
396 1519 462 1596 quia
484 1517 618 1595 exempla
640 1535 738 1576 eorum
759 1518 831 1577 tradi
854 1519 963 1596 scripto
987 1535 1044 1576 non
1064 1525 1201 1596 possunt,
1226 1517 1281 1574 nisi

246 1666 250 1675 ,
302 1618 354 1661 oum
378 1603 407 1661 in
431 1620 535 1660 uersus
559 1602 735 1676 inciderunt,
763 1611 793 1660 ut
822 1601 925 1661 divisio
950 1599 1095 1680 Europae
1120 1610 1149 1661 et
1172 1597 1279 1666 Asice;

302 1694 324 1744 et
346 1688 373 1745 ei
403 1688 576 1747 contrarium
602 1687 716 1759 vitium,
746 1685 823 1763 quod
850 1686 1017 1766 σνναίρεσιν
1042 1695 1071 1744 el
1098 1674 1282 1760 συναλοιφὴν

303 1767 393 1830 Graeci
410 1777 531 1844 vocant,
555 1786 608 1828 nos
626 1769 857 1847 complexionem
874 1769 1010 1845 dicimus,
1033 1769 1124 1848 qualis
1144 1776 1189 1827 est
1206 1767 1282 1845 apud

246 1888 253 1927 ς
301 1850 324 1911 Ρ.
334 1853 506 1914 Varronem:
529 1852 602 1915 Tcm
614 1862 642 1914 tc
656 1851 803 1931 {laurenti
818 1855 968 1915 deiectum
980 1855 1105 1932 fulmine
1117 1851 1279 1914 Pbcetboc.

300 1933 359 1999 Nam
381 1939 406 1996 si
427 1945 507 1997 esset
527 1954 615 2016 prosa
635 1939 742 2013 oratio,
768 1937 885 1997 easdem
907 1937 1017 1997 litteras
1036 1940 1184 1997 enuntiare
1202 1937 1280 1994 veris
1289 1938 1324 1994 18

300 2021 409 2094 syllabis
430 2020 545 2081 licebat.
582 2021 736 2081 Praeterea
753 2039 826 2098 quae
845 2021 914 2080 liunt
932 2023 1041 2100 spatio,
1062 2022 1124 2080 sive
1143 2038 1204 2093 curn
1223 2019 1280 2094 syl·

299 2101 354 2164 laba
381 2114 517 2183 correpta
540 2106 725 2184 producitur,
752 2114 782 2164 ut
805 2103 929 2165 ltclr‘cm
950 2107 1017 2183 fcto
1038 2106 1203 2185 profcpcs,
1228 2121 1281 2162 seu

299 2186 377 2266 longa
395 2190 564 2266 corripitur,
586 2198 617 2248 ut
638 2186 733 2249 Unius
749 2190 785 2250 ob
804 2206 916 2250 ccccm
936 2197 964 2249 et
979 2189 1097 2266 furias,
1119 2196 1199 2246 extra
1220 2203 1280 2244 car·

249 2291 250 2296 ¹
297 2287 354 2331 nen
376 2289 437 2331 non
459 2271 673 2350 deprehendas;
701 2272 753 2331 sed
780 2290 835 2331 uec
862 2272 890 2330 in
914 2273 1038 2332 carmine
1058 2273 1127 2330 vitia
1151 2269 1280 2329 ducenda

296 2365 362 2416 sunt.
406 2354 459 2415 llla
477 2374 548 2416 vero
569 2357 681 2417 nonnisi
699 2373 767 2416 aure
789 2359 957 2432 exiguntur,
980 2360 1054 2433 qua‘e
1073 2355 1141 2414 liunt
1159 2372 1212 2432 per
1233 2370 1280 2412 so·
1288 2362 1323 2416 19

294 2456 355 2508 nos;
380 2457 540 2518 quanquam
558 2459 612 2518 per
630 2441 849 2518 aspirationem,
870 2442 931 2499 sive
948 2441 1078 2500 adiicitur
1094 2441 1199 2499 vitiose
1218 2439 1279 2497 sive

294 2521 461 2599 detrahitur,
484 2525 559 2602 apud
577 2543 630 2584 nos
650 2533 748 2603 potest
770 2527 869 2602 quaeri
888 2543 923 2584 an
940 2527 968 2583 in
987 2525 1096 2602 scripto
1116 2525 1153 2582 sit
1172 2523 1279 2596 vitium,

246 2638 248 2655 ι
293 2607 314 2665 si
331 2607 357 2666 H
380 2607 553 2683 litteraest,
572 2626 628 2668 non
645 2618 721 2668 nota.
756 2607 843 2668 Cuius
864 2609 979 2686 quidem
998 2611 1071 2668 ratio
1093 2616 1198 2666 mutata
1218 2623 1281 2665 cum

292 2689 467 2769 temporibus
487 2701 531 2751 est
550 2694 675 2771 saepius.
708 2692 878 2752 Parcissime
897 2711 931 2751 ea
950 2703 1067 2753 veteres
1087 2693 1130 2750 usi
1152 2691 1323 2751 etiamtunc

290 2774 456 2851 vocalibus,
477 2794 540 2835 cunr
558 2780 650 2839 oedos
668 2778 808 2854 ircosque
827 2776 977 2852 dicebant,
996 2776 1042 2837 diu
1061 2776 1164 2837 deinde
1181 2791 1279 2834 serva·

289 2867 359 2935 tum,
380 2877 417 2917 ne
432 2860 654 2920 consonantibus
671 2863 846 2938 aspirarent,
862 2863 934 2920 utin
949 2861 1078 2922 Graccis
1093 2869 1121 2918 et
1134 2861 1162 2918 iu
1178 2861 1280 2919 trirem-

287 2944 352 3020 pia,·
372 2945 468 3022 erupit
488 2943 569 3003 brevi
587 2955 716 3022 tempore
736 2946 836 3004 nimius
855 2963 939 3019 usus,
958 2955 987 3005 ut
1004 2945 1171 3018 cbcrocce,
1190 2943 1275 3004 cluen-

289 3028 439 3099 tunoncsq
458 3030 650 3106 praechones
666 3029 758 3088 adbuc
781 3027 949 3127 quibusdam
968 3026 1202 3109 inscriptionibus
1224 3043 1280 3085 ma·

289 3119 388 3195 beant,
412 3111 520 3188 quade
539 3131 571 3171 rc
590 3111 695 3172 Catulli
714 3111 811 3172 nobile
833 3115 1007 3190 epigramma
1026 3122 1080 3172 est.
1112 3111 1182 3170 lnde
1201 3112 1319 3170 duratll

288 3194 321 3254 ad
342 3211 397 3254 nos
418 3213 511 3273 usque
528 3198 717 3258 cebemercter
737 3205 766 3255 et
784 3198 1040 3274 comprehendere
1059 3205 1087 3256 et
1107 3196 1194 3269 mitt,
1217 3212 1281 3260 nam

287 3278 373 3341 melre
388 3296 505 3378 quoque
520 3298 574 3358 pro
589 3300 636 3341 me
651 3280 726 3357 apud
744 3282 876 3358 antiquos
893 3281 1105 3356 tragoediarum
1123 3282 1280 3358 praecipue

287 3363 478 3441 scriptores
470 3383 497 3423 ιιι
515 3364 663 3424 veteribus
684 3363 792 3424 libris
784 3364 951 3422 invenimus.

371 3445 537 3507 Adbucl
494 3448 521 3514 di
524 3449 639 3508 licilior
663 3447 828 3506 observatio
855 3457 900 3506 est
921 3466 975 3525 per
996 3453 1164 3522 tenores,
1192 3448 1322 3525 (quostt

287 3527 402 3606 quidem
423 3531 459 3591 ab
481 3534 602 3610 antiquis
627 3532 734 3593 dictos
743 3540 864 3593 tortores
883 3533 1010 3609 comperi
1033 3531 1171 3591 videlicet
1192 3530 1280 3590 decli·

286 3622 353 3672 nato
376 3631 392 3673 a
415 3613 535 3675 Graecis
556 3615 665 3691 verbo,
691 3616 739 3693 qui
760 3609 862 3687 τόνους
885 3615 996 3695 dicunt)
1017 3615 1066 3676 vel
1087 3623 1278 3685 accentus,

287 3713 358 3773 quas
375 3697 478 3759 Graeci
493 3699 659 3783 προσῳδίας
673 3708 794 3773 vocant,
815 3717 878 3758 cum
895 3709 977 3759 acuta
994 3709 1023 3758 et
1038 3701 1135 3776 gravis
1153 3698 1209 3757 alia
1226 3712 1279 3774 pro

286 3779 342 3841 alia
365 3792 524 3861 ponuntur,
548 3793 579 3843 ut
601 3785 629 3842 in
651 3783 709 3843 boc
733 3780 899 3866 Curtillus,
921 3786 948 3849 si
973 3786 1086 3852 acuitur
1108 3785 1225 3866 prima,
1247 3785 1347 3839 autam
