3184 4409
562 481 650 530 ruso.
667 482 816 532 onnron.
832 483 901 531 nro.
916 466 960 550 11,
978 480 1021 534 la
1249 469 1288 532 83

294 647 358 713 tor,
382 637 449 715 quid
470 636 573 710 deceat
600 637 716 714 etquid
739 636 884 714 expediat.
928 637 1055 716 Expedit
1080 648 1172 698 autern
1198 656 1290 716 saepe

296 731 408 781 mutare
425 740 462 780 ex
479 720 529 780 illo
548 723 702 780 constituto
718 722 881 798 traditoque
897 722 997 781 ordine
1017 723 1111 800 aliqua
1133 732 1162 782 et
1177 725 1289 782 interim
1347 782 1350 788 ,

295 808 397 881 decet,
417 815 448 864 ut
467 806 495 863 in
516 807 616 864 statuis
637 814 724 882 atque
750 806 870 884 picturis
890 806 1020 865 videmus
1040 809 1143 866 variari
1164 805 1287 882 habitus,

294 890 402 964 vultus,
418 898 519 948 status.
555 888 626 948 Nam
646 891 718 948 recti
734 889 849 967 quidem
864 892 995 966 corporis
1008 891 1056 949 vel
1071 892 1182 949 minima
1196 892 1288 966 gratia

296 983 353 1042 est;
377 991 481 1051 nempe
503 974 577 1032 enim
603 973 726 1032 adversa
749 975 785 1033 sit
806 974 896 1032 facies
918 982 947 1032 et
969 975 1092 1033 demissa
1117 974 1233 1033 brachia
1261 983 1316 1040 eto

295 1059 381 1118 iuncti
396 1057 488 1135 pedes
503 1066 533 1116 et
547 1075 564 1116 a
579 1059 693 1117 summis
708 1058 743 1117 ad
758 1059 812 1118 ima
825 1059 922 1133 rigens
939 1073 1021 1135 opus.
1058 1055 1166 1116 Flexos
1181 1058 1235 1116 ille·
1248 1068 1287 1133 et,

247 1140 249 1145 ’
294 1152 322 1201 nt
335 1143 381 1201 sic
396 1142 533 1217 dixerim,
555 1149 648 1199 motus
667 1141 713 1200 dat
728 1151 822 1216 aptum
843 1142 984 1218 quendam
1004 1151 1033 1200 et
1047 1141 1189 1201 allectum.
1218 1141 1288 1200 ldeo

246 1218 249 1230 '
294 1245 346 1286 nec
366 1226 404 1285 ad
426 1244 510 1284 unum
529 1225 643 1284 modum
663 1225 804 1284 formatae
824 1243 921 1284 manus
944 1234 972 1284 et
991 1228 1020 1284 in
1034 1225 1113 1284 vultu
1127 1225 1205 1284 mille
1221 1244 1287 1303 spe-

295 1314 364 1370 cies.
412 1306 532 1368 Cursum
547 1307 653 1368 habent
668 1309 808 1387 quaedam
824 1318 853 1368 et
872 1311 1024 1388 impetum,
1047 1310 1156 1369 sedent
1172 1309 1227 1368 alia
1241 1311 1331 1374 vello

294 1392 472 1461 incumbunt-3
497 1391 571 1453 nuda
593 1392 676 1468 haec,
699 1393 748 1452 illa
763 1392 859 1452 velata
874 1403 954 1469 sunt,
981 1395 1120 1470 quaedam
1142 1395 1229 1452 mixta
1251 1413 1289 1452 ex

294 1487 428 1556 utroque·
474 1476 548 1549 Quid
565 1486 621 1535 tam
639 1477 790 1537 distortum
805 1486 834 1536 et
852 1476 1044 1553 elaboratum,
1068 1496 1151 1556 quam
1172 1486 1217 1536 est
1237 1478 1288 1537 ille

295 1561 465 1622 discobolos
481 1557 633 1636 Myronis?
662 1562 692 1620 Si
713 1563 776 1639 quis
798 1570 908 1636 tamen,
931 1571 961 1619 ut
975 1579 1076 1638 parum
1091 1572 1217 1636 rectum,
1238 1564 1287 1620 im-

293 1646 399 1724 probet
422 1663 511 1724 opus:
534 1662 628 1703 nonne
645 1644 680 1704 ab
704 1644 853 1705 intellectu
874 1647 942 1705 artis
959 1645 1097 1720 abfuerit,
1116 1647 1145 1704 in
1167 1664 1221 1722 qua
1239 1646 1289 1705 vel

293 1732 452 1808 praecipue
464 1728 614 1789 laudabilis
628 1738 672 1787 est
685 1731 747 1807 ipsa
759 1730 809 1789 illa
825 1732 936 1790 novitas
948 1748 982 1788 ao
994 1726 1168 1790 difficultas?
1200 1729 1329 1803 Quamll

293 1815 409 1893 quidem
426 1815 546 1890 gratiam
561 1822 589 1871 et
604 1813 826 1873 delectationem
841 1814 962 1873 afferunt
976 1815 1096 1890 figurae,
1114 1832 1245 1892 quaeque
1260 1816 1289 1872 in

292 1898 428 1958 sensibus
443 1914 575 1975 qaraeque
586 1899 614 1955 in
629 1897 726 1956 verbis
743 1907 820 1965 sunt;
841 1907 948 1957 mutant
964 1901 1037 1956 enim
1051 1899 1156 1976 aliquid
1173 1917 1189 1957 a
1205 1908 1288 1957 recto

292 1993 381 2062 atque
395 1982 470 2041 hanc
484 1998 554 2059 prae
570 2000 603 2041 se
618 1983 752 2040 virtutem
764 1982 870 2056 lerunt,
887 1982 990 2059 quoda
1004 1983 1211 2041 consuetudine
1225 1982 1287 2040 vul·

292 2069 355 2144 gari
384 2074 580 2126 recesserunt.
630 2064 723 2124 llabet
751 2068 778 2125 in
807 2067 918 2143 pictura
943 2069 1072 2143 speciem
1097 2075 1157 2124 tota
1183 2065 1330 2133 iacies;12

292 2149 418 2229 Apelles
438 2159 532 2209 tamen
545 2151 696 2226 imaginem
711 2148 848 2224 Antigoni
863 2150 955 2209 latere
967 2158 1072 2208 tantum
1085 2148 1178 2208 altero
1191 2159 1288 2208 osten·

293 2236 351 2311 dit,
376 2243 406 2293 ut
428 2235 523 2293 amissi
543 2235 620 2293 oculi
636 2233 802 2293 deformitas
820 2233 933 2291 lateret.
978 2229 1077 2305 Quid?
1097 2249 1154 2291 non
1174 2234 1203 2290 in
1225 2249 1288 2291 ora·

292 2323 372 2379 tione
388 2318 546 2396 operienda
561 2327 626 2376 sunt
642 2316 809 2395 quaedam,
821 2319 883 2375 sive
905 2317 1018 2376 ostendi
1035 2333 1092 2375 non
1107 2316 1212 2375 dehent
1226 2318 1289 2374 sive

293 2404 417 2481 exprimi
442 2418 496 2480 pro
524 2403 662 2479 dignitate
687 2418 744 2460 non
768 2399 909 2478 possunt?
947 2400 985 2460 Ut
1014 2400 1085 2460 lecit
1115 2400 1289 2476 Timanthes,
1298 2409 1331 2461 13

292 2489 416 2566 opinor,
446 2482 583 2560 Cythnius
612 2488 640 2545 in
665 2503 700 2545 ea
725 2484 839 2559 tabula,
867 2504 921 2563 qua
944 2483 1068 2544 Coloten
1091 2485 1190 2544 Teium
1209 2486 1287 2543 vicit.
1332 2540 1334 2542 ,

291 2571 366 2632 Nam
387 2588 452 2630 cum
469 2571 497 2628 in
516 2569 684 2648 Iphigeniae
706 2569 900 2628 immolatione
926 2571 1067 2646 pinxisset
1092 2572 1203 2628 tristem
1223 2565 1288 2628 Gal·

293 2657 442 2728 chantem,
464 2655 619 2713 tristiorem
634 2653 754 2728 Ulixen,
775 2653 933 2714 addidisset
946 2652 1096 2730 Menelao,
1115 2670 1200 2732 quem
1214 2670 1289 2711 sum·

292 2757 368 2800 mum
382 2746 498 2816 poterat
513 2755 559 2797 ars
583 2739 718 2814 efficere,
739 2754 914 2797 maerorem:
936 2740 1111 2816 consumptis
1126 2735 1288 2811 affectibus,
1353 2762 1355 2765 ·

294 2842 350 2883 non
366 2823 537 2900 reperiens,
563 2840 619 2900 quo
644 2821 729 2898 digne
749 2821 835 2880 modo
851 2823 940 2900 patris
955 2823 1064 2881 vultum
1079 2830 1180 2900 posset
1194 2821 1289 2898 expri-

295 2925 384 2982 mere,
401 2906 509 2965 velavit
526 2907 588 2964 eius
604 2916 690 2984 caput
705 2914 734 2965 et
748 2923 801 2964 suo
819 2907 922 2984 carique
939 2908 1031 2964 animo
1047 2906 1126 2966 dedit
1140 2905 1289 2965 aestiman-

295 2993 370 3052 dum.
411 2989 514 3048 Nonne
538 2989 604 3048 huic
631 2990 724 3049 simile
748 2999 793 3048 est
816 2990 887 3048 illud
907 2990 1124 3065 Sallustianum,
1149 2987 1230 3049 Nam
1251 2989 1331 3050 dall

296 3074 483 3152 Carthagine
499 3081 605 3134 tacere
619 3076 718 3135 sotios
730 3081 804 3151 poto
821 3089 913 3151 quom
925 3092 1038 3152 porum
1059 3074 1190 3136 dicere?
1221 3071 1290 3132 Pro·

294 3170 360 3238 pter
376 3157 532 3237 quaemihi
550 3175 665 3237 semper
685 3159 773 3216 moris
794 3158 862 3233 fuit,
884 3175 968 3235 quam
982 3160 1094 3217 minime
1109 3157 1230 3233 alligare
1244 3175 1291 3216 me

294 3244 329 3304 ad
349 3251 526 3322 praecepta,
549 3260 623 3320 quac
648 3232 796 3301 καθολικᾶ
810 3242 954 3316 vocitant,
975 3242 1004 3301 id
1026 3251 1070 3301 est
1092 3242 1144 3320 (ut
1164 3240 1291 3300 dicamus

293 3327 441 3406 quomodo
456 3328 624 3405 possumus)
641 3326 816 3385 universalia
833 3325 882 3384 vel
897 3326 1087 3403 perpetualia.
1124 3324 1201 3383 Raro
1217 3327 1292 3404 enim

292 3413 442 3490 reperitur
458 3409 515 3469 hoc
529 3427 638 3486 genus,
659 3419 759 3469 utnon
774 3408 944 3469 labefactari
968 3420 1051 3488 parte
1067 3410 1161 3488 aliqua
1180 3418 1210 3468 et
1224 3407 1290 3468 sub·

291 3499 336 3555 rui
364 3496 467 3573 possit.
512 3493 570 3553 Sed
591 3494 627 3553 de
649 3493 693 3554 his
716 3493 831 3571 plenius
852 3511 904 3552 suo
922 3493 1046 3572 quidque
1067 3494 1134 3553 loco
1156 3492 1290 3553 tractabi-

292 3597 365 3640 mus.
411 3578 527 3637 lnterim
546 3578 614 3637 nolo
639 3596 672 3636 se
692 3579 812 3637 iuvenes
833 3579 904 3636 satis
919 3579 1091 3653 instructos,
1115 3580 1139 3637 si
1155 3596 1239 3655 quom
1254 3585 1333 3637 exio

291 3665 348 3740 his,
367 3665 416 3743 qui
430 3661 537 3722 breves
552 3662 722 3740 plerumque
738 3662 985 3738 circumferuntur,
1000 3664 1069 3723 artis
1085 3662 1214 3721 libellum
1230 3659 1289 3718 edi-

293 3749 432 3825 dicerint,
445 3755 487 3806 ³et
506 3745 585 3807 velut
600 3746 725 3806 decretis
740 3745 939 3807 technicorum
953 3755 1031 3808 tutos
1045 3755 1160 3828 putent.
1186 3742 1299 3803 ¹hhuhto

1096 3831 1141 3896 ψ
