3184 4409
349 445 386 508 18
673 458 1030 519 ιιιιιιιριιιιιιιιιιιιι

348 612 461 692 quidem
474 613 530 674 hac
547 612 753 690 castigatione,
772 614 797 672 si
816 611 947 673 assiduus
962 611 1260 675 studiorumexactor
1273 617 1333 676 asti

304 708 338 762 15
346 700 422 757 terit.
462 697 545 758 Nunc
558 698 622 756 fere
641 697 817 774 negligentia
832 698 1068 775 paedagogorum
1080 699 1124 757 sic
1138 697 1285 760 emendari
1297 701 1331 759 ti·

347 779 445 856 detur,
467 789 498 840 ut
517 783 599 859 pueri
615 798 671 840 non
687 781 802 856 facere,
825 799 900 858 quae
908 790 995 841 recta
1013 789 1094 857 sunt,
1115 791 1258 858 cogantur
1274 782 1329 857 sed,
1357 762 1359 861 l

348 883 411 924 cum
429 881 486 923 non
508 865 644 941 fecerint,
665 867 825 943 puniantur.
866 864 1009 965 Denique·
1020 882 1084 924 cum
1103 865 1256 943 parvulum
1273 884 1327 925 vcr-

347 947 464 1007 beribus
481 951 630 1026 coegeris,
647 949 739 1027 quid
730 966 826 1007 ruvenr
819 948 946 1023 'facias,
964 948 1009 1007 cui
1026 966 1082 1008 nec
1096 948 1227 1009 adhiberi
1242 958 1327 1029 potest

304 1031 393 1094 rohic
405 1039 496 1118 metps
513 1042 542 1092 et
556 1035 664 1093 maiora
679 1031 816 1092 discenda
831 1029 917 1092 sunt?
944 1030 1039 1107 Adde,
1055 1033 1132 1109 quod
1147 1032 1236 1092 multa
1250 1050 1359 1112 vapa
1356 1048 1359 1083 ι

347 1092 474 1175 lantibus
486 1117 563 1177 dictu
578 1117 717 1177 deformia
735 1124 764 1175 et
777 1133 845 1175 mox
858 1116 1052 1175 verecundiae
1069 1116 1165 1176 futura
1180 1134 1270 1196 saepe
1284 1117 1359 1177 do
1353 1191 1355 1193 ι

347 1192 410 1259 lore
426 1200 474 1259 vel
487 1211 563 1260 metu
581 1201 756 1276 acciderunt,
772 1218 820 1278 qur
813 1201 929 1278 pudor
943 1201 1048 1276 frangit
1063 1201 1184 1259 animum
1198 1208 1228 1260 et
1242 1200 1324 1261 abiiotl

304 1290 338 1346 17
346 1293 432 1362 atque
448 1285 538 1362 ipsius
559 1284 633 1344 lucis
649 1284 744 1361 fugam
760 1292 788 1343 et
805 1283 929 1342 taedium
950 1284 1047 1344 dictat.
1085 1283 1144 1343 laun
1164 1284 1189 1343 si
1203 1285 1323 1344 minoris

346 1367 507 1444 deligendis
535 1368 684 1427 custodum
708 1368 756 1427 vel
779 1373 1002 1445 praeceptorum
1027 1367 1154 1426 moribus
1180 1368 1234 1428 fuit
1257 1384 1322 1441 curt,

345 1452 433 1530 pudet
449 1452 563 1528 dicere,
582 1454 611 1512 in
631 1470 704 1531 quae
720 1451 826 1530 probra
841 1452 955 1511 nefandi
976 1451 1106 1510 homines
1121 1453 1178 1511 isto
1199 1449 1323 1512 caedendi

344 1537 407 1594 iure
423 1534 588 1611 abutantur,
611 1554 694 1614 quam
714 1536 763 1595 det
778 1535 842 1595 aliis
861 1553 977 1614 quoque
991 1553 1191 1613 nonnunquam
1206 1531 1323 1611 occasio

345 1637 409 1677 nem
430 1618 478 1678 hic
498 1621 667 1679 miserorum
677 1629 786 1678 metus.
821 1619 887 1678 Nou
907 1618 1042 1678 morabor
1056 1622 1086 1678 in
1104 1629 1187 1697 parte
1206 1620 1273 1693 hac;
1292 1620 1323 1678 ni

345 1704 429 1761 mium
445 1711 488 1762 est
510 1703 586 1781 quod
606 1703 784 1780 intelligitur.
817 1703 913 1777 Quare
933 1703 991 1762 hoc
1012 1703 1121 1762 dixisse
1137 1705 1207 1763 satis
1229 1704 1324 1772 est;ft

346 1795 468 1846 aetatem
485 1786 620 1847 infirmam
644 1797 672 1846 et
686 1788 806 1846 iniuriae
828 1787 980 1846 obnoxiam
1000 1789 1103 1846 nemini
1119 1787 1207 1847 debet
1225 1790 1324 1848 nimiuu

254 1932 256 1938 ,
304 1869 445 1929 l8lfcere.
481 1870 564 1930 Nunc
585 1870 686 1949 quibus
708 1872 898 1931 instituendus
914 1873 950 1930 sit
965 1870 1088 1946 artibus,
1111 1872 1159 1949 qui
1174 1873 1218 1931 sic
1234 1873 1324 1932 fortna-
1358 1888 1359 1896 ¹

345 1953 436 2029 bitur,
461 1963 492 2014 ut
513 1954 575 2016 fieri
592 1957 687 2033 possit
708 1964 822 2032 orator,
848 1965 879 2015 et
900 1973 974 2034 quae
996 1957 1025 2014 in
1044 1973 1157 2034 quaque
1179 1965 1275 2017 aetate
1294 1957 1325 2015 iu

346 2037 489 2114 choanda,
509 2038 607 2099 dicere
625 2040 779 2116 ingrediar.

694 2193 737 2244 DE
757 2192 984 2244 GRAMMATICE.

428 2289 476 2349 IV.
521 2290 629 2350 Primus
650 2292 678 2349 in
703 2309 757 2367 eo,
784 2293 832 2370 qui
853 2290 998 2352 scribendi
1020 2291 1195 2370 legendique
1216 2291 1329 2372 adeptu
1358 2274 1359 2343 ἶ

345 2376 398 2433 erit
420 2373 602 2450 facultatem,
626 2377 875 2450 grammaticis
897 2384 943 2435 est
963 2376 1056 2436 locus.
1089 2375 1153 2435 Nec
1175 2377 1284 2454 refert,
1299 2376 1330 2437 ds

345 2456 456 2516 Graeco
479 2475 514 2516 an
529 2457 565 2516 de
580 2457 679 2518 Latino
702 2457 823 2540 loquar,
846 2477 1005 2558 quanquam
1022 2458 1161 2520 Graecum
1177 2478 1245 2520 esse
1261 2461 1347 2540 prio·'

319 2555 404 2606 orem
419 2539 525 2616 placet.
562 2539 682 2618 Utrique
704 2535 805 2602 eadem
825 2545 871 2602 via
892 2552 948 2603 est
979 2543 1058 2603 llaec
1074 2546 1161 2621 igitur
1177 2546 1330 2623 professio,

345 2640 408 2682 cum
423 2622 615 2683 brevissime
606 2643 635 2683 ιιι
656 2624 725 2684 duas
740 2637 838 2704 partes
854 2627 1010 2703 dividatur,
1029 2636 1134 2687 recte
1156 2622 1332 2707 loquendi

344 2707 492 2766 scientiam
520 2715 549 2766 et
578 2716 769 2785 poetarum
796 2713 1087 2788 enarrationem,
1114 2712 1179 2791 plus
1200 2712 1332 2773 habetla

319 2806 464 2858 3recessu
485 2808 568 2869 quam
582 2792 676 2851 fronte
692 2796 847 2871 promittat.
882 2795 954 2854 Nam
977 2804 1007 2854 et
1029 2796 1221 2857 scribendi
1239 2797 1332 2856 ratio

344 2877 495 2934 coniuncta
524 2893 587 2934 curn
617 2877 762 2955 loquendo
792 2888 852 2955 est,
889 2888 919 2938 et
950 2881 1159 2939 enarrationem
1187 2880 1333 2959 praecedit

343 2960 532 3019 emendata
552 2960 690 3037 lectio,
709 2972 738 3021 et
752 2965 868 3023 mixtum
883 2962 927 3022 his
943 2963 1073 3023 omnibus
1088 2965 1259 3024 iudicium
1276 2971 1333 3031 est;

343 3058 400 3119 quo
422 3044 535 3121 quidem
555 3046 593 3103 ita
608 3063 713 3105 severe
728 3056 799 3106 sunt
819 3048 863 3106 usi
882 3056 999 3107 veteres
1020 3051 1212 3125 grammatici,
1235 3057 1265 3108 ut
1280 3064 1333 3108 uon

262 3146 267 3165 ι
342 3144 444 3185 versus
460 3128 545 3187 modo
568 3133 701 3190 censoria
721 3131 841 3208 quadam
859 3132 973 3208 virgula
990 3141 1090 3201 notare
1106 3143 1135 3192 et
1157 3132 1266 3209 libros,
1290 3133 1334 3212 qut'

342 3209 417 3268 falso
439 3212 604 3272 viderentur
624 3216 769 3293 inscripti,
788 3224 920 3293 tanquam
940 3215 1071 3276 subditos
1092 3233 1276 3276 summovere
1295 3218 1333 3276 fa·

343 3292 419 3352 milia
434 3298 615 3372 permiserint
630 3297 700 3374 sibi,
721 3299 774 3358 sed
789 3308 922 3360 auctores
938 3299 1035 3359 alios
1027 3320 1055 3359 ιιι
1070 3301 1198 3360 ordinem
1212 3300 1333 3378 redegc·

317 3377 398 3436 erint
413 3377 485 3437 allos
499 3383 611 3440 omnino
628 3385 786 3442 exemerint
797 3401 924 3443 numero.
947 3383 1010 3443 Nec
1024 3394 1127 3462 poetas
1144 3385 1254 3461 legisse
1267 3386 1334 3446 satis

344 3469 402 3530 est;
426 3465 626 3524 excutiendum
641 3483 724 3526 omne
740 3469 913 3546 scriptorum
930 3486 1023 3567 genus
1038 3485 1095 3527 non
1110 3479 1231 3546 propter
1246 3470 1334 3529 histo·

342 3545 400 3604 rias
417 3548 504 3607 modo
523 3549 575 3608 sed
590 3550 695 3627 verba,
714 3569 788 3628 quae
806 3553 1003 3630 frequenter
994 3571 1038 3611 rus
1057 3552 1092 3611 ab
1108 3553 1275 3612 auctoribus
1290 3572 1334 3613 su·

342 3639 429 3690 munt.
472 3630 542 3690 'lum
569 3651 662 3711 neque
687 3637 756 3694 citra
781 3638 909 3695 musicen
935 3639 1119 3712 grammatice
1145 3645 1334 3715 potestesse

342 3714 486 3794 perfecta,
506 3720 609 3777 cumei
625 3718 661 3778 de
674 3721 771 3778 metris
787 3720 984 3798 rhythmisque
999 3721 1150 3780 dicendum
1165 3723 1202 3782 sit
1204 3739 1297 3800 ,nec,
1312 3720 1334 3782 sl
