3184 4409
533 475 958 545 msu.0nauon.nm.1v,a.
1179 468 1238 531 sot

254 633 473 694 circumstantes
486 631 656 709 intelligant.
681 629 713 691 ln
728 649 786 711 quo
800 649 909 709 genere
926 632 1054 710 plurimis
1071 634 1169 711 liguris
1186 637 1240 694 erit

252 713 390 777 varianda
409 716 555 792 expositio
576 715 612 775 ad
636 715 828 791 edlugiendum
849 716 974 775 taedium
995 725 1063 775 nota
1086 718 1239 794 audientis,

253 802 326 860 siout
340 796 519 873 Meministi,
543 808 573 858 et
586 795 730 860 Fortasse
742 818 966 878 supervacuum
981 800 1075 878 liter-it
1093 803 1141 862 llic
1163 821 1240 870 eorre-¹

252 882 388 951 muris
402 879 467 944 Sed
482 883 556 960 quid
576 901 631 960 epo
646 883 775 954 diutius,
791 902 859 943 oum
873 891 905 943 tu
920 884 1028 960 optime
1040 887 1143 952 soria·
1164 886 1241 945 illud

253 967 344 1045 puoh
364 966 421 1042 sit,
442 973 474 1028 tu
494 966 600 1028 seius?
621 966 710 1025 ethis
731 966 844 1025 similia.
871 964 1005 1044 Alioqui,
1029 967 1053 1025 si
1074 969 1148 1046 apud
1169 966 1282 1033 iudi-23

253 1067 332 1125 eem,
360 1050 407 1109 oui
427 1058 493 1110 nota
518 1066 605 1109 oausa
626 1057 686 1124 est,
710 1051 836 1108 narratio
857 1067 974 1127 semper
999 1051 1112 1109 videtur
1139 1069 1239 1129 super·

250 1150 359 1208 rauna,
383 1141 482 1211 potest
500 1132 592 1192 videri
608 1149 666 1191 non
683 1150 800 1212 semper
819 1150 887 1197 esse
908 1135 992 1192 etiam
1013 1135 1075 1212 ipsa
1098 1137 1174 1194 aetio
1191 1152 1240 1192 ne·

253 1233 396 1278 oassarra..

334 1299 469 1359 Alterum
495 1306 556 1374 est,
584 1299 621 1360 de
646 1316 702 1377 quo
728 1299 906 1376 frequentius
934 1301 1096 1378 quaeritur,
1124 1318 1167 1359 an
1192 1294 1283 1361 situi

253 1384 380 1463 utique
401 1384 569 1442 narratio
590 1383 781 1461 prooemio
807 1382 1063 1451 subiicienda;
1089 1384 1167 1461 quod
1193 1385 1242 1463 qui

253 1468 424 1546 opinantur,
445 1483 502 1525 non
517 1474 638 1544 possunt
649 1467 742 1527 videri
759 1465 836 1525 nulla
851 1467 961 1526 ratione
976 1467 1062 1526 ducti.
1089 1467 1160 1527 Nam
1178 1485 1242 1526 oum

253 1550 435 1628 prooemium
455 1550 563 1610 ideireo
586 1557 780 1628 comparatum
803 1550 855 1626 sit,
876 1559 907 1609 nt
927 1549 1014 1610 iudex
1034 1551 1070 1610 ad
1087 1569 1148 1610 rem
1165 1551 1241 1610 aoei-

254 1633 390 1711 piendam
412 1633 461 1693 liat
486 1633 685 1708 conciliatior,
712 1633 851 1709 docilior,
878 1633 1026 1703 intention
1055 1643 1085 1693 et
1109 1634 1242 1711 probatio

254 1719 306 1777 uisi
321 1734 412 1777 eausa
427 1717 505 1794 prius
523 1717 638 1793 cognita
660 1734 716 1776 non
731 1717 824 1794 possit
845 1716 989 1777 adhiberi:
1012 1719 1140 1796 protinus
1156 1718 1243 1778 iudex

254 1800 354 1861 notitia
373 1818 468 1859 rerum
491 1800 672 1859 instruendus
692 1801 814 1860 videtur.
850 1800 908 1860 Sed
925 1801 982 1861 hoe
997 1818 1112 1880 quoque
1130 1799 1283 1861 interimit

255 1883 493 1943 mutat-condicio
512 1901 675 1951 causarum,
698 1885 752 1943 nisi
770 1884 847 1943 lorte
868 1882 906 1942 lli.
929 1884 1039 1945 Tullius
1061 1886 1089 1943 in
1112 1886 1243 1945 oratione

256 1966 461 2044 pulcherrima,
478 1984 561 2044 quarn
575 1983 628 2044 pro
644 1965 751 2026 Milone
766 1967 902 2044 scriptam
916 1968 1049 2046 reliquit,
1065 1968 1139 2027 male
1155 1968 1242 2027 distu-

256 2050 322 2110 lisse
344 2051 538 2110 narrationem
558 2050 671 2110 videtur
691 2049 782 2109 trihus
810 2052 985 2127 praepositis
1011 2050 1241 2128 quaestionibus:

255 2142 299 2193 aut
320 2133 484 2212 profuisset
507 2151 672 2212 exponere,
700 2133 844 2211 quomodo
867 2133 983 2193 insidias
1003 2133 1103 2193 Miloni
1122 2134 1244 2193 lenisset

257 2213 391 2292 Gladius,
412 2217 437 2274 si
451 2235 548 2293 reum,
568 2218 615 2295 qui
634 2234 698 2276 ase
712 2216 854 2276 hominem
870 2218 997 2276 oaoisum
1015 2216 1169 2292 fateretur,
1192 2217 1242 2277 de·

255 2300 329 2361 feudi
346 2300 461 2359 omnino
482 2301 527 2361 ias
542 2318 599 2360 non
614 2301 732 2375 luisset,
752 2308 800 2360 aut
814 2299 839 2358 si
859 2300 914 2358 iam
930 2301 1108 2378 praeiudicio
1125 2309 1242 2360 senatus

254 2383 402 2444 damnatus
418 2394 497 2444 esset
510 2384 594 2459 llilo,
618 2393 665 2443 aut
686 2385 710 2442 si
726 2382 777 2442 Cn.
794 2382 964 2461 Pompeius,
987 2385 1035 2462 qui
1055 2392 1177 2462 propter
1192 2382 1242 2442 ali·

255 2484 336 2545 mam
354 2468 475 2543 gratiam
488 2468 621 2527 iudicium
636 2469 721 2528 etiarn
733 2465 868 2526 militibus
884 2469 999 2527 armatis
1015 2467 1170 2541 olauserat,
1183 2476 1242 2526 tan·

254 2568 336 2629 quam
353 2549 492 2610 adversus
510 2553 537 2611 ei
554 2553 709 2611 timeretur.
741 2549 821 2627 Ergo
843 2549 899 2609 hae
921 2568 1036 2628 quoque
1058 2545 1284 2629 quaestionasid

253 2634 305 2694 vim
322 2636 468 2712 prooemii
487 2634 667 2710 obtinebant,
688 2654 751 2695 oum
767 2651 866 2694 omnes
887 2634 1011 2694 iudicem
1025 2644 1242 2714 praepararent.

254 2717 310 2778 Sed
331 2734 388 2795 pro
400 2716 516 2777 Vareno
533 2736 649 2797 quoque
662 2728 766 2798 postea
779 2719 905 2778 narravit
924 2736 1007 2796 quarn
1022 2718 1136 2778 obiecta
1152 2720 1242 2779 diluit.

254 2800 341 2874 Quod
358 2800 409 2861 liet
422 2801 546 2876 utiliter,
567 2805 699 2880 quotiens
714 2820 772 2862 non
785 2801 985 2880 repellendum
1000 2811 1106 2862 tuntum
1119 2805 1174 2862 erit
1190 2802 1243 2861 ori-

252 2900 316 2944 men
342 2885 397 2945 sed
419 2887 505 2944 etiam
526 2886 770 2960 transferendum,
791 2894 825 2944 ut
844 2885 923 2964 prius
947 2885 991 2945 his
1014 2886 1143 2946 defensis
1165 2885 1245 2945 velut

251 2968 363 3027 initium
388 2969 425 3027 sit
447 2968 533 3028 alium
546 2970 687 3047 ¹culpandi
707 2969 850 3043 narratio,
871 2969 951 3028 utin
972 2986 1113 3030 armorum
1132 2971 1244 3029 ratione

251 3052 400 3130 antiquior
428 3053 548 3112 cavendi
575 3071 659 3130 quam
683 3054 769 3113 iatum
794 3051 936 3111 inferendi
962 3071 1030 3112 oura
1056 3062 1110 3113 est.
1154 3052 1284 3111 Eruntil

249 3133 397 3214 amellam
418 3153 523 3196 oausae
545 3135 656 3213 (neque
676 3135 706 3197 id
723 3137 806 3215 raro)
830 3137 947 3195 erimine
968 3136 1098 3214 quidem,
1128 3136 1164 3195 de
1186 3152 1244 3214 quo

249 3219 385 3294 eognitio
401 3227 461 3293 est,
481 3218 583 3280 iaoiles
598 3220 634 3279 ad
649 3219 812 3280 diluendum
826 3219 880 3278 ssd
893 3220 988 3278 multis
1003 3227 1152 3279 anteactae
1168 3220 1245 3278 vitae

248 3300 371 3377 flagitiis
387 3310 416 3360 et
433 3303 569 3378 gravibus
585 3313 737 3373 oneratae;
761 3320 836 3382 quaa
851 3303 930 3381 prius
945 3303 1102 3362 amovenda
1116 3311 1196 3378 sunt,
1214 3311 1246 3362 ut

248 3385 399 3462 propitius
426 3385 514 3445 iudex
538 3386 737 3447 defensionem
759 3387 849 3464 ipsius
874 3386 999 3462 negotii,
1022 3387 1103 3446 euius
1127 3387 1245 3464 propria

249 3469 390 3545 quaestio
417 3477 478 3544 est,
506 3469 614 3530 audiat:
641 3478 688 3545 ut,
716 3472 741 3530 si
766 3468 962 3532 defendendus
988 3470 1024 3528 sit
1049 3469 1087 3529 lii.
1116 3468 1243 3544 Caelius,

247 3567 351 3610 nonne
367 3554 475 3629 optime
491 3563 628 3631 patronus
643 3562 776 3614 ooourrat
790 3554 869 3632 prius
884 3553 1022 3612 oonuioiis
1035 3553 1177 3628 luxuriae,
1192 3570 1243 3630 pe·

247 3633 411 3710 minutiae,
431 3636 622 3713 impudicitiae
640 3655 723 3714 quam
738 3635 887 3710 ueneficii,
906 3636 1050 3714 inquibus
1066 3636 1137 3695 solis
1153 3635 1242 3695 omnis

249 3713 409 3779 Oieerouis
424 3729 555 3781 versatur
571 3722 677 3791 oratio;
697 3732 755 3782 tuna
769 3719 872 3782 deinde
886 3729 983 3780 narret
998 3721 1034 3782 de
1048 3719 1130 3780 bonis
1143 3717 1243 3779 Pallae
