3184 4409
261 525 265 540 ,
350 463 410 527 192
659 477 696 525 ιι.
709 475 787 523 rua.
800 473 1018 534 ennumquam

348 653 427 707 cong,
449 631 477 691 id
499 639 543 689 est
562 628 846 695 inartificiales3
870 627 938 706 [has
959 624 1120 704 ἕντὲχνους,
1141 627 1169 687 id
1184 637 1228 686 est
1243 632 1334 689 arti·

322 713 539 792 aliciales,]
560 721 746 783 vocaverunt.
783 711 828 771 Ex
841 711 892 771 illo
907 711 1004 789 priore
1019 727 1128 786 genere
1147 721 1211 769 sunt
1232 731 1335 790 prae-

349 797 500 872 iudicia,
526 814 709 872 rumores,
735 804 935 870 tormenta,
958 793 1120 869 tabulae,
1146 795 1335 856 iusiuran-

350 882 444 956 dum,
467 888 602 957 testes,
628 882 657 939 in
680 879 782 956 quibus
796 895 864 956 pars
879 878 998 938 maxima
1014 878 1226 938 contentionum
1239 879 1336 939 loren-

349 967 421 1023 sium
442 962 580 1023 consistit.
617 963 676 1023 Sed
695 971 725 1022 ut
745 964 809 1039 ipsa
829 979 882 1039 per
901 980 934 1021 se
956 969 1053 1020 carent
1068 970 1145 1039 arte:
1165 963 1203 1023 ita
1220 967 1336 1022 summis

350 1049 532 1124 eloquentiae
553 1046 660 1106 viribus
681 1055 710 1105 et
736 1044 885 1104 allevanda
914 1053 978 1103 sunt
1003 1043 1171 1122 plerumque
1196 1056 1225 1105 et
1248 1047 1336 1105 refel-

349 1131 442 1191 lenda.
475 1129 571 1204 Quare
588 1129 653 1189 milri
668 1129 800 1192 videntur
814 1145 990 1206 magnopere
1005 1127 1162 1204 damnandi,
1183 1131 1231 1207 qui
1246 1139 1337 1189 totum

320 1215 405 1285 3hoc
425 1232 517 1291 genus
540 1232 556 1273 a
577 1215 742 1291 praeceptis
763 1221 956 1270 removerunt.
996 1209 1058 1270 Nec
1078 1221 1173 1271 tamen
1193 1215 1222 1272 in
1242 1215 1335 1272 animo

349 1308 406 1374 est,
423 1300 525 1372 omnia,
542 1315 614 1375 quae
633 1306 680 1355 aut
695 1313 748 1374 pro
763 1294 808 1354 his
823 1305 870 1354 aut
885 1304 983 1354 contra
1003 1294 1059 1354 dici
1075 1295 1186 1371 solent,
1208 1298 1336 1375 comple-

348 1384 396 1442 cti.
417 1380 443 1439 N
446 1398 482 1439 on
490 1381 564 1439 enim
576 1397 738 1440 communes
754 1379 837 1438 locos
851 1379 965 1439 tradere
977 1377 1160 1455 destinamus,
1174 1380 1249 1456 quod
1257 1389 1338 1440 esset

348 1458 446 1544 operis
457 1464 565 1539 infiniti,
582 1463 634 1523 sed
648 1465 723 1522 viam
740 1462 878 1540 quandam
889 1473 974 1541 atque
986 1464 1134 1522 rationem.
1165 1462 1274 1536 Quibus
1287 1465 1336 1524 de·

346 1549 520 1622 monstratis,
539 1564 596 1606 non
609 1546 694 1605 modo
710 1549 738 1605 in
753 1547 923 1623 exequendo
939 1564 1004 1606 suas
1021 1548 1141 1624 quisquc
1156 1547 1232 1605 vires
1248 1546 1338 1608 debet

348 1631 485 1691 adhibere
500 1629 552 1690 sed
567 1633 651 1690 ctiam
670 1630 841 1690 inveniendo
856 1630 975 1705 similia,
997 1639 1028 1689 nt
1050 1647 1181 1708 quaeque
1203 1631 1337 1691 condicio

348 1716 438 1775 litium
453 1723 566 1792 poscet.
600 1713 703 1791 Neque
727 1716 802 1772 enim
822 1702 858 1773 d'e
880 1714 1009 1787 omnibus
1030 1714 1123 1772 causis
1144 1713 1242 1774 dicere
1258 1717 1337 1794 quis·

349 1815 431 1875 quam
445 1807 542 1876 potest
552 1798 654 1857 saltem
668 1799 849 1876 praeteritis,
868 1806 898 1857 ut
916 1806 1027 1858 taccam
1041 1797 1087 1857 de‘
1098 1796 1208 1856 futuris.

701 1950 744 2000 Du
760 1949 979 2001 PRAEIIJDICIIS.

430 2048 466 2108 Il.
493 2046 551 2108 lam
572 2048 888 2126 praeiudiciorum
908 2048 952 2106 vis
972 2049 1062 2107 omnis
1084 2046 1174 2106 tribus
1194 2047 1225 2112 in
1246 2065 1337 2124 gene·

346 2132 425 2192 ribus
446 2141 594 2192 versatur:
623 2132 727 2206 rebus,
759 2149 844 2209 quae
860 2130 1012 2208 aliquando
1041 2150 1078 2190 ex
1103 2131 1219 2210 paribus
1241 2133 1336 2190 causis

346 2226 411 2276 sunt
429 2217 581 2291 indicatae,
606 2234 678 2294 qnae
695 2215 827 2294 exempla
842 2218 950 2274 rectius
965 2216 1105 2290 dicuntur,
1128 2225 1158 2274 ut
1174 2215 1210 2274 dc
1228 2217 1333 2274 rescis-

328 2302 386 2358 sis
409 2310 520 2378 patrum
539 2302 716 2359 testamentis
737 2301 786 2359 rel
806 2308 903 2359 contra
924 2299 999 2359 lilios
1016 2299 1204 2367 confirmatis;
1224 2298 1334 2357 iudiciis

346 2384 494 2461 ad'ipsam
517 2401 631 2442 causam
650 2383 873 2461 pertinentibus,
896 2383 971 2442 uude
993 2385 1077 2443 etiam
1098 2399 1201 2462 nomen
1221 2383 1335 2442 ductum

348 2476 402 2543 est,
426 2467 520 2543 qualia
542 2469 571 2525 in
592 2465 776 2545 Oppianicum
792 2467 868 2526 lacta
889 2467 1017 2526 dicuntur
1035 2477 1064 2526 et
1081 2485 1097 2526 a
1112 2475 1212 2526 senatu
1233 2465 1334 2526 advor-

347 2568 396 2608 sus
417 2548 566 2615 lllilonem;
593 2559 640 2608 aut
669 2568 731 2609 cum
757 2551 793 2609 de
822 2550 921 2610 eadem
943 2569 1028 2611 causa
1049 2553 1259 2629 pronuntiatum
1279 2558 1334 2622 est,

346 2641 377 2690 ut
397 2633 425 2691 in
445 2634 503 2691 reis
525 2633 683 2711 deportatis
699 2643 727 2692 et
742 2636 902 2693 assertione
922 2635 1048 2695 secunda
1071 2644 1100 2694 et
1118 2633 1245 2712 partibus
1269 2651 1334 2692 cen-

318 2716 545 2790 2tumviralium,
570 2734 642 2793 quae
664 2718 782 2778 induas
805 2718 902 2777 hastas
922 2719 1030 2778 divisae
1052 2727 1125 2777 sunt.
1161 2716 1334 2777 Confirman-

346 2808 392 2858 tur
406 2801 561 2878 praecipue
573 2800 699 2860 duobus:
713 2804 881 2861 auctoritate
893 2819 1001 2876 eorum,
1015 2804 1061 2879 qui
1073 2802 1334 2880 pronuntiaverunt,

348 2891 376 2941 et
398 2883 579 2942 similitudine
601 2902 710 2959 rernm,
734 2885 770 2944 de
793 2886 894 2963 quibus
917 2888 1075 2963 quaeritur;
1099 2884 1270 2945 refelluntur
1288 2903 1335 2943 au·

345 2975 404 3025 tem
425 2984 490 3026 raro
514 2985 566 3045 per
587 2968 785 3028 contumeliam
800 2970 944 3044 iudicum,
966 2971 1019 3029 nisi
1041 2970 1116 3029 lorte
1137 2967 1288 3029 manifesta
1308 2969 1336 3025 in

346 3049 390 3109 his
414 3050 498 3129 culpa
522 3052 585 3111 erit.
628 3051 696 3111 Vult
719 3057 791 3112 euim
814 3055 1048 3130 cognoscentium
1070 3055 1207 3132 quisque,
1229 3052 1336 3111 firmam

347 3152 414 3193 esse
437 3134 554 3194 alterius
577 3139 755 3211 sententiam,
778 3140 807 3196 ‘et
828 3139 892 3215 ipse
907 3139 1152 3215 pronuntiaturus;
1174 3154 1228 3194 nec
1245 3135 1335 3194 liben-

317 3226 391 3283 3ter
414 3219 592 3296 exemplum,
616 3220 692 3297 quod
715 3223 796 3278 inse
817 3221 942 3280 fortasse
963 3221 1088 3296 recidat,
1110 3221 1187 3280 lacit.
1229 3217 1335 3278 (toarn-

345 3300 479 3376 giendum
501 3320 573 3379 ergo
596 3313 641 3362 est
660 3305 688 3362 in
708 3303 819 3363 duobus
838 3305 1051 3383 superioribus,
1074 3307 1098 3364 si
1119 3323 1168 3364 res
1189 3303 1281 3378 ieret,
1301 3302 1336 3361 ad

346 3382 469 3461 aliquam
495 3385 747 3446 dissimilitudinem
775 3406 895 3456 causae3
929 3391 978 3447 vix
1005 3398 1098 3448 autem
1124 3388 1257 3448 aliaest
1282 3404 1336 3464 per

347 3469 440 3526 omnia
463 3470 544 3527 alteri
569 3470 677 3549 similis.
720 3471 749 3529 Si
765 3471 793 3530 id
813 3489 871 3530 nou
892 3474 1038 3550 continget
1059 3482 1107 3532 aut
1128 3473 1228 3532 eadem
1249 3487 1335 3529 causa

348 3551 417 3610 erit:
439 3554 581 3610 actionum
602 3554 754 3613 incusanda
772 3555 947 3632 negligentia
970 3566 1017 3615 aut
1039 3556 1075 3615 de
1090 3556 1251 3615 infirmitate
1268 3570 1334 3631 per-

347 3651 480 3693 sonarum
495 3637 678 3713 querendum,
698 3647 796 3697 contra
819 3657 890 3716 quas
912 3640 1141 3714 eritindicatum,
1158 3648 1206 3699 aut
1220 3638 1256 3698 dc
1268 3652 1334 3712 gra·

346 3720 394 3795 tia,
419 3736 492 3797 quae
508 3728 597 3778 testes
620 3724 792 3800 corruperit,
813 3733 859 3784 aut
874 3724 910 3784 de
925 3723 1029 3783 invidia
1045 3733 1093 3783 aut
1107 3724 1143 3782 de
1165 3720 1334 3800 ignorantia,

278 3858 426 3910 Α
