3184 4409
537 489 625 538 tusa.
639 489 786 538 oaauoa.
800 491 868 538 me.
881 489 984 556 v11,3.
1226 484 1262 544 21

266 647 472 708 adulterium:
493 647 548 720 ita,
574 643 642 706 Non
659 653 704 707 est
718 645 775 706 boc
786 645 920 723 fartum,
938 665 997 708 non
1015 656 1057 709 est
1073 648 1130 708 boc
1144 650 1265 727 doposi-

265 740 349 804 tum,
363 748 424 790 non
436 737 482 790 est
495 730 552 790 ltoc
569 730 760 790 adulterium.
795 728 910 799 interim
925 749 941 790 a
959 730 1096 807 qualitate
1113 732 1147 791 ad
1163 734 1294 800 linitio-2

267 832 334 873 nem
356 814 556 887 descenditur,
580 821 610 871 ut
631 815 659 871 in
680 812 840 872 actionibus
856 814 1031 888 dementiae,
1054 816 1145 874 malae
1162 827 1265 877 tracta·

266 898 370 972 tionis,
397 898 439 956 rei
462 897 596 975 publicae
618 896 730 964 laesae;
756 897 783 954 in
810 897 911 975 quibus
940 899 1066 956 sirecte
1091 899 1166 958 lacta
1187 920 1264 977 esse,

267 998 345 1060 quac
369 981 558 1056 obiiciantur,
576 981 637 1041 dici
659 998 716 1039 non
739 989 853 1057 potest,
876 981 946 1041 illud
967 985 1123 1056 succurrit,
1139 983 1206 1046 Non
1221 996 1267 1047 est

265 1067 348 1126 male
374 1074 529 1138 tractare,
555 1064 795 1141 rempublicam
819 1066 955 1126 laedere.
985 1063 1087 1123 Finitio
1113 1068 1198 1142 igitur
1222 1072 1265 1128 rei

265 1151 437 1228 propositae
454 1150 571 1226 propria
588 1157 616 1206 et
627 1148 749 1209 dilucida
762 1157 790 1206 et
805 1147 933 1208 breviter
947 1150 1155 1226 comprehensa
1167 1152 1264 1212 verbis

267 1234 434 1292 enuntiatio.
468 1230 587 1291 Constat
602 1233 739 1307 maxime,
758 1232 832 1291 sicut
848 1240 893 1292 est
906 1233 1025 1306 dictum,
1048 1252 1174 1309 genere,
1197 1248 1291 1314 spe-3

268 1317 334 1389 cie,
350 1316 564 1391 differentibus,
582 1316 724 1394 propriis:
748 1324 778 1374 ut
800 1318 824 1375 si
852 1317 932 1376 linias
950 1334 1069 1395 equum,
1089 1317 1173 1394 (noto
1190 1322 1263 1379 enim
1322 1393 1324 1399 s

265 1401 388 1458 maxime
410 1409 473 1458 utar
496 1400 646 1480 exemplo)
672 1417 764 1476 genus
790 1409 835 1459 est
856 1400 972 1475 animal,
994 1403 1109 1478 species
1129 1404 1260 1477 mortale,

265 1483 427 1543 differentia
452 1484 637 1559 irrationale,
668 1483 752 1561 (nam
779 1492 809 1542 et
836 1484 921 1543 bomo
949 1484 1069 1544 mortale
1091 1488 1172 1564 erat)
1196 1505 1262 1563 pro·

265 1568 359 1645 prium
373 1568 512 1626 hinniens.
538 1567 617 1626 Haec
630 1567 779 1627 adhibetur
792 1569 914 1626 orationi
926 1567 1054 1645 pluribus
1067 1571 1170 1628 causis.
1193 1570 1292 1634 Numa

265 1660 325 1709 tum
341 1660 386 1709 est
410 1661 519 1710 certum
544 1651 580 1710 de
595 1653 708 1710 nomine
724 1651 777 1710 sed
796 1654 958 1729 quaeritur,
981 1669 1054 1729 quae
1070 1671 1117 1711 res
1133 1655 1159 1712 ei
1177 1654 1265 1713 subii·
1326 1713 1328 1716 ,

266 1735 368 1794 cienda
389 1737 440 1799 sit:
462 1743 518 1793 tum
539 1754 586 1794 res
609 1744 654 1794 est
674 1735 833 1794 manifesta.
865 1733 902 1793 Et
919 1735 996 1814 quod
1011 1739 1123 1795 nomine
1140 1748 1261 1813 constat,

265 1818 302 1877 de
328 1837 360 1877 re
376 1818 490 1878 dubium
511 1828 571 1893 est,
598 1820 708 1877 interim
728 1820 893 1892 coniectura
917 1828 975 1878 est:
1000 1828 1029 1878 ut
1050 1822 1074 1878 si
1097 1832 1260 1898 quaeratur,

265 1903 342 1980 qaid
351 1901 390 1962 aii
401 1904 487 1963 deas.
514 1902 603 1976 Nam,
620 1902 707 1981 quiid
722 1911 825 1978 neget,
842 1903 931 1963 deum
942 1905 1156 1980 essespiritum
1168 1910 1290 1969 omni-5

265 1987 323 2047 bus
335 1988 476 2063 partibus
496 1988 677 2061 immixtam,
695 2003 752 2044 non
766 1986 824 2044 hoc
839 1985 930 2059 dicat,
952 1985 1052 2045 falsam
1067 2005 1133 2046 esse
1149 1989 1261 2048 divinae

265 2069 343 2128 illius
366 2079 483 2129 naturae
507 2066 751 2148 appellationem?
774 2070 848 2127 sicut
869 2068 1028 2146 Epicurus,
1052 2073 1099 2146 qui
1114 2071 1261 2131 humanam

266 2156 293 2212 ei
315 2153 434 2212 lormarn
461 2155 712 2231 locumqueinter
733 2152 962 2213 mundos0dedit.
1001 2151 1121 2212 Nomine
1140 2164 1260 2232 uterque

267 2254 322 2295 uno
340 2239 441 2301 utitur;
465 2247 557 2296 utrum
573 2239 609 2296 sit
628 2239 656 2295 in
670 2255 719 2311 re,
744 2237 896 2295 coniectat.
934 2236 1048 2295 Interim
1068 2237 1190 2315 qualitas
1206 2249 1290 2300 tra-6

267 2330 375 2395 ctatur,
393 2330 422 2380 ut
442 2323 516 2398 qnid
535 2323 576 2383 ait
589 2322 756 2397 rltetorice,
777 2324 826 2380 oie
835 2321 1049 2397 persuadendi
1063 2337 1104 2380 an
1119 2322 1194 2382 bene
1211 2324 1259 2382 di-

267 2406 357 2465 cendi
371 2406 521 2466 ratmunt
551 2404 635 2478 Quod
650 2422 742 2481 genus
758 2412 804 2462 est
819 2405 846 2462 in
864 2403 975 2462 iudiciis
989 2403 1259 2481 frequentissimum.

265 2489 315 2547 Sic
332 2490 405 2546 enim
420 2491 581 2566 quaeritur,
597 2508 639 2549 an
653 2488 860 2567 deprebensae
872 2489 904 2547 in
918 2489 1065 2565 lupanari
1078 2507 1145 2548 cum
1158 2490 1261 2551 aliena

264 2590 364 2633 acore
381 2573 503 2632 adulter
522 2575 583 2633 cit?
607 2573 747 2650 quianon
767 2572 803 2631 de
818 2562 1013 2649 appellitione
1031 2572 1082 2631 sed
1098 2572 1133 2631 de
1150 2574 1177 2630 vi
1192 2573 1260 2633 lacti

264 2657 327 2714 eius
351 2656 515 2732 ambigitur,
538 2674 573 2715 an
595 2658 707 2715 omnino
725 2657 901 2733 peccaverit.
936 2654 1007 2714 Nam
1030 2657 1055 2714 si
1076 2660 1259 2733 peccaverit:

264 2756 322 2797 non
344 2749 442 2817 potest
465 2758 532 2798 esse
553 2740 629 2800 aliud
652 2759 734 2818 quarn
762 2739 891 2799 adulter..
917 2736 1069 2798 Diversum
1090 2748 1135 2798 est
1157 2752 1288 2817 genunt

265 2840 328 2881 cum
341 2824 538 2882 controversia
550 2824 680 2883 consistit
695 2825 723 2882 in
739 2824 868 2896 nornine,
883 2823 959 2900 quod
970 2823 1076 2900 pendet
1091 2826 1259 2901 exscripto,

264 2924 319 2965 uec
344 2916 476 2966 versatur
498 2910 526 2966 in
546 2908 657 2967 iudiciis
680 2907 734 2966 nisi
757 2915 878 2984 propter
899 2906 1005 2981 verba,
1027 2925 1100 2984 quae
1122 2907 1200 2966 litem
1219 2907 1259 2965 f-

265 2992 358 3048 ciuut:
387 2988 452 3064 An,
470 2993 522 3068 qui
535 3011 568 3051 se
582 2991 741 3068 interficit,
756 2991 910 3051 homicida
921 2992 982 3051 cit?
1008 2987 1072 3065 An,
1089 2993 1141 3067 qui
1155 3001 1260 3070 tyran-

262 3093 335 3133 num
349 3076 380 3133 in
395 3084 517 3136 mortem
534 3077 691 3152 compulit,
708 3075 926 3153 tyrannicida?
938 3071 987 3134 An
1003 3077 1142 3135 carmina
1156 3092 1259 3153 mayo-

262 3176 332 3217 rurn
357 3159 555 3235 amiciciam?
585 3159 645 3218 Res
667 3158 740 3217 enim
764 3157 914 3216 manifesta
938 3167 997 3233 est,
1019 3159 1183 3235 sciturque,
1203 3175 1260 3216 non

262 3242 338 3301 idem
354 3260 420 3301 esse
440 3244 576 3302 occidere
594 3261 626 3301 se
643 3242 720 3320 quod
735 3241 838 3317 alium,
851 3257 908 3299 non
922 3241 998 3299 idem
1013 3241 1148 3300 occidere
1165 3250 1259 3316 tyran·
1275 3292 1277 3298 ,

262 3344 329 3384 nutu
347 3326 424 3403 quod
441 3327 618 3404 compellere
631 3327 666 3385 ad
683 3334 820 3398 mortem,
838 3341 894 3383 non
908 3325 983 3384 idern
1000 3327 1122 3384 carmina
1135 3342 1170 3385 ac
1185 3343 1259 3384 mor·

262 3409 376 3467 tileram
393 3412 554 3485 potionem;
571 3411 717 3489 quaeritur
732 3418 845 3483 tamen,
862 3426 897 3467 an
914 3406 1016 3467 eodem
1033 3410 1145 3467 nornine
1160 3410 1259 3487 appel·

262 3492 346 3552 landa
369 3495 433 3551 sint.

347 3575 514 3653 Quanquam
532 3585 624 3648 autem
645 3577 797 3636 dissentire
817 3577 866 3634 vix
889 3575 981 3635 audeo
1003 3593 1023 3652 a,
1036 3573 1194 3649 Cicerone,
1211 3579 1259 3654 qui
1270 3585 1288 3637 8

261 3661 368 3719 multos
394 3669 510 3719 secutus
533 3669 667 3719 auctores
687 3661 770 3733 dicit,
794 3661 949 3719 linitionem
972 3678 1038 3719 esse
1060 3661 1096 3720 de
1113 3659 1215 3719 eodem
1231 3669 1260 3719 et

261 3745 298 3806 de
317 3744 423 3809 ultero;
446 3762 561 3825 semper
581 3745 712 3820 neganti,
734 3744 851 3822 aliquod
872 3761 939 3805 esse
956 3761 1077 3819 nomen,
1096 3743 1265 3816 dicendum,
1330 3767 1335 3777 ·
