3184 4409
345 442 406 505 268
455 519 456 523 Ἰ
665 456 702 503 ar.
716 454 795 503 rua.
811 453 1031 515 corurmuur

345 611 436 670 centis
457 610 598 669 severitas
620 609 717 684 allent,
733 609 829 688 ‘litque
850 606 1001 669 ridiculam
1022 608 1174 687 idipsum,
1198 607 1275 685 quod
1290 611 1340 687 qui

345 695 413 755 dicit
430 694 490 770 illa,
505 711 562 753 non
578 693 670 754 ridet:
685 701 730 752 est
745 703 840 752 tamen
857 693 969 752 iuterim
985 702 1014 751 et
1029 702 1166 771 aspectus
1181 701 1211 750 et
1224 692 1339 752 babitus

303 779 405 842 atonis
420 786 450 837 et
465 787 566 854 gestus
581 794 638 835 uon
661 776 834 852 inurbanus,
855 794 918 836 cum
939 777 974 836 iis
996 778 1098 837 modus
1119 777 1268 852 contingit.
1305 776 1339 836 ld

344 878 443 940 porro,
460 860 537 939 quod
554 861 715 935 dicitur‚‹
733 869 781 920 aut
797 869 842 918 est
856 859 994 919 lasciuum
1011 868 1041 919 et
1054 859 1163 935 hilare,
1188 860 1283 937 qualia
1300 859 1337 919 A.

344 945 453 1006 Galbae
468 944 621 1023 pleraque;
633 953 680 1003 aut
693 943 942 1018 contumeliosum,
956 942 1228 1022 qualianuperlunii
1240 943 1337 1007 Bassi:

343 1038 391 1088 aut
410 1046 553 1105 asperum,
576 1028 672 1105 qualia
691 1025 784 1086 Cassii
804 1028 921 1094 Severi;
939 1036 987 1088 aut
1004 1027 1086 1102 lene‚
1105 1026 1201 1105 qualia
1220 1025 1339 1086 Domitii

343 1112 417 1171 sliri.
447 1111 559 1188 Refert,
576 1111 620 1172 luis
635 1110 684 1170 ubi
699 1113 763 1187 quis
778 1119 882 1171 utatur.
905 1111 977 1170 Nam
991 1112 1020 1170 iu
1033 1109 1212 1170 convictibus
1225 1119 1254 1169 et
1266 1111 1338 1170 coti·

301 1197 426 1260 28diano
444 1213 578 1255 sermone
593 1195 702 1254 lasciva
716 1193 881 1269 humilibus,
896 1193 998 1255 hilaria
1008 1193 1138 1253 omnibus
1154 1195 1338 1254 convenient.

341 1279 471 1349 Laedere
488 1270 629 1355 nunquam
646 1278 777 1354 velimus,
795 1277 946 1359 longeque
961 1277 1036 1338 absit
1056 1280 1234 1356 propositum
1249 1277 1338 1337 illud:

342 1361 445 1424 Potius
459 1365 590 1423 amicum
605 1380 697 1439 quom
711 1364 824 1424 dictum
836 1363 970 1440 perdidi.
997 1361 1029 1423 ln
1044 1363 1098 1423 hac
1112 1361 1226 1440 quidem
1239 1379 1340 1439 pugna

341 1447 451 1506 forensi
466 1447 561 1506 malim
577 1446 644 1505 milri
662 1445 773 1505 lenibus
788 1446 829 1504 uti
845 1446 950 1514 licere;
973 1463 1173 1523 nonnunquam
1191 1453 1221 1505 et
1236 1455 1339 1505 contu·

342 1531 464 1590 meliose
481 1540 510 1590 et
525 1547 630 1608 aspere
646 1529 745 1589 dicere
761 1530 790 1588 in
806 1528 991 1589 adversarios
1006 1532 1176 1608 permissum
1192 1537 1253 1604 est,
1273 1547 1340 1589 cum

343 1632 482 1674 accusare
499 1615 584 1673 etiam
599 1612 694 1690 palam
710 1622 739 1672 et
755 1621 841 1690 caput
858 1613 976 1674 alterius
998 1615 1073 1672 iuste
1097 1621 1198 1691 petere
1214 1614 1339 1673 conces-

343 1716 405 1756 sum
420 1698 466 1756 sit.
504 1698 562 1758 Sed
586 1696 633 1756 bic
655 1714 771 1774 quoque
788 1705 884 1756 tannen
904 1696 1052 1756 inhumana
1074 1697 1166 1756 videri
1186 1697 1263 1757 solet
1277 1699 1339 1757 for·

343 1789 429 1841 tunae
440 1781 619 1855 insectatio,
648 1780 697 1839 vel
719 1780 796 1858 quod
821 1780 907 1859 culpa
928 1789 1007 1841 caret
1034 1781 1084 1841 vel
1104 1780 1181 1860 quod
1202 1781 1339 1841 recidere

344 1865 429 1925 etiam
445 1865 473 1923 in
489 1867 587 1942 ipsos,
610 1863 657 1941 qui
673 1863 857 1940 obiecerunt,
880 1873 988 1943 potest.
1018 1865 1141 1924 Primum
1153 1867 1248 1942 itaque
1268 1881 1338 1924 con·

344 1948 525 2008 siderandum
540 1958 603 2023 est,
627 1956 657 2011 et
681 1949 745 2027 quis
763 1956 792 2007 et
805 1950 834 2007 in
849 1966 905 2027 qua
922 1966 1008 2008 causa
1025 1957 1054 2008 et
1069 1948 1144 2025 apud
1160 1950 1244 2026 quem
1262 1957 1292 2008 et
1309 1951 1339 2008 iu

301 2041 430 2110 liquem
445 2041 474 2091 et
490 2032 557 2110 quid
572 2033 656 2092 dicat.
694 2029 809 2091 Oratori
831 2032 943 2092 minime
967 2033 1102 2092 convenit
1122 2033 1259 2092 distortus
1274 2032 1337 2091 rul-

343 2125 387 2175 tus
404 2127 574 2194 gestusque,
591 2133 665 2193 quae
681 2116 709 2173 in
725 2117 816 2174 mimis
833 2116 921 2176 rideri
937 2116 1042 2175 solent.
1081 2115 1227 2176 Dicacitas
1251 2117 1338 2175 etiam

343 2201 473 2260 scurrilis
490 2209 519 2259 et
536 2202 651 2259 scenica
668 2199 735 2258 huic
749 2216 894 2277 personae
914 2201 1088 2259 alienissima
1103 2209 1157 2259 est.
1196 2197 1336 2259 Obsceni-

342 2293 386 2342 tas
407 2301 480 2356 pero
504 2301 561 2343 uon
582 2303 598 2344 a
620 2282 718 2342 verbis
740 2292 847 2342 tantum
868 2283 973 2343 abesse
995 2283 1082 2343 debet
1098 2284 1251 2342 sedetiam
1267 2285 1335 2344 asi-

342 2367 537 2443 gnificatione.
574 2367 645 2426 Nam
667 2368 692 2424 si
713 2367 825 2443 quando
846 2367 933 2427 obiici
955 2376 1068 2445 potest,
1087 2384 1144 2426 non
1159 2369 1187 2427 in
1202 2369 1269 2427 ioco
1284 2385 1335 2426 ex·

301 2451 504 2528 approbranda
521 2459 575 2509 est.
615 2447 766 2509 Oratorem
783 2460 937 2528 praeterea
959 2460 990 2510 ut
1005 2451 1103 2510 dicere
1118 2451 1227 2510 urbane
1248 2450 1334 2510 volo:

342 2535 381 2592 ita
396 2535 488 2593 videri
505 2535 643 2594 affectare
660 2534 699 2608 td,
716 2534 803 2611 plane
820 2535 898 2594 nolo.
930 2533 1114 2612 Quapropter
1129 2553 1166 2594 ue
1184 2535 1261 2594 dicet
1274 2536 1335 2612 qui-

342 2617 407 2676 dem
423 2618 517 2692 salse,
535 2618 667 2695 quotiens
683 2619 805 2695 poterit,
823 2627 853 2676 et
869 2619 974 2678 dictum
989 2621 1084 2696 potius
1101 2617 1253 2696 aliquando
1269 2636 1335 2696 per·

299 2712 333 2766 31
342 2700 391 2759 det
414 2719 498 2778 quam
529 2703 636 2759 minuet
666 2703 874 2761 auctoritatem.
918 2702 981 2761 Nec
1011 2711 1209 2761 accusatorem
1240 2711 1336 2760 autern

342 2786 434 2842 atroci
455 2786 483 2843 iu
506 2803 609 2859 causa,
634 2802 689 2844 uec
708 2794 858 2862 patronum
880 2786 909 2843 in
931 2785 1086 2845 miserabili
1102 2787 1244 2845 iocantem
1259 2785 1336 2845 ieret

342 2869 502 2945 quisquam.
544 2869 614 2928 Sunt
636 2871 721 2927 etiam
737 2869 846 2928 iudices
864 2869 977 2948 quidam
993 2871 1135 2929 tristiores
1153 2887 1237 2949 quarn
1252 2877 1283 2927 ut
1297 2870 1335 2927 ri·

300 2962 403 3017 ausum
419 2953 543 3012 libenter
558 2954 709 3030 patiantur.
749 2953 833 3013 Solet
855 2953 968 3012 interim
983 2953 1135 3027 accidere,
1152 2963 1182 3012 ut
1199 2953 1237 3027 id,
1256 2953 1335 3030 quod

342 3036 370 3093 in
387 3036 581 3096 adversarium
597 3037 732 3111 dicimus,
757 3045 805 3096 aut
827 3038 856 3094 in
869 3037 993 3096 iudicem
1009 3039 1161 3096 conveniat
1177 3045 1224 3095 aut
1239 3036 1267 3094 in
1283 3053 1336 3095 no-

341 3128 430 3178 strum
446 3138 562 3199 quoque
578 3120 766 3196 litigatorem
789 3137 949 3198 quanquam
967 3120 1054 3197 aliqui
1071 3121 1268 3198 reperiuntur,
1286 3120 1336 3200 qui

341 3220 377 3260 ue
394 3204 422 3263 id
438 3206 568 3281 quidem,
589 3205 665 3280 quod
680 3206 708 3262 in
723 3206 804 3282 ipsos
821 3204 954 3263 recidere
970 3206 1079 3281 possit,
1102 3207 1218 3263 evitent.
1250 3202 1335 3276 Quod

341 3284 411 3344 iecit
428 3287 543 3364 Longus
560 3287 722 3365 Sulpicius,
736 3288 801 3365 qui,
820 3305 882 3346 cum
898 3289 962 3365 ipse
978 3287 1162 3347 foedissimus
1178 3296 1276 3362 essct,
1296 3288 1335 3347 ait

343 3387 418 3443 eum,
436 3381 534 3429 contra
552 3389 636 3447 quem
650 3371 754 3429 iudicio
771 3370 884 3429 liberali
910 3372 1025 3444 aderat,
1048 3389 1084 3431 ne
1100 3373 1204 3431 faciem
1220 3371 1334 3448 quidem

342 3450 449 3511 babere
471 3449 554 3512 llberi
580 3455 720 3520 hominis;·
746 3455 791 3512 cui
811 3455 992 3532 respondeus
1012 3455 1152 3514 Domitius
1175 3454 1263 3530 Afer,
1284 3450 1337 3514 Ea

342 3537 395 3610 tui,
411 3537 510 3612 inquit,
529 3539 622 3597 animi
635 3539 802 3612 sententio,
817 3536 938 3615 Lotape,
958 3540 1010 3616 qui
1024 3541 1136 3600 molum
1148 3539 1263 3618 faciem
1277 3538 1335 3599 lto-

300 3619 398 3697 33bet‚
414 3620 493 3679 liber
506 3640 565 3682 ooo
580 3624 647 3681 eat?
683 3620 835 3681 Vitandum
853 3623 948 3696 etiam,
965 3640 1002 3681 ne
1017 3622 1162 3700 petulans,
1179 3640 1215 3682 ne
1232 3625 1333 3700 supe'r·

340 3701 417 3781 bum7
435 3721 471 3763 ne
488 3704 567 3781 loco,
588 3723 624 3764 ue
636 3714 768 3786 tempore
786 3705 920 3782 alienum,
935 3722 972 3766 ne
984 3715 1186 3786 praeparatum
1201 3715 1230 3766 ct
1248 3706 1334 3766 domo
