3184 4409
540 499 949 568 rusn.onuuoa.r.1n.1,a.
1204 489 1245 551 43

251 661 317 719 tium
340 656 430 718 nolim
450 656 480 716 in
501 654 881 734 quibusdam'interpretari.
912 656 1016 734 Elegia
1037 674 1124 732 vero,
1147 657 1245 736 utique

252 760 305 820 qua
319 750 411 817 amat,
434 750 462 799 et
480 739 733 815 hendecasyllabi,
755 741 802 816 qui
819 749 884 800 sunt
901 751 1040 801 commata
1056 741 1246 801 Sotadeorum

254 822 333 903 (nam
352 824 390 884 de
408 825 542 884 Sotadeis
563 842 601 882 ue
621 822 855 901 praecipiendum
876 826 989 901 quidem
1011 827 1071 904 est)
1095 842 1245 884 amovean-

253 919 312 985 tur,
334 911 358 968 si
377 908 440 967 beri
455 917 568 987 potest;
592 908 740 981 siminus,
764 917 845 966 corte
862 910 898 968 ad
915 909 1020 967 drmius
1038 911 1140 968 aetatis
1157 908 1247 968 robur

254 1001 447 1052 reserventur.
487 990 678 1065 comoediae,
703 1007 776 1069 quae
799 992 948 1069 plurimum
971 994 1105 1052 conferre
1127 993 1163 1052 ad
1185 993 1270 1054 elo-t

256 1079 397 1154 quantiam
422 1084 536 1154 potest,
565 1093 629 1134 cum
649 1093 702 1152 per
728 1092 827 1134 omnes
849 1085 879 1135 et
905 1094 1046 1154 personas
1075 1085 1104 1134 et
1125 1077 1246 1136 affectus

257 1168 317 1236 eat,
338 1177 422 1238 quem
437 1178 518 1218 usum
539 1161 567 1217 in
585 1160 683 1237 pueris
702 1167 816 1236 putem,
841 1161 928 1239 paulo
950 1169 1019 1237 post
1039 1177 1093 1223 suo
1116 1160 1183 1219 loco
1205 1160 1245 1220 di·

258 1262 329 1311 cam;
358 1261 422 1301 nam
446 1261 509 1303 curn
530 1260 625 1301 mores
647 1244 675 1300 in
697 1251 758 1302 tuto
774 1243 903 1320 luerint,
929 1245 1004 1303 inter
1025 1245 1181 1322 praecipua
1204 1243 1245 1302 le·

258 1328 347 1404 ganda
359 1327 423 1385 erit.
446 1326 490 1384 De
502 1326 657 1386 Menandro
670 1326 785 1404 loquor,
799 1346 854 1386 nec
866 1337 961 1387 tamen
974 1328 1147 1387 excluserim
1161 1326 1244 1385 alios.

336 1410 409 1470 Nam
425 1410 515 1469 Latini
537 1428 654 1488 quoque
676 1419 812 1469 auctores
835 1411 956 1470 afferent
976 1412 1105 1470 utilitatis
1128 1409 1270 1489 aliquid&

260 1493 313 1553 Sed
330 1495 444 1572 pueris,
469 1512 542 1572 quae
557 1495 679 1553 maxime
696 1496 840 1570 ingenium
860 1496 937 1555 alant
956 1505 1042 1573 atque
1059 1498 1179 1554 animum
1196 1512 1244 1553 au·

261 1587 356 1655 geant,
384 1577 595 1656 praelegenda;
627 1579 751 1653 ceteris,
777 1597 851 1657 quae
879 1579 914 1639 ad
943 1570 1133 1639 eruditionem
1160 1577 1245 1636 modo

261 1663 415 1740 pertinent,
437 1661 525 1738 longa
547 1670 628 1720 aetas
651 1663 773 1739 spatium
793 1663 880 1722 dabit.
912 1662 1029 1722 Multum
1051 1673 1146 1723 autem
1164 1670 1245 1721 vete·

261 1764 303 1804 res
323 1747 409 1805 etiam
425 1744 516 1804 Latini
536 1745 702 1821 conferunt,
726 1742 904 1825 (quanquam
926 1747 1060 1826 plerique
1078 1749 1144 1826 plus
1165 1747 1245 1824 inge·

261 1831 303 1888 uio
322 1847 408 1908 quam
425 1838 486 1888 arte
504 1829 670 1909 valuerunt)
693 1831 830 1908 imprimis
849 1832 1152 1908 copiam‘verborum,
1175 1847 1245 1909 quo-

260 1932 314 1972 rum
325 1915 354 1972 in
368 1913 526 1989 tragoediis
544 1915 696 1990 gravitas,
707 1915 736 1972 in
755 1914 913 1973 comoediis
931 1915 1075 1991 elegantia
1087 1925 1116 1974 et
1132 1914 1246 1992 quidam

260 1997 332 2056 velut
353 1987 519 2074 ἆττικισμός
538 1998 658 2055 inveniri
679 2006 785 2074 potest.
818 1996 1000 2058 ‘Oeconomia
1021 2017 1137 2076 quoque
1156 2001 1185 2056 iu
1201 1997 1269 2063 hiso

261 2081 420 2158 diligentior
432 2098 515 2158 quam
527 2082 555 2139 in
567 2079 716 2158 plerisque
732 2098 872 2140 novorum
889 2084 959 2158 erit,
978 2084 1026 2160 qui
1040 2085 1163 2141 omnium
1176 2097 1245 2159 ope·

261 2164 428 2224 ramsolam
449 2167 582 2224 virtutem
604 2166 760 2223 sententias
783 2174 964 2242 putaverunt.
1002 2165 1145 2224 Sanctitas
1166 2172 1247 2223 certe

261 2257 301 2325 et,
321 2257 353 2306 ut
374 2249 418 2307 sic
439 2248 548 2324 dicam,
570 2247 692 2306 virilitas
713 2247 748 2308 ab
772 2250 807 2307 iis
829 2248 954 2327 petenda
976 2257 1036 2324 est,
1060 2247 1173 2327 quando
1192 2264 1246 2305 uos

261 2333 285 2390 in
298 2333 392 2392 omnia
409 2331 575 2392 deliciarum
592 2333 660 2390 vitia
677 2331 790 2391 dicendi
806 2349 922 2411 quoque
936 2334 1049 2391 ratione
1066 2332 1244 2408 deduximus.

261 2414 388 2494 Denique
406 2415 555 2475 credamus
573 2416 688 2475 summis
702 2416 881 2492 oratoribus,
904 2418 953 2494 qui
969 2425 1100 2476 veterum
1113 2423 1246 2493 poemata
1254 2426 1288 2479 10

261 2500 300 2558 tel
322 2499 358 2558 ad
381 2498 465 2558 iidem
486 2517 634 2559 causarum
651 2500 701 2559 rel
722 2500 758 2559 ad
779 2510 976 2560 ornamentum
998 2500 1182 2578 eloquentiae
1201 2517 1246 2559 as·

261 2591 375 2643 sumunt.
402 2581 474 2642 Nam
491 2585 648 2662 praecipue
667 2585 780 2661 quidem
796 2584 871 2662 apud
884 2582 1066 2659 Ciceronem,
1079 2585 1286 2662 frequenterll

261 2673 349 2726 tamen
376 2666 451 2745 apud
473 2666 602 2727 Asinium
628 2670 713 2727 etiam
736 2676 765 2726 et
787 2677 921 2744 ceteros,
950 2669 1087 2746 quisunt
1111 2668 1246 2747 proximi,

262 2753 374 2812 u'dim'us
397 2749 497 2826 Ennii,
524 2750 625 2827 Accii,
651 2751 784 2827 Pacuvii,
810 2750 930 2828 Lucilii,
958 2753 1102 2827 Terentii,
1127 2749 1248 2812 Caecibi

259 2844 282 2895 et
301 2836 425 2896 aliorum
442 2836 530 2894 inseri
545 2852 666 2910 versus,
689 2852 797 2896 summa
814 2852 871 2894 non
890 2837 1056 2896 eruditionis
1074 2836 1160 2896 modo
1181 2852 1246 2913 gra-

259 2921 291 2980 tia
313 2919 367 2978 sed
389 2920 475 2978 etiam
490 2917 688 2993 iucunditatis,
713 2937 777 2978 curn
798 2920 923 2996 poeticis
944 2919 1140 2999 voluptatibus
1162 2935 1247 2978 aures

257 3003 403 3063 elorensi
425 3005 581 3080 asperitate
602 3004 755 3080 respirant.
793 3001 903 3076 Quibus
926 3004 1040 3063 accedit
1061 3021 1118 3062 non
1138 3003 1289 3064 medio-12

258 3089 310 3146 tris
333 3087 461 3161 utilitas,
489 3104 553 3144 cum
575 3089 725 3146 sententiis
745 3105 845 3146 eorum
874 3087 954 3147 velut
977 3088 1145 3166 quibusdam
1167 3087 1246 3145 testi-

255 3173 374 3245 moniis,
400 3187 475 3248 quae
495 3185 694 3249 proposuere,
724 3171 902 3230 confirment.
944 3171 1052 3231 Verum
1079 3173 1175 3248 priora
1196 3169 1248 3229 illa

255 3255 288 3316 ad
315 3272 425 3334 pueros
448 3254 555 3330 magis,
583 3253 657 3313 baec
681 3255 833 3332 sequentia
857 3254 892 3314 ad
919 3254 1099 3314 robustiores
1122 3255 1247 3332 pertine

253 3338 340 3413 bunt,
365 3356 429 3397 curn
450 3339 652 3414 grammatices
676 3355 756 3397 amor
778 3346 807 3396 et
834 3357 904 3397 usus
928 3339 1062 3399 lectionis
1083 3355 1140 3397 nou
1162 3336 1247 3397 scbo·

253 3423 345 3482 larum
367 3420 545 3499 temporibus
567 3421 620 3481 sed
640 3421 718 3480 vitae
740 3423 835 3501 spatio
857 3423 1055 3481 terminentur.
1115 3482 1117 3486 .

337 3505 369 3565 ln
382 3504 584 3585 praelegendo,
593 3508 796 3582 grammaticus
809 3514 838 3565 et
853 3505 903 3564 illa
915 3507 1029 3584 quidem
1043 3507 1153 3565 minora
1164 3520 1291 3584 prae-13

252 3598 333 3650 stare
354 3589 488 3664 debebit,
509 3597 540 3648 ut
569 3598 667 3668 partes
691 3592 829 3649 orationis
855 3590 936 3650 reddi
963 3589 1017 3649 sibi
1041 3590 1139 3648 soluto
1161 3608 1248 3648 versu

251 3673 403 3734 desideret
428 3681 458 3732 et
479 3672 585 3754 pedum
610 3675 823 3753 proprietates,
855 3692 930 3750 quae
956 3674 1029 3734 adeo
1054 3673 1160 3733 debent
1182 3691 1249 3732 esse

250 3767 342 3818 notae
361 3758 390 3818 in
412 3755 600 3835 carminibus,
621 3767 652 3818 ut
669 3760 754 3820 etiam
774 3761 804 3819 in
820 3759 948 3820 oratoria
968 3759 1180 3839 compositione
1199 3757 1250 3818 de·
