3184 4409
344 436 394 520 16'
656 468 1019 530 uumqnmsnmnr

344 623 509 686 Clusinium
535 622 672 704 I'ipnrlnrn
695 625 790 702 tiliam
820 622 966 686 Urbiniae
990 626 1061 685 acie
1085 624 1185 700 oicta,
1217 625 1253 685 in
1284 641 1339 702 qao

341 717 477 784 steterat,
487 710 612 788 fapissc,
625 712 831 786 iactotnmqne
841 710 964 770 caribus
973 710 1080 784 cordo,
1093 716 1244 770 retentum
1254 711 1340 770 etiam

343 811 363 853 o
386 812 460 872 repe
480 793 602 854 tandein
621 794 654 852 in
672 791 796 854 Italiam
823 811 863 853 ac
882 794 1017 870 patriam
1034 811 1123 853 rnorn
1143 790 1341 854 Marrucinos

342 878 568 954 venissentque
587 876 630 936 ilri
650 877 795 955 opnosci;
816 874 908 935 Pollio
926 885 1044 953 contra,
1059 877 1193 938 ammeca
1209 873 1339 938 enml'i·

342 962 432 1021 sacri
446 961 575 1022 dominis
590 959 725 1035 dnobus,
740 959 924 1022 medicinam
932 959 1110 1038 factitasse,
1125 961 1339 1021 mannrnnriu

342 1046 463 1105 atienae
476 1063 510 1104 se
528 1045 666 1124 familiae
680 1045 782 1104 venali
797 1043 1014 1118 immiscuisse,
1035 1062 1056 1104 a
1068 1061 1102 1103 se
1117 1051 1296 1122 rogantem,
1313 1047 1339 1102 st

300 1141 333 1196 tt
345 1129 374 1190 ci
388 1131 533 1204 serviret,
555 1135 693 1206 emptam.
732 1125 835 1185 Nonne
851 1135 911 1185 tota
929 1125 964 1185 lis
982 1135 1094 1186 constat
1109 1127 1228 1186 duarum
1246 1143 1338 1186 caust-

344 1230 406 1271 rum
422 1212 637 1289 comparatione
653 1219 682 1269 et
697 1214 865 1270 coniectura
879 1210 986 1288 duplici
999 1219 1084 1288 atque
1101 1207 1242 1269 diversa?
1265 1209 1339 1284 Quae

344 1305 439 1355 autem
456 1297 649 1355 accusantium
668 1312 702 1354 ao
718 1294 948 1371 defendentium,
967 1294 1067 1353 eadem
1081 1295 1243 1372 petentium
1261 1301 1291 1353 et
1305 1293 1340 1351 in·

344 1379 492 1438 litiantinm
507 1381 579 1437 ratio
597 1386 651 1437 est.
848 1378 853 1389 '

428 1461 551 1521 Ducitur
572 1463 738 1521 coniectura
758 1463 878 1539 primurn
903 1479 919 1520 a
942 1463 1116 1539 praeteritIs.
1153 1459 1186 1520 In
1208 1459 1256 1521 his
1283 1468 1343 1520 sunt

343 1564 542 1625 personae,
560 1563 716 1619 causae,
735 1545 903 1605 consilia.
939 1545 1011 1605 Nam
1029 1547 1054 1604 is
1078 1547 1149 1608 ordo
1170 1552 1235 1620 est,
1259 1545 1342 1604 utia-

345 1648 413 1690 cere
434 1630 576 1703 voluerit,
605 1630 747 1707 potuerit,
775 1629 889 1688 lecerit.
931 1628 1061 1708 Ideoque
1087 1629 1253 1689 Intuendum
1279 1637 1341 1687 ann

301 1715 454 1787 tiomrna,
476 1713 594 1790 qualis
622 1714 687 1787 sit,
711 1713 755 1772 de
778 1730 844 1791 quo
867 1714 1000 1789 agitur.
1038 1712 1228 1773 Accusatoris
1249 1721 1341 1772 auten

345 1806 390 1855 est
412 1797 546 1870 elicere,
568 1803 615 1870 ut,
637 1798 662 1854 si
683 1797 751 1873 quid
772 1797 930 1873 obiecerit,
951 1814 1008 1856 non
1023 1798 1116 1856 solum
1132 1806 1218 1874 turpe
1238 1799 1275 1855 sit
1292 1794 1340 1854 sei

345 1882 430 1939 etiam
447 1882 570 1955 crimini,
587 1881 623 1939 de
639 1889 755 1959 quaest
771 1881 922 1956 iudicium,
944 1899 1027 1959 quam
1041 1883 1162 1940 maxime
1179 1881 1338 1939 conveniat.

344 1963 416 2023 Nam
431 1966 455 2022 si
470 1982 550 2022 reum
573 1965 671 2024 caedis
695 1965 867 2042 impudicum
882 1965 930 2024 vel
945 1964 1105 2024 adulterum
1118 1972 1222 2023 vocet:
1247 1963 1340 2023 laedat

320 2063 321 2066 ’
346 2048 461 2126 quidem
480 2047 609 2123 infamia,
635 2048 725 2106 minus
741 2058 834 2106 tamen
849 2049 905 2108 hoo
927 2049 1063 2108 nitidem
1081 2048 1194 2122 valeat,
1218 2045 1338 2124 quamsi

302 2141 336 2196 29
344 2133 497 2207 audacem,
514 2132 705 2209 petulantem,
724 2131 887 2208 crudelem,
900 2135 1082 2191 temerarium
1098 2131 1268 2191 ostenderit.
1292 2129 1336 2213 Pr·

344 2225 445 2291 tron0,
467 2216 568 2273 silleri
588 2217 710 2293 poterit,
731 2216 759 2274 id
774 2216 916 2292 agendum
931 2225 993 2291 est,
1014 2225 1045 2276 ut
1060 2216 1174 2275 obiecta
1189 2214 1239 2273 vel
1256 2219 1337 2289 neget

344 2300 392 2358 vel
409 2299 544 2358 defendat
557 2300 605 2358 vel
621 2302 740 2367 minnat;
758 2303 917 2377 proximum
932 2308 992 2375 est,
1016 2308 1046 2358 ut
1061 2318 1077 2359 a
1094 2301 1242 2377 praesenti
1258 2313 1335 2376 quac·

346 2386 439 2441 stione
455 2392 582 2460 separet.
619 2385 689 2443 Sunt
705 2386 778 2441 enim
792 2384 933 2461 pleraque
948 2401 1004 2442 non
1019 2384 1111 2443 solum
1128 2383 1278 2442 dissimilia
1286 2377 1336 2438 setl

347 2468 431 2525 etiam
447 2467 599 2543 ailquando
619 2469 779 2526 contraria:
796 2476 843 2541 ut,
864 2470 888 2525 si
910 2485 977 2526 reus
993 2468 1060 2526 furti
1081 2467 1220 2545 prodigus
1235 2465 1337 2525 dicatur

346 2559 393 2608 ant
409 2551 571 2626 negligens.
602 2550 705 2628 Neque
722 2553 796 2608 enlm
810 2551 922 2612 videtur
937 2552 966 2608 iu
982 2551 1102 2611 eundem
1118 2558 1147 2609 et
1162 2556 1337 2626 contemptus

303 2636 487 2709 gopeouniae
514 2643 542 2692 et
561 2634 699 2711 cupiditas
720 2635 835 2693 cadere.
868 2636 898 2694 si
914 2635 1036 2694 deerunt
1055 2634 1129 2693 haec
1144 2633 1289 2692 remedia:
1307 2627 1337 2687 ai

346 2716 395 2775 illa
417 2716 615 2777 declinandum
636 2727 695 2792 est,
714 2736 771 2777 non
790 2717 826 2778 de
841 2719 897 2777 lroo
913 2721 1028 2796 quaeri,
1052 2736 1107 2777 neo
1123 2735 1204 2791 eum,
1229 2717 1278 2795 qui
1293 2712 1337 2772 ali·

347 2801 460 2877 quando
477 2802 660 2877 peccaverit,
684 2804 782 2880 utane
804 2804 981 2861 commisisse
1004 2805 1113 2875 omnia,
1133 2811 1161 2859 et
1184 2801 1260 2860 lianc
1275 2797 1337 2857 liin·

348 2885 419 2941 ciam
440 2883 529 2943 luisse
553 2885 768 2944 accusatorIbus
791 2886 866 2945 falsa
893 2885 1062 2954 obiiciendi;
1084 2885 1160 2963 quod
1181 2884 1294 2944 laesum
1314 2887 1339 2937 et

304 2967 525 3027 31vulneratum
547 2986 627 3026 reum
647 2987 805 3046 speravere
822 2970 876 3029 hao
893 2970 999 3031 invidIa
1015 2971 1137 3048 opprimi
1151 2984 1253 3046 posse.
1287 2962 1339 3023 Ilii

346 3069 362 3109 a
377 3053 575 3128 propositione
592 3055 768 3112 accusatoris
785 3062 942 3131 contraque
964 3053 1022 3112 loci
1040 3055 1177 3112 oriuntur.
1214 3053 1311 3127 Saepe
1326 3063 1340 3104 t

351 3151 475 3211 persona
490 3137 569 3213 prior
585 3136 661 3194 ducit
677 3147 842 3213 argumenta
863 3137 1001 3196 defensor
1020 3146 1049 3196 et
1070 3138 1183 3198 interim
1202 3131 1339 3210 generali·

346 3227 408 3292 ter,
424 3219 597 3278 Incredibile
614 3238 699 3294 esse,
721 3239 738 3279 a
756 3221 814 3280 filio
830 3224 941 3297 patrem
957 3223 1100 3296 occisum,
1118 3219 1153 3279 ab
1169 3221 1341 3296 imperatore

346 3303 486 3378 proditam
509 3303 640 3361 hostibus
663 3306 792 3381 patriam.
829 3303 928 3363 FaoiIe
944 3305 1155 3382 respondetur,
1178 3302 1248 3376 vel,
1270 3295 1342 3380 quod

347 3387 440 3443 omnia
464 3387 578 3446 scelera
603 3389 631 3445 in
654 3388 745 3446 malos
767 3387 869 3447 cadant
899 3389 1025 3466 ideoque
1047 3405 1137 3465 saepe
1163 3385 1343 3463 deprehensa

346 3469 415 3533 sint:
437 3469 502 3542 vel,
526 3471 602 3547 quod
625 3472 805 3546 ingeniosum
827 3474 879 3545 sit,
901 3473 1017 3531 crimina
1041 3473 1103 3549 ipsa
1125 3471 1279 3530 atrocitate
1297 3467 1343 3526 de·

305 3549 433 3610 32iendi.
469 3550 584 3611 Interim
607 3556 740 3631 proprie;
770 3555 847 3632 quod
871 3558 1047 3615 estuarium.
1084 3553 1157 3613 Nam
1171 3553 1296 3630 dignitas
1315 3557 1342 3608 et

346 3642 442 3692 tuetur
457 3653 537 3693 reum
554 3646 582 3694 et
594 3654 792 3714 nonnunquam
807 3638 869 3714 ipsa
885 3640 912 3695 in
927 3647 1123 3715 argumentum
1138 3637 1207 3697 lacti
1223 3651 1345 3695 conver·

347 3719 429 3796 titur,
453 3727 585 3798 tanquam
601 3720 770 3781 inde-luerit
788 3739 857 3798 spes
875 3724 1062 3800 impunitatis;
1084 3721 1205 3799 proinde
1221 3735 1345 3798 pauper·
