3184 4409
329 472 386 534 198
644 482 1006 544 m.one.conru1n1nnu

326 643 410 700 etiarn
429 637 631 715 dignitatibus,
651 646 682 698 ut
706 637 848 698 libertatis
872 644 990 698 nostrae
1015 637 1090 696 ratio
1110 637 1277 716 reddatur,
1300 658 1332 702 uo

326 727 389 802 quis
404 741 457 782 nos
473 731 520 782 ant
534 721 697 800 petulantes
711 724 740 780 iu
760 721 908 782 laedendis
929 723 972 780 eis
993 721 1145 780 autetiam
1163 722 1332 785 ambitiosos

325 816 417 886 potet.
455 806 554 882 ltaque
573 803 696 881 Cicero,
719 822 880 884 quanquam
901 805 1008 865 eratin
1026 801 1143 864 Cottam
1159 810 1332 882 gravissime

325 892 468 966 dicturus,
490 908 585 968 neque
603 889 687 948 aliter
702 891 750 966 'agi
767 889 797 949 P.
815 887 901 968 Oppii
918 905 1006 949 causa
1027 897 1164 966 poteret,
1188 890 1285 970 longa
1298 901 1332 954 ta

284 986 388 1040 odmen
404 974 583 1053 praelatione
600 976 749 1033 excusavit
764 972 854 1033 cilicii
866 973 910 1032 soi
921 974 1139 1033 necessitatem.
1165 973 1334 1054 Aliquando

325 1062 409 1119 etiarn
431 1058 614 1118 inferioribus
639 1059 856 1136 praecipueque
877 1056 1104 1116 adolescentulis
1130 1074 1270 1135 parcere
1293 1069 1335 1121 aut

324 1143 415 1203 videri
430 1142 525 1201 decet.
557 1142 650 1201 Utitur
667 1141 721 1202 bac
737 1140 933 1202 moderatione
949 1137 1054 1200 Cicero
1069 1156 1123 1219 pro
1141 1139 1256 1203 Caelio
1272 1162 1335 1205 con

324 1238 367 1288 tra
382 1227 551 1301 Atratinum,
570 1235 600 1285 ut
615 1243 679 1284 enm
692 1242 748 1284 nou
759 1226 873 1285 inimice
889 1226 1039 1302 corripere
1054 1223 1106 1284 sed
1121 1242 1227 1303 paene
1244 1231 1336 1307 patric

323 1328 442 1370 monere
462 1310 602 1369 videatur.
638 1309 711 1368 Nam
734 1318 763 1368 et
786 1308 891 1370 nobilis
913 1318 943 1370 et
961 1309 1072 1369 invenis
1095 1317 1126 1368 et
1149 1327 1213 1371 non
1228 1313 1335 1374 iniusto

323 1395 425 1455 dolore
441 1403 561 1452 venerat
576 1393 611 1453 ad
627 1394 827 1453 accusandum.

407 1478 508 1538 sedin
525 1478 568 1535 his
584 1478 713 1555 quidem,
730 1476 877 1556 inquibus
893 1477 942 1537 vel
957 1476 1043 1537 iudici
1061 1477 1109 1537 ool
1128 1479 1224 1540 etiarn
1239 1489 1336 1541 astan-

323 1562 398 1621 tibus
423 1563 496 1620 ratio
522 1570 639 1621 nostrae
662 1562 867 1622 moderationis
892 1560 1009 1641 probari
1030 1561 1134 1639 debet,
1166 1564 1274 1624 minor'
1292 1572 1336 1624 est

324 1647 421 1712 labor;
439 1645 500 1704 illic
518 1644 582 1722 plus
599 1645 791 1721 diilicultatis,
810 1644 859 1705 ubi
873 1647 971 1724 ipsos,
988 1653 1087 1705 contra
1103 1662 1183 1723 quos
1197 1647 1334 1723 dicimus,

280 1735 314 1790 69
323 1747 457 1788 veremur
471 1728 628 1788 olieudere.
655 1728 737 1789 linae
752 1729 835 1789 simul
849 1729 1010 1789 huiusmodi
1023 1746 1173 1806 personae
1192 1728 1334 1792 ciceroni

324 1830 377 1890 pro
393 1812 509 1871 Murena
524 1813 629 1872 dicenti
645 1813 826 1889 obstiterunt,
842 1811 880 1872 ll.
893 1811 1011 1873 catonis
1022 1814 1179 1891 Serviique
1196 1816 1332 1894 Sulpicii.

325 1895 415 1969 Quam
429 1896 568 1955 decenter
582 1906 675 1956 tamen
690 1897 835 1975 Sulpicio,
854 1914 918 1956 cnm
932 1913 1031 1956 omues
1049 1900 1257 1960 concessisset
1274 1901 1329 1958 vir-

323 1989 410 2055 tutes,
426 1981 573 2039 scientiam
591 1981 707 2059 petendi
724 1980 891 2040 consulatus
908 1977 1034 2040 ademit?
1063 1979 1138 2052 Quid
1156 1985 1237 2041 euim
1253 1982 1330 2042 aliud

324 2073 419 2139 esset,
447 2082 504 2142 qno
531 2083 562 2123 se
584 2066 690 2124 victum
710 2064 796 2125 borno
825 2064 930 2124 nobilis
951 2073 981 2124 et
1002 2065 1072 2124 iuris
1092 2064 1219 2124 antistes
1236 2068 1327 2143 magis

315 2146 433 2207 derret?
467 2147 504 2207 Ut
518 2166 589 2207 vero
605 2150 744 2208 rationem
761 2147 937 2208 defensionis
957 2165 1027 2207 suae
1047 2147 1189 2225 reddidit,
1214 2167 1282 2209 cum
1295 2167 1326 2208 so

324 2233 468 2291 studuisse
483 2234 612 2309 petitioni
625 2232 744 2311 Sulpicii
758 2241 857 2293 contra
866 2233 1008 2293 'honorem
1019 2230 1168 2307 Murenae,
1180 2250 1240 2293 non
1252 2235 1325 2294 idern

281 2316 432 2378 iodebere
457 2318 562 2375 actioni
590 2325 689 2375 contra
712 2325 814 2394 capnt,
840 2313 973 2376 diceret?
1015 2314 1107 2390 Quam
1127 2316 1211 2376 molli
1230 2326 1324 2376 autern

324 2400 444 2459 articulo
461 2402 592 2459 tractavit
609 2396 767 2459 Catonem?
796 2401 876 2460 cuius
897 2408 1025 2460 naturam
1043 2417 1151 2458 somme
1168 2400 1323 2460 admiratus

323 2501 380 2541 non
394 2485 483 2560 ipsius
498 2486 567 2542 vitio
584 2483 635 2542 sed
651 2484 767 2543 Stoicae
782 2493 882 2543 sectae
896 2482 1064 2563 quibusdam
1077 2485 1106 2541 in
1116 2482 1207 2542 rebus
1219 2484 1323 2543 iactam

324 2567 467 2625 duriorem
483 2567 574 2626 videri
592 2566 724 2635 volebam
746 2577 776 2626 ut
797 2569 871 2626 inter
890 2585 943 2626 eos
963 2584 1020 2625 non
1037 2566 1185 2626 ioreusem
1203 2575 1320 2627 conten·

281 2645 426 2713 titionem
439 2650 491 2709 sed
509 2651 664 2709 studiosam
679 2648 898 2729 disputationem
914 2651 1052 2711 crederes
1066 2650 1213 2709 incidisse.
1241 2649 1322 2709 Haec

323 2743 369 2793 est
384 2733 516 2811 proiecto
531 2737 621 2807 ratio,
644 2744 672 2794 et
694 2736 881 2795 certissimum
896 2743 1118 2813 praeceptorum
1132 2751 1228 2810 genus
1245 2733 1321 2794 illins

322 2819 375 2876 viri
391 2817 555 2876 observatio
566 2860 574 2892 ,
587 2827 641 2897 ω,
665 2837 728 2877 cum
742 2819 849 2897 aliquid
864 2818 1016 2879 detrahere
1032 2818 1111 2878 salva
1126 2819 1220 2893 'gratia
1235 2817 1321 2891 velis,

323 2901 467 2960 concedas
483 2901 537 2960 alia
554 2903 662 2961 omnia:
685 2903 712 2959 in
732 2902 788 2961 hoc
805 2903 871 2961 solo
884 2903 931 2962 vel
946 2903 1037 2961 miuus
1052 2902 1174 2980 peritum
1193 2918 1281 2979 quom
1294 2901 1322 2958 iu

323 2987 444 3058 ceteris,
463 2984 589 3060 adiecta,
612 2988 636 3044 si
657 2987 763 3064 poterit
780 2985 859 3060 lieri,
882 2988 967 3045 etiam
982 3003 1083 3061 causa,
1102 3002 1154 3044 our
1170 2985 1200 3044 id
1216 2987 1255 3044 ita
1274 2985 1320 3058 sit,

321 3071 368 3129 vel
384 3070 470 3147 paulo
487 3071 707 3147 pertinaciorem
718 3069 769 3128 'vel
789 3069 936 3129 credulum
951 3069 1001 3128 vel
1015 3071 1132 3144 iratum,
1153 3069 1204 3128 vel
1219 3067 1321 3147 impul·

280 3159 380 3214 'losum
396 3152 431 3211 ab
452 3153 525 3212 aliis.
558 3152 621 3212 Hoc
637 3154 694 3212 illis
716 3170 865 3212 commune
882 3153 1038 3212 remedium
1060 3159 1121 3227 est,
1143 3153 1199 3210 nisi
1214 3154 1244 3210 in
1259 3159 1321 3211 tota

320 3239 434 3295 actione
450 3237 610 3315 aequaliter
626 3245 765 3315 appareat
789 3253 847 3294 uou
867 3235 960 3296 bonor
973 3235 1058 3294 modo
1074 3234 1126 3294 sed
1142 3236 1230 3295 etiam
1246 3236 1320 3295 ceri·

321 3328 374 3377 tas.
417 3320 572 3380 Praeterea
595 3339 681 3380 cansa
702 3322 739 3378 sit
759 3320 842 3379 nobis
862 3320 936 3379 iusta
956 3322 999 3378 sic
1021 3318 1151 3395 dicendi,
1171 3336 1270 3397 neque
1293 3318 1321 3378 id

279 3402 467 3464 73moderate
488 3397 593 3463 tantum
616 3404 752 3464 iaciamus
773 3402 826 3462 sed
847 3405 932 3463 etiam
952 3404 1130 3462 necessario.
1164 3401 1322 3462 Diversum

320 3485 355 3544 ab
378 3485 433 3544 hoc
453 3487 504 3545 sed
529 3488 660 3563 facilins,
687 3505 749 3547 oum
771 3487 914 3546 bominum
935 3495 983 3547 ant
1001 3485 1109 3564 alioqui
1133 3488 1258 3564 turpium
1273 3493 1322 3546 ani

319 3569 402 3628 nobis
424 3571 578 3629 invisorum
598 3572 737 3648 quaedam
762 3571 838 3631 iacta
859 3569 998 3631 laudanda
1021 3579 1095 3629 sunt.
1125 3569 1223 3630 Decet
1245 3572 1321 3630 enim

320 3671 379 3710 rem
395 3654 484 3730 ipsam
500 3653 624 3729 probare
639 3657 667 3713 in
683 3655 873 3734 qualicunque
887 3671 1022 3733 persona.
1050 3653 1128 3713 Dixit
1144 3651 1252 3715 Cicero
1266 3670 1321 3733 pro

320 3734 438 3795 Gabinio
455 3745 484 3796 et
500 3736 530 3796 P.
546 3736 670 3814 Vatinio,
687 3739 887 3799 inimicissimis
901 3748 984 3799 antea
998 3737 1053 3798 sibi
1067 3736 1229 3798 bominibus
1246 3747 1277 3800 ol
1294 3737 1323 3798 iu
