3184 4409
294 488 334 551 oi
607 503 644 549 ιι.
661 502 741 549 rau.
757 500 979 561 ommam

294 678 330 719 ne
348 659 440 719 dicam
458 674 560 717 somno
577 666 607 715 et
623 657 821 715 conviviorum
837 671 935 729 nora,
959 663 1155 726 conteruntur,
1174 673 1295 733 geom

294 754 357 802 trae
379 745 476 821 potius
498 760 534 801 ac
555 743 667 800 musico
691 739 847 818 impendat
871 748 978 816 quanto
1000 740 1066 818 plus
1089 741 1295 800 delectationis

295 827 443 887 habiturus
461 843 545 904 quam
563 825 676 885 exiliis
696 825 846 883 ineruditis
864 824 1071 902 voluptatibus.
1115 825 1205 909 Dedit
1220 827 1294 884 enim

294 913 351 971 boc
372 911 551 989 providentia
573 908 734 968 bominibus
755 927 872 981 nunus,
901 917 933 965 ut
957 908 1078 966 bouesta
1100 910 1192 985 magis
1216 911 1294 968 iura·

294 1005 367 1055 reot.
412 995 470 1055 Sed
490 1012 543 1052 nos
562 995 635 1053 baec
652 995 715 1070 ipsa
737 992 862 1050 dulcedo
881 991 995 1067 longius
1014 994 1102 1051 duxit.
1146 991 1294 1052 Hactenus

295 1096 367 1156 ergo
390 1078 427 1138 de
447 1076 707 1155 studiis9quibus‚
728 1085 881 1153 autequam
899 1077 1009 1134 maiora
1027 1078 1140 1154 capiat,
1165 1094 1241 1154 puer
1254 1078 1293 1135 in-

294 1164 453 1222 stituendus
474 1172 530 1225 est:
549 1162 697 1240 proximus
715 1159 789 1218 liber
808 1160 890 1219 relut
906 1176 1011 1221 norum
1030 1169 1125 1220 sumet
1144 1161 1293 1221 exordium

295 1257 324 1306 et
345 1248 381 1307 ad
404 1247 528 1306 rbetoris
552 1246 650 1305 oilicia
672 1243 814 1302 transibit.

675 1584 835 1648 LIBER
865 1585 911 1649 Π.

294 1720 371 1771 Libro
386 1719 497 1769 secundo
512 1718 575 1768 baec
592 1721 760 1769 continentur:
785 1718 890 1779 Quando
910 1717 1005 1767 rhetori
1021 1717 1156 1767 tradendus
1170 1720 1204 1767 sit
1219 1734 1291 1784 puer.

331 1788 367 1838 ite
382 1789 495 1838 moribus
513 1798 538 1837 et
554 1788 647 1838 oiiiciis
661 1790 844 1855 praeceptoris.
873 1790 913 1836 Au
926 1788 1042 1852 protinus
1053 1795 1218 1852 praeceptore
1228 1788 1293 1854 opti-

328 1870 370 1907 mo
387 1856 557 1907 situteudum.
584 1857 620 1907 De
630 1860 720 1924 primis
731 1858 800 1924 apud
814 1857 939 1906 rhetorem
951 1855 1182 1908 exercitationibus.
1208 1856 1245 1906 De
1258 1857 1293 1905 le-

292 1956 298 1975 t
328 1918 411 1977 itione
420 1934 545 1977 oratorum
558 1934 582 1976 et
593 1927 770 1978 historicorum
782 1927 851 1992 apud
863 1926 998 1976 rhetorem.
1027 1923 1074 1982 ont
1087 1925 1165 1990 primi
1181 1925 1292 1991 legendi.

330 1996 367 2046 oe
380 1997 506 2047 divisione
516 2007 541 2045 et
553 1997 737 2060 pareuchiresi‚
753 1998 786 2046 de
796 1995 943 2046 ediscendo.
967 1998 1008 2043 An
1020 1994 1158 2043 secuudum
1171 1995 1213 2044 sui
1223 1995 1294 2056 quis-

329 2080 378 2127 que
394 2067 489 2131 ingenii
500 2074 613 2115 naturam
625 2067 754 2117 docendus
767 2067 810 2117 sit.
835 2064 873 2112 De
886 2064 970 2115 oiiicio
981 2063 1173 2128 discipulorum.
1197 2063 1235 2112 De
1244 2063 1294 2112 uti-

329 2134 398 2184 litate
416 2144 440 2184 ct
457 2136 553 2184 ratione
568 2136 736 2188 declamandi.
764 2136 806 2184 Au
823 2135 884 2183 artis
900 2133 1044 2183 necessaria
1060 2132 1180 2196 cognitio.
1211 2130 1294 2190 Quare

329 2204 447 2253 ineruditi
460 2205 644 2269 ingeniosiores
656 2205 733 2269 rulgo
744 2203 893 2256 habeantur.
921 2201 982 2260 Quis
1000 2201 1089 2250 modus
1100 2203 1126 2250 iu
1135 2208 1197 2254 arte.
1224 2200 1294 2249 Divi-

329 2274 367 2323 sio
382 2274 458 2323 totius
479 2275 573 2338 operis.
608 2273 674 2332 Quid
692 2275 725 2322 sit
739 2272 863 2322 rhetorice
878 2279 902 2321 et
919 2273 976 2335 quis
994 2272 1048 2320 eius
1065 2270 1132 2321 linis.
1159 2271 1199 2318 Au
1211 2268 1291 2322 utilis.

328 2344 369 2392 Αιι
386 2358 437 2395 ars.
469 2343 613 2406 Exquibus
626 2343 733 2392 artibus.
766 2341 906 2392 Naturaan
926 2341 1041 2390 doctriua
1053 2341 1111 2405 plus
1128 2339 1152 2388 ei
1169 2339 1291 2390 conferat.

329 2414 370 2461 Au
383 2413 464 2461 virtus
472 2410 606 2464 rhetorice.
637 2410 706 2469 Quae
716 2413 822 2461 materia
833 2411 898 2462 eius.

457 2544 589 2605 QUANDO
606 2547 751 2598 RHETORI
768 2546 967 2598 TRADENDUS
980 2546 1030 2597 stt
1042 2546 1136 2600 PUER.

364 2657 388 2721 1.
420 2632 524 2726 'lenuit
546 2662 742 2738 cousuetudo,
771 2680 846 2740 quae
874 2664 981 2723 cotidie
1009 2663 1101 2738 magis
1128 2661 1292 2735 invalescit,

294 2750 327 2804 ut
346 2743 587 2823 praeceptoribus
610 2745 812 2824 eloquentiae,
840 2747 946 2807 Latinis
969 2747 1084 2824 quidem
1104 2763 1221 2823 semper
1240 2746 1293 2805 scd

296 2827 382 2889 attan
403 2826 523 2889 Graecis
544 2830 672 2905 interim,
702 2830 835 2909 discipuli
857 2833 950 2890 serius
985 2848 1070 2909 quam
1091 2831 1165 2889 ratio
1193 2839 1292 2908 postu·

296 2908 348 2987 lat,
368 2911 560 2973 traderentur.
603 2912 675 2972 Eius
696 2917 739 2974 rei
760 2915 868 2993 duplex
890 2923 1050 2990 causaest,
1073 2914 1150 2992 quod
1171 2922 1203 2972 et
1227 2913 1293 2974 rbe-

295 3000 376 3057 toret
401 2997 500 3074 utique
527 2999 619 3057 nostri
647 3015 715 3057 suas
742 3009 841 3078 partes
865 3001 1023 3060 omisemut
1057 3007 1087 3057 et
1116 2998 1295 3075 grammatici

296 3076 405 3139 alienas
423 3089 651 3159 occupaverunt.
680 3081 751 3142 Nam
769 3092 798 3143 et
814 3083 856 3143 illi
873 3084 1038 3144 declamare
1054 3083 1139 3142 modo
1156 3091 1185 3142 et
1198 3084 1293 3142 scien·

297 3162 365 3225 dtur
386 3162 564 3227 declamandi
586 3183 621 3226 ac
650 3164 817 3227 facultatem
847 3168 962 3228 tradere
991 3168 1080 3227 officii
1105 3169 1148 3226 sui
1176 3166 1294 3242 ducunt,

296 3244 385 3325 idque
399 3248 471 3309 intra
487 3248 691 3310 deliberativas
707 3252 915 3330 iudicialesque
934 3253 1068 3311 materias
1089 3252 1174 3329 (uam
1195 3259 1295 3310 cetera

295 3336 329 3389 ut
349 3332 533 3410 proiessioue
554 3352 606 3395 sua
623 3334 733 3394 minora
755 3335 948 3415 despiciunt);
971 3346 1000 3396 et
1016 3336 1045 3395 bi
1062 3354 1120 3395 non
1140 3336 1211 3395 satis
1231 3353 1295 3394 cre·

294 3410 366 3474 dunt
383 3412 548 3497 excepisse,
568 3437 644 3496 quae
660 3418 764 3478 relicta
782 3428 874 3494 erant,
894 3421 967 3498 (quo
985 3423 1099 3493 nomine
1114 3421 1206 3496 gratia
1223 3437 1294 3496 quo·

294 3512 354 3575 qua
376 3500 410 3560 iis
432 3499 564 3561 habenda
586 3504 653 3582 est)
685 3502 738 3562 sed
760 3505 795 3564 ad
813 3513 1048 3582 prosopopoeiae
1066 3522 1159 3582 usque
1178 3521 1214 3562 ac
1229 3522 1294 3564 sua·

292 3584 401 3661 corias,
420 3585 567 3663 inquibus
585 3603 656 3646 onus
676 3586 789 3646 dicendi
804 3588 854 3647 rel
870 3591 1022 3648 maximum
1041 3598 1103 3664 est,
1124 3590 1292 3666 irrumpunt.

292 3670 368 3735 ilino
385 3689 458 3750 ergo
475 3670 589 3745 accidit,
610 3679 650 3745 ut,
670 3688 744 3748 quae
764 3671 883 3731 alterius
901 3675 970 3733 artis
986 3674 1076 3752 prima
1094 3681 1175 3731 eraut
1190 3688 1293 3750 opera,

292 3754 373 3821 iacta
396 3761 451 3821 sint
473 3757 593 3818 alterius
615 3755 784 3824 novissima;
807 3765 837 3816 et
857 3766 938 3818 aetas
956 3756 1106 3817 altioribus
1127 3758 1182 3816 iam
1207 3756 1293 3816 disci·
