3184 4409
343 441 384 503 52
653 455 690 502 u.
709 455 787 502 sus.
809 452 1029 514 onmnmmrn

344 630 469 690 quamur.
485 610 721 688 experimentum.
757 608 855 686 lugeri
875 627 1036 669 mensnram
1057 609 1197 670 ducentos
1220 620 1250 670 et
1273 629 1339 690 qna·

344 696 473 773 draginta
494 695 678 771 longitudinis
709 695 801 772 pedes
823 712 891 753 esse
918 694 1091 771 dimidioque
1115 696 1143 754 in
1165 695 1340 755 latitudinem

344 790 462 859 patere,
484 797 541 838 non
565 779 629 837 lere
647 781 797 859 quisquam
818 787 864 836 est
884 779 932 855 qui
948 779 1080 855 ignoret,
1104 787 1134 838 et
1159 781 1206 857 qui
1229 781 1267 839 sit
1287 781 1339 838 cir·

301 867 435 932 43cuitus
455 872 483 922 et
506 872 644 941 quantum,
662 864 756 941 campi
778 862 893 922 claudat
917 863 1060 939 colligere
1084 863 1259 941 expeditum.
1302 863 1341 922 At

344 948 458 1009 centeni
487 958 516 1007 et
542 949 679 1024 octogeni
702 949 729 1007 iu
758 964 900 1024 quamque
923 955 1035 1024 partem
1062 948 1154 1025 pedes
1178 947 1254 1006 idem
1275 965 1340 1024 spa·

343 1035 411 1093 tium
433 1033 620 1092 extremitatis
643 1032 695 1091 sed
716 1031 804 1090 multo
828 1030 950 1108 amplius
968 1031 1086 1090 clausae
1104 1040 1238 1109 quattuor
1256 1032 1339 1091 lincis

343 1134 429 1176 areae
453 1116 570 1176 faciunt.
614 1115 646 1174 Id
672 1118 696 1174 si
726 1124 895 1193 computare
923 1132 1008 1192 quem
1035 1115 1131 1193 piget,
1158 1114 1340 1175 brevioribus

343 1202 466 1261 numeris
484 1202 558 1261 idem
575 1200 677 1260 discat.
722 1199 794 1259 Nam
811 1198 876 1258 deni
894 1199 922 1257 in
941 1199 1077 1276 quadram
1097 1200 1199 1277 pedes,
1219 1196 1343 1278 quadra-h

343 1289 421 1364 ginta
443 1302 614 1364 perorem,
638 1285 711 1344 intra
733 1292 847 1343 centum
873 1292 965 1342 erunt.
1009 1283 1048 1342 At
1072 1285 1096 1341 si
1118 1283 1263 1360 quinideui
1287 1299 1341 1361 per

344 1371 450 1443 latera,
481 1371 557 1448 quini
586 1370 614 1427 in
640 1369 734 1428 ironte
757 1369 828 1426 sint:
857 1385 894 1425 ex
915 1367 983 1441 illo,
1015 1368 1092 1445 quod
1118 1367 1340 1446 amplectuutur,

250 1478 252 1482 ¹
301 1463 474 1533 44quartam
489 1453 640 1513 ¹deducent
673 1452 776 1512 eodem
808 1451 1012 1512 circumductu.
1057 1453 1087 1510 Si
1113 1470 1185 1511 vero
1210 1449 1341 1530 porrecti

343 1540 475 1615 utrinque
498 1535 668 1595 undeviceni
691 1536 812 1613 singulis
833 1536 954 1610 distent,
977 1553 1034 1595 non
1057 1535 1159 1613 plures¹
1173 1538 1249 1595 intus
1271 1551 1340 1612 qua·

344 1623 442 1682 dratos
464 1619 625 1695 habebunt,
653 1638 737 1698 quam
760 1639 814 1698 per
834 1628 905 1696 quot
930 1619 1079 1696 longitudo
1102 1620 1236 1686 ducetur;
1266 1635 1341 1697 quae

265 1731 272 1749 ¹
344 1703 504 1765 circumibit
522 1713 617 1763 autem
639 1704 730 1780 linea,
754 1705 883 1764 eiusdem
899 1705 984 1782 spatii
1003 1705 1072 1778 erit,
1096 1706 1176 1763 cuius
1195 1722 1240 1778 ea,
1265 1719 1341 1780 qnae

345 1797 468 1851 centum
482 1789 618 1847 continet.
658 1789 700 1848 lta
723 1788 860 1866 quidquid
881 1788 991 1847 formae
1015 1787 1145 1866 quadrati
1166 1787 1339 1859 detraxeris,

301 1889 335 1942 45
345 1871 521 1949 amplitudini
544 1889 659 1949 quoque
679 1872 795 1950 peribit.
839 1870 918 1948 Ergo
943 1875 1028 1932 etiam
1051 1872 1078 1931 id
1096 1873 1159 1931 lieri
1180 1880 1291 1951 potest,
1310 1877 1341 1927 ut

344 1956 453 2015 maiore
462 1954 598 2019 §incultu
627 1958 719 2015 minor
747 1955 806 2016 loci
835 1956 991 2034 amplitudo
1022 1956 1161 2015 cludatur.
1206 1953 1340 2014 Haecin

344 2041 447 2119 planis.
492 2040 564 2099 Nam
590 2042 619 2099 in
646 2040 771 2100 collibus
792 2039 974 2117 vallibusque
998 2041 1083 2099 etiam
1104 2040 1237 2117 imperito
1260 2045 1341 2116 patet

301 2125 410 2203 tfiplus
429 2125 485 2184 soli
505 2143 571 2184 esse
595 2143 678 2203 quam
696 2124 789 2193 coeli.
836 2121 930 2196 Quid?
954 2125 1031 2202 quod
1047 2142 1080 2182 se
1098 2123 1199 2182 eadem
1221 2138 1340 2201 geome-

343 2211 397 2269 tria
419 2209 495 2269 tollit
517 2209 552 2268 ad
574 2210 713 2268 rationem
731 2226 825 2285 usque
847 2205 963 2266 mundi?
988 2209 1104 2285 inqua,
1129 2221 1193 2266 cnm
1214 2208 1341 2266 sidemm

344 2302 441 2353 certos
467 2296 697 2370 constitutosque
721 2311 823 2352 cursus
844 2293 969 2351 numeris
991 2292 1090 2366 docet,
1113 2287 1340 2370 discimusnibil

344 2396 412 2436 esse
434 2378 622 2437 inordinatum
639 2386 724 2454 atque
750 2376 911 2444 fortuitum;
936 2376 1013 2454 quod
1030 2378 1122 2454 ipsum
1140 2374 1340 2452 nonnunquam

301 2462 491 2538 47pertinere
506 2460 541 2519 ad
561 2469 706 2519 oratorem
723 2467 831 2537 potest.
865 2458 911 2518 An
926 2477 1015 2534 vero,
1034 2478 1097 2518 oum
1109 2459 1239 2519 Pericles
1251 2457 1340 2517 Athe·

344 2545 459 2602 nienses
481 2543 552 2601 solis
576 2542 780 2602 obscuratione
804 2545 921 2602 territos
948 2545 1067 2603 redditis
1092 2545 1154 2602 eius
1177 2545 1221 2602 rei
1245 2543 1340 2602 causis

247 2675 250 2685 ,
343 2637 419 2686 metu
442 2627 589 2694 liberavit;
612 2636 660 2687 aut
681 2645 745 2686 cum
764 2625 909 2704 Sulpicius
931 2628 982 2687 ille
999 2627 1098 2687 Gallus
1114 2629 1142 2685 in
1163 2628 1295 2713 exercitu
1309 2624 1339 2684 L.

343 2711 435 2771 Paulli
456 2713 493 2771 de
515 2711 600 2769 lunae
623 2711 788 2770 delectione
810 2711 960 2787 disseruit,
983 2730 1020 2771 ne
1040 2712 1121 2784 velut
1142 2712 1277 2790 prodigio
1301 2708 1340 2769 di·

342 2796 447 2854 vinitus
469 2795 547 2854 iacto
573 2795 692 2854 militum
719 2795 803 2855 animi
832 2803 1027 2871 terrerentur,
1053 2812 1111 2854 non
1135 2796 1250 2855 videtur
1271 2792 1340 2853 usus

300 2895 411 2949 48esse
437 2880 562 2938 oratoris
590 2875 710 2939 cilicio?
754 2878 839 2952 Quod
867 2881 892 2938 si
918 2879 1016 2939 Nicias
1045 2881 1074 2938 in
1096 2880 1195 2940 Sicilia
1223 2879 1339 2950 scisset,

343 2980 399 3022 non
418 2964 520 3023 eodem
540 2963 676 3022 confusus
692 2973 769 3024 metu
787 2963 1010 3040 pulcherrimum
1021 2962 1238 3023 Atheniensium
1257 2979 1341 3021 exer·

343 3049 429 3106 citum
455 3047 646 3125 prodidisset;
676 3048 750 3106 sicut
777 3047 868 3123 Dion,
898 3066 963 3107 cum
987 3047 1023 3107 ad
1046 3048 1249 3108 destruendam
1271 3045 1340 3105 Dio·

343 3132 416 3205 nysii
439 3133 616 3206 tyrannidem
638 3133 733 3205 vemt,
756 3149 814 3190 non
837 3141 882 3190 est
903 3132 952 3191 tali
975 3150 1044 3191 casu
1068 3132 1233 3205 deterritus.
1279 3130 1342 3188 Sint

343 3223 425 3273 extra
448 3216 517 3275 licet
541 3235 610 3274 usus
635 3214 745 3291 bellici,
771 3224 1027 3293 transeamusque,
1051 3216 1128 3294 quod
1149 3213 1342 3274 Archimedes

301 3310 413 3365 49unus
437 3299 615 3359 obsidionem
639 3301 846 3375 Syracusarum
871 3303 898 3359 in
920 3301 1035 3376 longius
1057 3302 1158 3361 traxit:
1188 3299 1258 3358 illud
1288 3298 1341 3357 nti·

344 3400 400 3458 que
415 3383 470 3442 iam
485 3387 633 3463 proprium
656 3383 691 3443 ad
705 3384 887 3443 efficiendum
905 3385 982 3462 quod
1003 3386 1184 3458 intendimus,
1203 3383 1341 3462 plurimas

344 3469 546 3543 quaestiones,
576 3467 678 3546 quibus
701 3467 848 3528 diffieilior
874 3469 930 3528 alia
959 3470 1071 3528 ratione
1101 3468 1259 3546 explicatio
1285 3474 1341 3540 est,

342 3558 373 3608 ut
395 3551 431 3610 de
451 3554 561 3610 ratione
585 3551 744 3626 dividendi,
767 3551 803 3611 de
827 3555 959 3613 sectione
983 3555 1011 3611 in
1033 3554 1179 3627 inlinitum,
1202 3551 1239 3611 de
1262 3550 1341 3611 cele·

342 3635 427 3694 ritate
451 3636 597 3710 augenda,
618 3635 773 3694 linearibus
799 3636 856 3695 illis
885 3637 1103 3714 probationibus
1127 3636 1202 3696 solvi
1225 3636 1341 3699 sotere:

342 3725 384 3795 ut,
406 3721 430 3778 si
454 3728 498 3778 est
520 3721 627 3779 oratori
658 3719 756 3797 (quod
780 3723 928 3800 proximus
951 3721 1159 3781 demonstrabit
1181 3719 1279 3799 liber)
1306 3718 1343 3780 de
