3184 4409
281 334 415 398 ‘bsecuti
428 333 594 410 vocant,id
612 343 658 393 est
673 323 797 410 νομικὸν
812 343 842 394 et
856 327 984 413 λογικὸν.
1016 333 1099 394 ldem'
1110 335 1250 414 sentiunt,
1267 338 1316 416 qui

323 435 434 485 omnem
450 419 648 496 quaestionem
662 427 771 496 ponunt
785 419 814 477 iu
828 420 922 480 rebus
937 427 966 476 et
980 419 1009 477 in
1022 419 1134 480 cerdic

405 501 477 561 Item
495 504 645 577 convenit,
670 503 857 579 quaestiones
872 519 939 560 esse
955 511 1002 561 aut
1020 501 1190 560 infinitas
1205 513 1254 562 aut
1268 505 1313 565 ii·

322 588 427 644 nitas.
465 584 594 644 infinitae
610 594 691 660 sunt,
713 602 788 662 quae
805 588 924 644 remotis
938 587 1076 663 personis·
1088 594 1118 644 et
1135 588 1312 664 temporibus

322 678 351 728 et
369 670 442 728 locis
461 671 626 747 ceterisque
650 668 788 728 similibus
804 671 833 728 in
849 678 999 745 utramque
1016 677 1127 747 partem
1144 678 1311 748 tractantur,

322 753 398 832 qnod
415 751 517 812 Graeci
535 753 644 813 θέσιν
662 753 775 828 dieunt,
799 751 905 813 Cicero
925 755 1128 831 propositum,
1153 752 1202 813 alii
1217 772 1312 833 quae·

319 840 432 899 stiones
447 837 636 899 uniuersales
653 837 766 912 ciuiles,
784 837 833 896 alii
848 839 1040 914 quaestiones
1051 838 1228 915 philosopho
1240 859 1312 901 cou-

275 926 280 953 ·’
296 924 486 997 evenientes,
508 920 674 980 Athenaeus
689 929 810 998 partem
830 939 946 982 consae
967 921 1107 999 appellat.
1141 921 1204 981 lloc
1219 942 1311 1000 genus

320 1004 425 1066 Cicero
451 1006 572 1065 scientia
594 1013 623 1064 et
646 1005 764 1064 actione
782 1003 946 1080 distinguit,
969 1013 1000 1064 ut
1020 1007 1057 1064 sit
1079 1006 1236 1082 scientiae,
1264 1005 1314 1068 An

316 1090 511 1169 procidentia
535 1092 667 1159 muudus
694 1091 843 1166 regatur?
868 1089 1004 1163 aetionis,
1031 1086 1081 1148 Aa
1101 1092 1313 1152 accedendum

319 1174 363 1234 aad
380 1167 600 1251 rempublicam
618 1173 917 1233 administrandam?
952 1171 1033 1231 Prius
1055 1173 1138 1231 trium
1160 1191 1311 1250 generum,

319 1254 427 1317 ausit?
448 1256 514 1333 quid
530 1254 586 1315 siti
609 1255 694 1334 quale
716 1253 772 1315 sit‘l
795 1258 889 1316 omnia
910 1257 984 1314 euim
1005 1255 1079 1316 haec
1095 1258 1222 1332 ignorari
1243 1276 1311 1336 pos-

319 1350 398 1408 sunt;
422 1357 548 1416 sequens
569 1339 705 1416 duorum,
727 1357 785 1417 quo
805 1339 891 1414 modo
913 1337 1123 1417 adipiscamur?
1145 1358 1202 1419 quo
1224 1342 1311 1402 modo

294 1421 450 1492 tutamur?
487 1422 597 1484 Finitae
614 1433 709 1483 autem
724 1433 789 1483 sunt
806 1443 843 1482 ex
863 1424 1017 1502 complexu
1038 1441 1149 1500 rerum,
1170 1442 1312 1502 persona·

317 1527 394 1592 mm,
417 1517 593 1588 temporum,
617 1516 853 1585 ceterommque;
876 1525 950 1585 quae
974 1500 1128 1581 ὑποθέσεις
1151 1527 1168 1568 a
1189 1507 1312 1570 Graecis

318 1595 467 1669 dicuntur,
489 1609 624 1653 causae
642 1610 658 1652 a
673 1593 789 1652 nostris.
828 1590 861 1650 ln
881 1591 926 1651 bis
942 1594 1032 1650 omnis
1050 1593 1179 1670 quaestio
1195 1593 1312 1653 videtur

291 1679 397 1744 sciren
412 1695 460 1736 res
484 1692 685 1755 personasque
705 1677 876 1736 consistere.
914 1675 1047 1753 Amplior
1066 1685 1111 1735 est
1132 1693 1247 1754 semper
1269 1680 1310 1736 iu-

317 1763 410 1837 lmita,
432 1761 497 1821 iude
514 1764 588 1821 euim
604 1760 680 1820 linita
696 1760 857 1820 descendit.
895 1758 979 1833 Quod
1000 1769 1030 1819 ut
1046 1761 1181 1839 exemplo
1198 1770 1310 1839 pateat,

316 1847 423 1906 infinita
439 1855 495 1922 est,
511 1843 560 1907 Au
574 1865 655 1908 uuor
671 1847 836 1907 ducenda?
853 1843 941 1918 amre,
957 1841 1007 1904 Aa
1023 1841 1130 1904 Catoni
1145 1846 1312 1907 ducenda?

316 1932 441 2008 ideoque
458 1949 526 1990 esse
541 1933 672 1991 suasoria
687 1923 794 2008 potest.
825 1927 883 1988 Sed
900 1929 985 1986 etiam
999 1936 1128 1987 remotae
1144 1947 1160 1988 a
1175 1930 1309 2007 personis

317 2017 441 2093 propriis
465 2014 501 2074 ad
524 2015 631 2092 aliquid
655 2014 758 2073 reterri
782 2013 888 2072 solent.
924 2010 978 2070 Est
1000 2013 1074 2071 euim
1098 2013 1237 2091 simplex,
1262 2011 1310 2073 An

316 2099 492 2177 respublica
514 2099 784 2159 administranda?
805 2096 932 2155 refertur
949 2095 984 2155 ad
1006 2095 1127 2175 aliquid,
1150 2100 1203 2158 An
1217 2099 1250 2157 in
1266 2106 1308 2177 tq·

290 2184 447 2244 9rannide
467 2183 746 2244 administrandai·
770 2180 828 2240 Sed
850 2180 897 2239 hic
916 2197 1032 2257 quoqne
1049 2179 1150 2240 subest
1165 2180 1247 2240 velut
1269 2181 1308 2241 la-

315 2276 378 2326 tens
394 2283 531 2344 persona,
548 2275 683 2341 tyrannm
698 2266 771 2324 euim
786 2266 913 2341 geminat
926 2265 1133 2341 quaestionem,
1150 2264 1310 2345 subestque

315 2360 345 2409 et
359 2351 498 2427 temporis
515 2358 544 2408 et
566 2349 710 2428 qualitatis
727 2349 815 2409 tacita
834 2350 894 2416 vis;
916 2347 1039 2407 noudum
1056 2357 1151 2409 tamen
1165 2348 1223 2409 hoo
1240 2366 1308 2427 pro-

313 2435 377 2512 prie
401 2432 508 2492 dixeris
532 2452 657 2494 oausam.
701 2432 763 2493 llae
786 2442 898 2507 autem,
922 2450 993 2510 quas
1014 2432 1137 2492 infinitas
1157 2450 1251 2508 uoco,
1279 2443 1310 2491 et

314 2516 468 2594 generales
484 2517 683 2595 appellantur;
706 2517 783 2594 quod
801 2518 826 2576 si
850 2525 895 2576 est
910 2534 1027 2592 vemm‚
1050 2516 1146 2576 linitae
1161 2516 1310 2595 speciales

291 2616 293 2621 ’
315 2610 406 2660 erunt.
452 2600 484 2660 ln
509 2603 584 2661 omni
605 2611 699 2661 autem
721 2602 844 2680 speciali
864 2601 963 2677 utique
989 2603 1065 2660 inest
1086 2601 1252 2677 generalis,
1278 2609 1310 2659 ut

272 2694 389 2764 loquae
406 2687 442 2744 sit
457 2686 546 2763 prior.
585 2685 630 2744 Aa
646 2686 747 2744 nescio
763 2703 799 2745 an
814 2685 843 2743 in
858 2685 954 2744 causis
970 2696 1105 2763 qnoque,
1127 2683 1264 2762 quidquid
1281 2685 1310 2742 in

314 2772 513 2847 quaestionem
533 2773 613 2830 venit
634 2770 795 2848 qualitatis,
825 2768 965 2845 generale
988 2770 1033 2828 sit.
1075 2766 1148 2830 Milo
1170 2765 1310 2829 Clodium

313 2856 443 2934 occidit,
469 2857 538 2915 iure
564 2856 678 2917 occidit
701 2855 933 2920 insidiatorem
953 2871 1048 2912 nonne
1072 2852 1128 2912 hoc
1150 2853 1308 2930 quaeritur,

313 2935 362 2999 An
382 2941 422 3000 sit
442 2941 491 3001 ius
508 2941 720 3000 insidiatorem
740 2938 926 2999 occidendi?
962 2936 1036 3015 Quid
1059 2939 1088 2996 in
1111 2933 1309 2996 coniecturis?

313 3038 371 3081 nou
391 3024 441 3082 illa
458 3023 623 3100 generalia,
644 3021 692 3084 An
713 3041 813 3084 consa
831 3023 959 3084 sceleris
979 3021 1106 3083 odium?
1131 3021 1310 3098 cupiditas?

313 3102 363 3166 An
385 3110 540 3168 tormentis
561 3109 769 3170 eredendum?
802 3105 937 3167 lectibus
951 3125 993 3167 an
1011 3106 1199 3184 argumentis
1212 3105 1310 3166 maior

312 3189 391 3266 fides
405 3191 570 3252 habenda?
591 3191 663 3251 Nam
678 3191 805 3250 linitione
821 3189 936 3267 quidem
950 3188 1156 3267 comprehendi
1170 3187 1240 3247 nibil
1252 3205 1309 3247 non

272 3283 304 3335 11
315 3273 343 3330 in
358 3276 537 3349 uuiversum,
561 3284 671 3334 certum
688 3277 752 3333 erit.
791 3273 912 3346 Quidam
927 3283 1028 3351 putant
1043 3274 1128 3332 etiam
1150 3271 1202 3331 eas'
1215 3271 1308 3331 thesis

314 3374 404 3435 posse
425 3359 577 3436 aliquando
602 3359 757 3432 nominari,
786 3375 862 3434 qnae
884 3359 1018 3435 personis
1039 3358 1193 3434 causisque
1218 3354 1308 3415 conti·

314 3451 449 3520 necatur,
468 3443 552 3502 aliter
568 3441 760 3504 tantummodo
776 3443 904 3520 positas:
927 3449 958 3500 ut
973 3458 1061 3500 causa
1075 3441 1127 3517 sit,
1150 3458 1216 3501 cum
1234 3436 1308 3500 Ore*
