3184 4409
333 467 374 529 60
647 481 684 528 ιι.
700 480 778 528 una.
798 479 1018 539 Qumrrumur

333 635 453 696 minibus
471 635 528 694 illis
543 635 711 711 frequenter
727 631 884 694 inseritur?
913 634 979 697 Non
999 652 1164 695 communes
1179 635 1248 710 loci,
1269 636 1335 696 sive

334 721 382 799 qui
404 728 470 778 sunt
491 721 519 778 in
540 720 608 778 vitia
631 720 750 792 directi,
776 719 878 797 quales
901 718 1025 796 legimus
1048 737 1064 780 a
1087 717 1230 778 Cicerone
1254 736 1334 779 com·

307 796 461 882 ''posit0s;
485 822 537 862 seu
554 801 656 880 quibus
675 805 862 880 quaestiones
879 804 1057 879 generaliter
1074 812 1241 878 tractantur,
1263 822 1334 882 quo·

334 889 379 948 les
400 896 465 947 sunt
482 888 551 947 editi
569 906 585 947 a
605 884 710 958 Quinto
734 904 851 965 quoque
870 887 1041 947 Hortensio:
1064 897 1104 962 ut,
1125 886 1211 949 Sitne
1221 890 1335 966 parete

333 974 519 1050 urpumentio
533 972 737 1044 credendum,
761 980 790 1030 et
802 990 862 1049 pro
878 973 1003 1032 testibus
1014 981 1043 1030 et
1056 974 1089 1032 iu
1105 981 1209 1047 testes,
1226 973 1253 1031 in
1273 991 1333 1032 rne-

293 1057 387 1116 radiis
412 1056 502 1115 litium
525 1054 658 1115 medullis
680 1050 857 1114 versantur?
900 1054 986 1114 Arma
1009 1065 1074 1114 suut
1095 1055 1170 1115 haec
1194 1056 1333 1134 quodam-

332 1140 418 1200 modo
440 1139 638 1218 praeparanda
661 1156 794 1216 semper,
817 1139 916 1213 utils,
942 1158 1005 1198 cum
1027 1158 1075 1198 res
1092 1149 1208 1217 poscet,
1230 1142 1331 1200 utaris.

334 1224 415 1298 Quae
435 1225 482 1302 qui
501 1225 648 1303 pertinere
666 1222 700 1282 ad
719 1224 880 1282 orationem
898 1240 955 1281 non
970 1222 1096 1301 putabit,
1121 1226 1196 1283 isne
1210 1233 1333 1284 statuam

334 1309 450 1386 quidem
473 1308 602 1368 inchoari
621 1306 737 1382 credet,
761 1325 826 1365 curn
845 1308 906 1365 eius
925 1306 1052 1366 membra
1069 1307 1231 1368 fundentur.
1273 1307 1332 1367 Ne-

334 1410 390 1470 que
408 1393 481 1451 hanc
499 1393 545 1468 (ut
564 1391 652 1468 aliqui
672 1390 827 1469 putabunt)
844 1390 1057 1451 festinationem
1080 1410 1171 1450 meam
1191 1393 1235 1451 sic
1253 1393 1332 1470 quis·

334 1495 418 1554 quarn
438 1476 635 1549 calumnietur,
654 1483 788 1551 tauquam
806 1493 886 1548 eum,
911 1476 958 1553 qui
982 1477 1018 1534 sit
1036 1477 1145 1534 rhetori
1163 1475 1331 1549 tradendus,

292 1560 531 1619 13abducendum
550 1561 679 1637 protinus
703 1576 719 1617 a
735 1557 930 1618 Grammaticis
946 1569 1052 1638 putem.
1085 1559 1234 1619 Dabuntur
1246 1568 1278 1618 et
1297 1559 1331 1618 il·

333 1645 369 1703 lis
396 1653 454 1702 turn
477 1660 594 1720 quoque
615 1651 746 1719 tempora
769 1661 831 1717 sua,
849 1661 945 1721 neque
964 1645 1018 1703 erit
1040 1643 1213 1717 verendum,
1228 1661 1265 1701 ne
1289 1642 1331 1702 bi·

332 1729 376 1786 nis
398 1722 637 1804 praeceptoribus
661 1734 796 1784 oneretur
819 1744 900 1804 puer.
945 1727 1010 1786 Non
1038 1730 1112 1787 enirn
1141 1735 1257 1787 crescet
1279 1726 1331 1787 sed

333 1811 490 1885 dividetur,
515 1813 562 1888 qui
584 1810 637 1870 sub
660 1827 717 1869 uno
739 1810 925 1886 miscebatur,
949 1810 1043 1887 labor,
1067 1822 1095 1872 et
1118 1813 1173 1870 erit
1194 1811 1238 1870 sui
1253 1812 1330 1889 quis·

335 1914 390 1973 que
414 1896 511 1972 operis
528 1896 665 1971 magister
682 1893 793 1961 utilior;
819 1895 895 1972 quod
913 1895 1007 1955 adhuc
1029 1896 1158 1956 obtinent
1178 1895 1294 1970 Graeci,
1315 1914 1331 1955 a

333 1979 438 2038 Latinis
461 1980 597 2037 omissum
620 1988 681 2054 est,
711 1986 740 2036 et
762 1978 825 2038 lieri
847 1980 961 2039 videtur
981 1991 1136 2055 excusate,
1166 1981 1231 2057 quia
1253 1989 1330 2053 sunt,

334 2064 381 2140 qui
404 2063 496 2123 labori
518 2064 565 2121 isti
585 2063 790 2123 successerint.

490 2217 534 2267 DE
548 2217 689 2268 MORIBUS
706 2217 747 2266 ET
764 2215 899 2266 curturis
917 2215 1169 2268 rusucuruouts.

415 2313 450 2372 ll.
481 2313 561 2390 Ergo
586 2333 649 2374 cum
670 2313 773 2374 adeas
797 2315 826 2372 in
847 2312 947 2372 studiis
963 2314 1041 2373 uires
1063 2315 1228 2392 pervenerit
1245 2331 1329 2391 puer,

332 2406 378 2472 ut,
408 2414 481 2474 quae
509 2400 598 2475 prima
621 2416 687 2456 esse
717 2406 876 2474 praecepta
898 2397 1045 2457 rhetorum
1066 2398 1203 2472 diximus,
1232 2406 1330 2457 mente

333 2482 471 2557 consequi
490 2483 592 2558 possit,
611 2481 765 2540 tradendus
786 2481 847 2538 eius
868 2482 937 2539 artis
958 2483 1102 2558 magistris
1121 2483 1189 2550 erit;
1208 2498 1330 2560 quorum

304 2565 359 2629 ain
374 2565 471 2641 primis
496 2565 598 2640 inspici
622 2581 742 2622 mores
765 2563 922 2642 oportebit.
959 2561 1044 2638 Quod
1066 2581 1124 2642 ego
1138 2582 1196 2624 non
1213 2564 1328 2637 *idcirco

333 2648 510 2725 potissimum
533 2649 561 2706 in
583 2646 637 2707 hac
660 2658 742 2725 parte
765 2657 890 2707 tractare
912 2667 974 2707 sum
990 2667 1158 2726 aggressus,
1183 2650 1330 2727 quianon

331 2734 359 2790 in
382 2732 488 2789 ceteris
513 2749 628 2809 quoque
650 2731 819 2792 doctoribus
839 2732 913 2791 idem
933 2732 990 2792 boc
1013 2735 1228 2794 examinandum
1244 2751 1329 2810 quarn

332 2815 550 2890 diligentissime
572 2824 687 2892 putem,
715 2818 791 2876 sicut
813 2824 935 2875 testatus
957 2833 1019 2876 sum
1041 2816 1115 2877 libro
1138 2819 1251 2895 priore;
1274 2816 1329 2876 sed

332 2899 408 2976 quod
424 2901 514 2974 magis
530 2901 724 2960 necessariam
745 2902 807 2960 eius
828 2901 872 2958 rei
893 2901 1066 2960 mentionem
1083 2903 1152 2961 iacit
1167 2910 1248 2963 aetas
1263 2901 1329 2979 ipsa

303 2984 509 3046 3discentium.
552 2983 625 3043 Nam
647 2992 676 3042 et
700 2985 788 3047 adulti
804 2984 867 3043 lere
889 2986 972 3061 pueri
995 2986 1030 3045 ad
1047 2985 1101 3044 hos
1117 2993 1329 3063 praeceptores

332 3067 539 3126 transferuntur
561 3076 589 3126 et
612 3068 687 3144 apud
714 3086 766 3128 eos
787 3069 907 3126 iuvenes
930 3069 1015 3129 etiam
1036 3071 1105 3130 iacti
1122 3077 1328 3147 perseverant:

331 3151 455 3228 ideoque
473 3152 563 3210 maior
580 3151 740 3212 adhibenda
755 3160 814 3211 tum
830 3169 898 3211 cura
914 3161 975 3226 est,
998 3162 1028 3212 ut
1049 3162 1079 3213 et
1100 3154 1262 3212 teneriores
1279 3170 1328 3211 au·

331 3251 384 3292 nos
406 3235 453 3293 ab
470 3237 570 3295 iniuria
592 3238 729 3295 sanctitas
750 3237 883 3295 docentis
906 3237 1049 3297 custodiat
1077 3247 1105 3297 et
1126 3237 1289 3296 ferociores
1304 3255 1330 3303 ¹a

302 3318 447 3379 tlicentia
462 3321 588 3394 gravitas
601 3319 757 3378 deterreat.
787 3319 890 3397 Neque
902 3337 973 3378 vero
983 3330 1027 3380 sat
1040 3331 1085 3380 est
1095 3339 1230 3382 summam
1241 3337 1329 3398 prae-

331 3410 408 3460 stare
425 3402 639 3477 abstinentiam,
664 3406 717 3462 nisi
735 3404 905 3481 disciplinae
922 3407 1079 3466 severitate
1098 3405 1329 3466 convenientium

332 3502 446 3564 quoque
462 3485 497 3545 ad
513 3506 545 3545 sc
562 3505 657 3546 mores
674 3489 848 3547 astrinxerit.
1107 3553 1110 3557 .

414 3571 512 3629 Sumat
532 3572 618 3647 igitur
638 3581 703 3630 ante
725 3573 818 3631 omnia
842 3573 969 3649 parentis
994 3592 1064 3652 erga
1083 3573 1242 3652 discipulos
1257 3589 1330 3631 suos

332 3655 468 3727 animum,
486 3673 520 3712 ac
536 3655 696 3714 succedere
712 3675 744 3715 se
762 3659 790 3715 iu
806 3656 905 3713 eorum
921 3655 1033 3734 locum,
1060 3677 1076 3718 a
1096 3658 1198 3736 quibus
1222 3656 1277 3716 sibi
1293 3657 1329 3717 li·

273 3736 393 3887 rberi
405 3739 567 3814 tradantur,
591 3739 743 3800 existimet.
764 3740 851 3817 'lpse
875 3757 930 3798 nec
950 3740 1055 3803 habeat
1074 3744 1142 3802 vitia
1164 3760 1219 3802 nec
1240 3741 1328 3801 ierat.
