3184 4409
579 380 1012 464 1usr.oesron.me.rt,2.
1229 389 1287 450 173

381 546 436 611 Ille
450 566 567 629 quoque
588 558 619 609 ut
638 552 793 611 narrationi
811 559 876 628 apta
898 551 936 611 ite
952 570 1016 627 oum
1038 555 1143 614 ceteris
1160 534 1331 633 partibus63

296 634 456 693 eommunis
483 642 529 693 est
553 635 660 710 uirtus,
695 652 778 712 quam
803 633 986 695 Theodectes
1012 636 1078 696 huie
1099 639 1145 698 uui
1170 641 1289 717 proprie

298 716 391 785 dedit3
420 735 478 777 non
501 716 575 777 euim
597 720 776 794 magnilioam
798 719 884 777 modo
906 718 967 777 vult
989 730 1057 778 esse
1080 740 1179 781 verum
1205 725 1290 784 etiam

298 800 449 861 mouudem
469 802 691 880 expositionem.
724 803 796 862 Sunt
819 803 867 880 qui
888 803 1021 862 adiiciant
1040 803 1085 863 his
1107 806 1288 882 evidentiam,
1319 858 1321 863 .

297 901 372 962 quae
389 878 524 965 ἐνάργεια
542 884 653 945 Graece
668 895 797 945 vocatur.
827 884 929 965 Neque
946 904 1003 962 ego
1017 905 1186 965 quemquam
1202 890 1331 956 dene-64

295 970 407 1046 perim,
432 977 462 1027 nt
482 968 675 1044 dissimulem,
695 971 828 1030 Ciceroni
850 985 965 1047 quoque
986 971 1084 1048 plures
1106 981 1204 1050 partes
1227 973 1288 1052 pla-

296 1068 376 1111 eere.
411 1050 499 1124 Nam,
525 1062 726 1131 praeterquam
748 1053 861 1131 planam
882 1063 912 1112 et
928 1054 1046 1113 brevem
1070 1065 1099 1114 et
1120 1057 1289 1116 credibilem

294 1134 355 1195 rult
372 1152 443 1194 esse
458 1135 636 1212 evidentem,
658 1146 813 1212 moratam,
835 1156 899 1196 eum
918 1137 1065 1214 dignitate.
1100 1140 1159 1199 Sed
1175 1141 1204 1197 in
1224 1157 1287 1201 ora·

294 1218 373 1277 tione
388 1227 499 1278 morata
521 1219 627 1279 debent
648 1239 716 1279 esse
737 1223 830 1280 omnia
851 1239 914 1291 eum
931 1221 1085 1298 dignitate,
1109 1240 1183 1300 quae
1205 1233 1287 1301 pote·

294 1311 368 1363 runt.
406 1300 560 1363 Evidentia
585 1306 613 1362 in
633 1306 815 1379 narratione,
836 1313 969 1381 quantum
991 1322 1048 1382 ego
1069 1307 1218 1382 intelligo,
1242 1316 1288 1366 est

296 1386 412 1464 quidem
436 1404 539 1463 magua
561 1388 669 1464 uirtus,
692 1406 771 1464 eum,
794 1388 861 1466 quid
884 1391 960 1463 veri,
984 1406 1041 1447 non
1061 1390 1212 1449 dicendum
1233 1390 1287 1450 sed

295 1468 505 1546 quodammodo
521 1472 606 1530 etiam
627 1472 834 1532 ostendendum
856 1480 915 1539 est;
937 1471 989 1531 sed
1005 1472 1106 1534 subiioi
1127 1475 1286 1552 perspicui·

294 1553 342 1613 uti
363 1562 480 1632 potest,
502 1570 586 1632 quam
603 1556 715 1633 quidam
735 1557 819 1615 etiam
841 1558 1013 1616 contrariam
1034 1558 1146 1617 interim
1168 1567 1285 1635 putate·

293 1645 376 1712 runt,
403 1638 471 1716 quia
494 1639 523 1697 in
547 1639 715 1715 quibusdam
738 1640 832 1709 causis
856 1639 1036 1700 obscuranda
1059 1643 1166 1701 veritos
1190 1651 1285 1710 esset;

295 1720 372 1798 quod
393 1730 441 1781 est
459 1721 618 1782 ridiculum.
655 1722 726 1782 Nam
747 1725 796 1802 qui
817 1722 975 1783 oltsourare
998 1723 1075 1800 vult,
1095 1734 1192 1784 narrat
1214 1725 1328 1787 lalsa65

295 1821 346 1882 pro
360 1806 456 1880 veris,
474 1808 547 1877 etin
562 1805 606 1864 his
622 1825 696 1886 quae
711 1816 807 1867 narrat
822 1807 909 1867 debet
925 1807 1075 1884 laborare,
1093 1817 1124 1867 ut
1137 1810 1286 1869 videantur

295 1905 378 1966 mem
392 1888 616 1949 evidentissima.

374 1969 416 2033 m
430 1980 571 2051 quatenus
592 1975 676 2033 etiam
696 1974 772 2034 forte
790 1974 910 2051 quadarn
929 1975 1112 2052 pervenimus
1128 1974 1163 2033 ad
1185 1973 1284 2033 dillioi-
1294 1984 1328 2037 66

295 2053 347 2115 lius
360 2057 558 2121 narrationum
573 2076 681 2134 genus,
705 2061 759 2117 iam
775 2058 811 2118 de
827 2058 871 2117 his
887 2057 1052 2135 loquamur,
1074 2060 1102 2117 in
1119 2057 1221 2134 quibus
1237 2075 1285 2116 res

296 2148 424 2200 eontra
445 2157 512 2199 uos
533 2143 604 2217 erit,
628 2156 685 2219 quo
701 2141 768 2200 loeo
785 2140 914 2200 nonnulli
930 2141 1168 2219 praetereundam
1188 2158 1284 2200 narra-

295 2223 398 2283 tionem
421 2232 601 2301 putaverunt.
640 2224 677 2284 Et
697 2243 766 2285 sone
787 2225 856 2284 nihil
877 2232 923 2283 est
942 2224 1069 2300 laeilius,
1090 2225 1144 2283 nisi
1165 2241 1284 2302 prorsus

295 2314 380 2368 tetam
397 2325 515 2367 oausam
530 2310 643 2369 omnino
661 2325 718 2367 non
732 2327 832 2386 ogere.
862 2309 921 2369 Sed
934 2310 959 2368 si
975 2308 1069 2386 aliquo
1084 2308 1157 2367 iuste
1173 2308 1285 2366 ratione

294 2389 455 2451 huiusmodi
477 2395 645 2470 susceperis
671 2393 767 2453 litem:
800 2393 880 2453 euius
906 2393 975 2451 artis
1003 2401 1064 2467 est,
1092 2392 1195 2451 malam
1217 2409 1284 2452 esee

296 2492 410 2535 oensem
431 2474 548 2535 silentio
574 2469 724 2536 uouliteri‘l
747 2478 802 2536 nisi
822 2478 898 2536 forte
920 2484 975 2535 tam
995 2475 1087 2536 hebes
1109 2476 1220 2536 iuturus
1240 2485 1285 2535 est

294 2559 394 2635 iudex,
415 2567 447 2618 ut
462 2560 617 2619 seeundum
631 2561 660 2620 id
676 2562 855 2638 pronuntiet,
878 2560 954 2637 quod
969 2563 1043 2619 sciet
1058 2578 1174 2621 narrare
1190 2568 1219 2618 te
1233 2576 1284 2619 no·

295 2641 391 2703 luisse.
429 2641 534 2720 Neque
554 2643 657 2703 infitias
673 2661 725 2718 eo,
746 2646 774 2702 iu
794 2645 973 2718 narratione,
994 2653 1024 2703 ut
1040 2644 1133 2721 aliqua
1153 2644 1284 2719 neganda
1292 2645 1326 2701 67

294 2725 386 2806 aliqua
408 2726 570 2786 adiicienda
586 2727 681 2804 aliqua
697 2729 845 2803 mutanda,
864 2730 907 2786 sie
926 2727 1022 2805 aliqua
1042 2729 1127 2785 etiam
1148 2727 1283 2791 tacende:

295 2810 341 2871 sed
361 2809 506 2885 tacenda,
530 2827 604 2888 quae
623 2818 723 2870 taoere
743 2810 890 2889 oportebit
913 2819 941 2869 et
961 2809 1080 2868 liberum
1102 2811 1166 2868 erit.
1195 2809 1285 2882 ¹Quod

295 2891 548 2972 unonnunquam
567 2893 716 2954 brevitatis
740 2912 857 2974 quoque
879 2895 988 2970 gratia,
1020 2893 1106 2970 quale
1133 2892 1203 2953 illud
1225 2903 1283 2952 est:

293 2975 478 3057 dupondii,
500 2979 623 3055 quaeat
642 2980 740 3039 visum
756 2988 811 3039 ert.
846 2975 1060 3054 Distinguamus
1076 2977 1163 3053 igitur
1176 2972 1327 3052 generans

293 3078 453 3123 musarum.
492 3060 638 3139 Namque,
663 3063 692 3121 iu
708 3062 811 3142 quillus
826 3077 883 3120 nou
896 3060 932 3120 de
954 3061 1039 3139 eulpa
1056 3070 1211 3138 quaeretur
1232 3061 1285 3121 sed

292 3144 472 3219 deuotione,
491 3146 600 3206 etiamsi
616 3155 699 3206 eruut
713 3155 813 3206 eontra
828 3161 881 3204 nos
897 3145 1038 3220 themata,
1056 3143 1186 3203 eonliteri
1201 3144 1284 3204 nohis

290 3226 408 3291 lioeltit:
437 3227 607 3290 Paeoniam
622 3232 662 3291 de
682 3231 791 3309 templo
803 3230 924 3290 umtulit
939 3230 997 3290 sed
1015 3230 1181 3306 privatum,
1202 3230 1284 3300 ideo·

288 3329 345 3390 que
356 3312 536 3391 eaerilepue
548 3331 608 3374 uon
623 3319 676 3376 est.
709 3311 861 3393 Virpiaem
877 3314 999 3391 rapuit,
1013 3331 1074 3373 non
1090 3321 1191 3373 tumen
1204 3316 1285 3391 optio

281 3400 371 3476 putri
384 3397 526 3459 dubitur.
550 3393 718 3474 inpensarum
731 3396 883 3476 stupravit
897 3405 926 3458 et
937 3404 1096 3474 stupratus
1111 3414 1146 3456 ee
1158 3407 1325 3475 stupeo-69

284 3483 346 3560 dit,
367 3487 550 3543 nontamen
567 3481 637 3543 ideo
650 3489 808 3559 stuprator
825 3481 926 3558 eapite
938 3488 972 3541 ut
991 3496 1090 3541 eausa
1106 3482 1211 3541 mortio
1223 3499 1282 3558 pu·
1315 3540 1317 3545 .

282 3567 407 3640 stetur,
435 3563 494 3624 sed
513 3563 618 3625 decem
638 3564 740 3642 nodo,
770 3581 851 3642 quae
867 3582 967 3642 poeno
986 3565 1155 3640 stupratori
1176 3564 1283 3624 emuti-

281 3656 349 3722 trtta
376 3655 442 3724 oet,
465 3646 561 3709 detta
604 3647 712 3708 Verum
734 3649 826 3709 iuliis
847 3664 963 3726 quoque
986 3646 1217 3707 eonlessiouiltus
1238 3651 1284 3702 est
