3184 4409
272 438 278 452 =
343 412 384 473 40
652 423 1021 485 u.uae.oumrm1uu1

295 578 508 659 l5amphibolia
531 595 588 639 non
614 587 668 639 est.
711 576 913 657 Amphidoliae
933 588 1028 641 autem
1048 580 1139 641 omnis
1163 582 1220 643 erit
1240 583 1269 644 in
1287 582 1328 645 luit

338 666 484 742 quaestio;
505 663 673 742 aliquando,
687 670 752 721 nter
762 664 799 722 sit
811 662 965 724 secundm
979 673 1107 725 naturam
1116 669 1211 744 magis
1222 683 1327 732 sermo:

337 765 467 826 semper,
489 756 581 806 utrum
598 748 635 806 sit
652 746 786 825 aequius;
813 755 905 807 utrum
922 748 963 823 is,
986 749 1034 827 qni
1055 751 1172 828 scripsit
1194 768 1231 813 ac
1251 751 1323 825 dixit

336 832 470 891 voluerit.
516 830 639 905 Quarum
659 831 687 888 iu
700 839 848 907 utramque
863 839 974 909 partem
990 834 1059 892 satis
1076 851 1113 893 ex
1126 834 1188 912 his,
1205 852 1280 915 qnae
1295 833 1325 895 de

337 917 503 976 coniectura
519 924 548 974 et
560 915 695 995 qualitate
711 913 848 991 diximus,
865 925 1053 995 praeceptum
1069 926 1125 977 est.

487 1066 530 1116 DE
548 1065 800 1116 PRAEDICTORUM
816 1064 969 1118 STATUUM
988 1065 1202 1121 GOGNATIONE.

419 1161 455 1222 ll.
486 1163 539 1223 Est
555 1172 648 1223 autern
666 1162 806 1240 quaedam
820 1163 894 1223 inter
908 1162 963 1224 llos
978 1173 1068 1224 status
1081 1166 1229 1242 cognatio.
1259 1164 1324 1227 Nan

339 1257 367 1307 ει
388 1247 417 1306 in
437 1248 579 1322 linitione,
597 1264 670 1325 quae
694 1248 730 1305 sit
749 1247 883 1306 voluntas
905 1249 1039 1325 nominis,
1068 1250 1232 1326 quaeritur,
1253 1251 1324 1310 etin

337 1331 525 1408 syllogismo,
545 1331 592 1410 qui
608 1330 750 1390 secundus
768 1349 784 1390 a
799 1331 925 1390 linitione
940 1340 1030 1392 status
1047 1341 1111 1408 est,
1134 1335 1200 1410 quia
1216 1332 1323 1413 specte

337 1425 397 1490 tur,
427 1415 493 1493 quid
515 1415 640 1474 voluerit
659 1416 801 1492 scriptor;
832 1424 862 1474 et
887 1417 1043 1476 contrarias
1059 1415 1148 1493 'leges
1170 1417 1243 1477 duos
1264 1434 1325 1478 esse

337 1501 438 1577 scripti
463 1507 491 1558 et
512 1499 666 1559 voluntatis
692 1507 782 1559 status
807 1509 937 1578 apparet.
982 1499 1091 1559 Rursus
1109 1509 1138 1560 et
1155 1501 1244 1560 linitio
1260 1517 1324 1580 quo

339 1583 489 1643 dammodo
514 1593 558 1642 est
579 1582 768 1661 amphibolia,
794 1584 904 1643 cumin
926 1583 995 1644 duas
1013 1593 1111 1662 partes
1126 1584 1275 1645 diducatur
1289 1587 1325 1644 in·

311 1665 475 1728 2tellectus
490 1667 621 1726 nominis.
660 1667 802 1744 Scriptum
818 1675 847 1726 et
861 1667 993 1728 voluntas
1004 1666 1091 1728 habet
1105 1669 1134 1727 in
1147 1667 1246 1728 verbis
1261 1670 1326 1729 iuris

339 1752 552 1828 quaestionem,
579 1750 654 1828 quod
678 1751 752 1811 idem
768 1751 919 1812 antinomia
934 1752 1049 1830 petitur.
1085 1750 1216 1830 Ideoque
1238 1753 1327 1812 omnia

337 1834 411 1894 haec
437 1834 550 1912 quidam
570 1836 707 1912 scriptum
733 1844 762 1893 et
782 1835 959 1911 voluntatem
974 1853 1041 1894 esse
1060 1834 1207 1911 dixerunt,
1234 1837 1327 1896 aliiiu

338 1919 446 1996 scripto
468 1928 496 1978 et
510 1919 657 1980 voluntate
679 1918 879 1997 amphiboliam
895 1937 978 1994 esse,
1003 1937 1075 1997 qnae
1093 1919 1162 1979 iacit
1184 1920 1327 1999 quaestio·

339 2020 413 2062 nem.
447 2003 505 2064 Sed
522 2004 652 2064 distincta
667 2012 740 2062 sunt.
778 2002 864 2063 Aliud
880 2011 924 2063 est
938 2005 1011 2062 enim
1027 2002 1179 2064 obscurum
1192 2006 1238 2063 ius
1254 2003 1328 2065 aliud

311 2084 509 2164 tambiguum.
539 2087 629 2164 Igitur
643 2087 730 2146 linitio
748 2087 775 2145 in
796 2096 896 2147 natura
916 2088 979 2166 ipsa
994 2089 1114 2146 nominis
1130 2090 1327 2164 quaestionem

338 2171 424 2230 habet
438 2172 621 2248 generalem,
644 2182 673 2231 et
691 2189 764 2248 quae
786 2188 852 2231 esse
873 2171 957 2230 etiarn
974 2172 1044 2231 citra
1064 2171 1248 2250 complexum
1265 2189 1328 2232 can·

339 2273 390 2315 sae
407 2259 513 2334 possit;
532 2259 712 2333 scriptumst
730 2255 862 2314 voluntas
880 2255 916 2315 de
936 2272 971 2314 eo
988 2255 1113 2332 disputat
1127 2255 1234 2330 verbo,
1255 2253 1330 2333 quod

340 2348 384 2398 est
399 2342 427 2399 in
442 2341 524 2418 lege,
541 2341 725 2416 syllogismus
743 2339 778 2398 de
794 2357 847 2414 eo,
869 2339 946 2416 quod
960 2357 1018 2398 non
1034 2349 1088 2398 est.
1128 2339 1330 2417 Amphidoliae

339 2423 374 2483 lis
392 2426 421 2482 in
435 2425 579 2483 diversum
594 2424 693 2498 trahit,
716 2422 813 2500 legum
829 2424 1031 2483 contrariarum
1047 2441 1085 2483 ex
1100 2423 1214 2483 diverso
1236 2439 1330 2501 pugna

311 2516 393 2570 dest.
429 2507 531 2586 Neque
554 2509 693 2566 immerito
720 2517 748 2565 et
770 2516 889 2586 recepta
905 2516 950 2567 est
966 2526 982 2567 a
998 2507 1170 2567 doctissimis
1187 2507 1262 2568 hacc
1277 2506 1330 2568 dii·

340 2590 461 2651 lerentia
485 2601 514 2650 et
538 2591 612 2670 apud
630 2591 766 2670 plurimos
783 2609 818 2651 ac
833 2591 1068 2671 prudentissimos
1090 2591 1181 2652 durat.

656 2741 699 2791 DE
713 2742 748 2792 Vl
764 2740 1005 2792 DISPOSlTIONlS.

420 2837 457 2897 Et
480 2837 515 2897 de
536 2837 592 2896 lroc
618 2839 731 2916 quidem
754 2858 863 2917 genere
890 2837 1102 2918 dispositionis,
1139 2837 1250 2898 etiamsi
1275 2855 1333 2897 non

312 2925 446 2998 somnia,
468 2922 540 2981 tradi
561 2931 654 2981 tamen
673 2923 767 3001 aliqua
788 2933 950 3002 potuerunt.
980 2924 1051 2983 Sunt
1071 2921 1145 2998 alia,
1168 2940 1258 3000 quae,
1279 2923 1334 2983 nisi

340 3009 504 3087 proposita,
525 3006 560 3066 de
578 3025 632 3084 qua
648 3008 797 3068 dicendum
814 3017 873 3084 est,
888 3008 1024 3082 materia,
1048 3007 1122 3066 viam
1137 3006 1260 3066 docendi
1274 3023 1333 3065 nou

340 3092 506 3170 praebeant.
540 3089 604 3148 Non
621 3093 694 3150 enirn
710 3110 796 3152 causa
811 3093 943 3151 universa
958 3093 987 3151 in
1001 3092 1185 3169 quaestiones
1200 3108 1234 3150 ao
1249 3090 1334 3150 locos

341 3175 499 3235 diducenda
521 3182 580 3250 est,
603 3175 654 3234 sed
675 3176 730 3239 hae
749 3178 831 3254 ipsae
850 3186 948 3253 partes
967 3175 1073 3236 habent
1089 3192 1187 3233 rursus
1205 3173 1335 3234 ordinem

340 3278 429 3318 suurn.
474 3258 546 3317 Narn
563 3268 591 3318 et
607 3260 635 3317 in
650 3261 800 3337 prooemio
816 3262 934 3339 primurn
955 3267 999 3318 est
1013 3257 1119 3336 aliquid
1135 3267 1163 3317 et
1178 3258 1335 3317 secundum

340 3360 375 3401 ac
395 3343 549 3420 deinceps,
577 3352 605 3402 et
621 3345 752 3421 quaestio
774 3345 864 3402 omnis
886 3361 920 3403 ac
935 3343 1018 3402 locus
1035 3342 1122 3402 hahet
1137 3360 1216 3402 suam
1236 3342 1334 3419 dispo

312 3428 474 3490 ositionem
493 3435 523 3484 ut
539 3426 637 3486 theses
656 3430 740 3487 etiarn
756 3428 912 3505 simplices.
952 3426 1014 3486 Nisi
1031 3426 1107 3485 forte
1126 3427 1195 3485 satis
1219 3427 1275 3485 erit
1293 3425 1335 3485 di·

341 3510 455 3571 videndi
474 3511 599 3587 peritus,
627 3514 673 3588 qui
700 3512 924 3570 controversiam
950 3512 978 3570 in
1003 3510 1076 3570 haec
1102 3509 1260 3585 diduxerit,
1289 3508 1336 3568 An

342 3610 425 3652 omne
448 3596 603 3672 praemium
628 3595 759 3655 viroiorti
785 3593 904 3654 dandum
931 3596 983 3671 sit,
1010 3612 1045 3653 an
1069 3611 1106 3652 ex
1129 3595 1272 3671 priuatos
1289 3591 1336 3651 dn

341 3679 472 3759 nuptiae,
488 3696 523 3738 an
536 3679 614 3756 eius,
630 3697 703 3757 quae
715 3688 801 3758 nupta
811 3681 864 3756 sit,
880 3697 916 3738 an
926 3675 1019 3739 haec?
1038 3676 1158 3754 deinde,
1174 3695 1238 3738 cnm
1248 3677 1337 3738 inerit
