3184 4409
528 515 941 598 msu.onuuou.n1n.1,5.
1080 578 1086 585 ,
1190 520 1230 584 23

268 686 403 760 rendata,
422 694 452 745 nt
468 684 605 760 dilucida,
622 694 654 745 ut
667 693 767 746 ornata
785 686 822 744 sit
840 687 922 764 (quia
937 686 1036 747 dicere
1052 697 1135 765 apte,
1154 688 1231 766 quod

268 771 500 851 tpraecipuum,
523 769 656 848 plerique
676 771 787 828 ornatui
808 769 992 849 subiiciunt);
1012 772 1131 832 totidem
1151 776 1229 848 vitia,

268 874 311 915 rae
339 862 406 913 sunt
432 872 519 931 supra
543 855 626 914 dictis
652 855 810 935 contraria:
843 856 1030 915 emendate
1055 856 1230 933 loquendi

268 940 382 1016 gulam,
404 955 478 1015 quae
496 939 697 1014 grammatices
715 939 795 1015 prior
813 956 880 1016 pers
899 947 959 1014 est,
978 941 1129 999 examinet.
1152 940 1256 1000 Haec2

268 1025 363 1100 rigitur
382 1020 480 1080 verbis
502 1031 550 1084 aut
570 1022 691 1098 singulis
714 1031 762 1082 aut
782 1022 922 1100 pluribus.
965 1021 1067 1084 Verba
1084 1042 1158 1085 nunc
1179 1043 1231 1101 ge·

268 1107 376 1167 naliter
399 1107 492 1182 accipi
517 1104 604 1181 volo,
631 1124 694 1165 nam
721 1106 830 1184 duplex
856 1123 955 1165 eorum
976 1106 1144 1167 intellectus
1171 1118 1230 1176 est;

270 1200 326 1266 ter,
347 1192 394 1268 qul
412 1190 505 1248 omnia
521 1207 575 1267 per
591 1208 664 1268 quae
679 1207 774 1250 sermo
793 1191 917 1250 nectitur
931 1191 1090 1268 significat,
1109 1199 1140 1250 ut
1156 1192 1231 1270 apud

268 1276 396 1334 oratium:
417 1274 574 1350 verboque
589 1275 746 1352 provisam
766 1293 832 1336 rem
851 1293 912 1336 non
931 1276 1027 1336 invito
1047 1285 1234 1353 ,tenetentum-¹

268 1368 326 1432 ter,
349 1359 377 1416 in
399 1374 456 1435 qno
480 1367 525 1416 est
546 1375 601 1416 una
623 1376 691 1436 pars
713 1359 866 1432 orationis,
888 1360 970 1436 lopo,
988 1360 1099 1420 scribo.
1140 1358 1233 1432 Quam

268 1445 360 1502 ltantes
377 1440 589 1518 ambiguitatem
609 1442 721 1520 quidam
740 1443 838 1502 dicere
852 1443 1012 1502 maluerunt
1024 1461 1131 1519 voces,
1149 1445 1231 1505 loca-

268 1545 351 1602 oocc,
375 1528 533 1587 dictiones.
579 1527 697 1603 Singula
718 1535 783 1586 suut
803 1535 851 1586 aut
876 1537 1046 1587 nostramet
1066 1521 1258 1606 peregrinat

268 1619 288 1670 ut
307 1610 448 1688 simplicia
468 1614 516 1668 aut
537 1612 712 1690 composita,
734 1620 782 1670 aut
802 1613 920 1690 propria
942 1620 991 1672 aut
1009 1611 1162 1687 translata,
1184 1621 1233 1671 aut

268 1697 342 1754 citata
360 1703 408 1753 aut
429 1693 504 1760 licta.
1166 1723 1169 1727 -

321 1778 376 1838 Uni
394 1777 485 1836 verbo
501 1778 598 1836 vitium
613 1779 729 1856 saepius
746 1794 829 1856 quam
843 1780 933 1838 virtus
949 1780 1034 1838 inest.
1063 1778 1144 1839 Licet
1158 1780 1232 1839 euim

268 1861 364 1921 lcamns
382 1861 489 1938 aliquid
505 1863 666 1939 proprium,
689 1864 870 1940 speciosum,
892 1862 1027 1923 sublime:
1047 1862 1117 1922 nihil
1138 1871 1231 1922 tamen

268 1961 340 2011 orum
361 1947 416 2004 nisi
442 1947 472 2004 iu
493 1945 647 2023 complexu
672 1946 808 2024 loquendi
834 1949 969 2024 serieque
991 1948 1143 2023 contingit3
1171 1947 1230 2007 lau-

268 2047 337 2089 imus
354 2031 428 2089 enim
444 2029 534 2089 verba
550 2030 636 2089 rebus
652 2029 727 2089 bene
742 2031 965 2090 accommodata.
998 2031 1067 2091 Sola
1082 2039 1137 2106 est,
1158 2036 1258 2108 quaed
1299 2095 1302 2099 ,

268 2115 331 2173 >tari
353 2115 447 2193 possit
467 2114 547 2173 velut
568 2116 734 2190 vocalitas,
762 2131 836 2192 quae
857 2104 989 2190 εὖφωνία
1008 2115 1124 2182 diuitum
1151 2116 1231 2174 cuius

288 2215 324 2257 eo
348 2198 481 2258 delectus
502 2206 561 2273 est,
585 2205 615 2256 ut
633 2199 707 2256 inter
726 2198 797 2273 duo,
823 2215 897 2275 quae
918 2198 993 2257 idem
1013 2197 1176 2274 significant
1197 2215 1232 2257 ac

269 2280 402 2342 ntundem
419 2281 531 2357 valent,
555 2281 632 2358 quod
653 2280 754 2341 melius
772 2291 871 2358 sonet,
893 2281 986 2341 malis.
1057 2282 1059 2286 ’
1101 2315 1106 2324 .
1227 2285 1229 2288 ’

321 2366 415 2427 Prima
442 2365 658 2425 barbarismi
687 2383 721 2425 ac
751 2365 962 2425 soloecismi
992 2365 1116 2425 foeditas
1146 2364 1257 2426 absit.5

268 2451 295 2511 ed
326 2452 393 2527 quia
419 2451 531 2509 interim
558 2460 732 2510 excusantur
754 2449 829 2509 haec
850 2451 919 2509 vitia
946 2458 995 2509 aut
1024 2450 1231 2510 consuetudine

268 2545 284 2594 u
297 2535 472 2594 auctoritate
489 2543 537 2593 aut
550 2543 695 2594 vetustate
711 2541 758 2593 aut
774 2533 897 2612 denique
914 2536 1062 2594 vicinitate
1081 2535 1230 2602 virtutum;

268 2638 299 2678 un
319 2635 410 2695 saepe
434 2636 450 2677 a
470 2618 569 2694 figuris
590 2636 624 2677 ea
648 2635 786 2695 separare
805 2618 924 2677 difficile
946 2627 1007 2678 est:
1036 2636 1073 2677 ue
1096 2635 1152 2696 qua
1175 2627 1232 2677 tam

268 2702 348 2762 brica
365 2701 531 2761 observatio
547 2700 645 2776 labat,
669 2704 774 2761 acriter
792 2720 826 2760 se
846 2705 874 2760 in
887 2701 958 2761 illud
974 2712 1060 2762 tenue
1080 2702 1233 2761 discrimen

268 2787 440 2846 ammaticus
455 2785 591 2860 intendat,
609 2786 644 2845 de
660 2802 716 2862 quo
731 2802 784 2844 nos
799 2786 884 2845 latius
898 2785 937 2844 ibi
953 2786 1118 2864 loquemur,
1133 2785 1181 2845 nbi
1196 2786 1232 2845 de

268 2872 337 2945 ‚uris
355 2871 493 2930 orationis
511 2870 687 2928 tractandum
702 2871 765 2928 erit.
798 2868 914 2929 luterim
931 2870 1044 2945 vitium,
1069 2870 1145 2948 quod
1161 2869 1192 2929 lit
1204 2872 1258 2932 ind

268 2954 360 3031 agulis
380 2953 495 3028 verbis,
524 2955 560 3012 sit
581 2952 836 3013 barbarismus.
882 2951 1023 3014 Occurrat
1046 2954 1112 3023 mihi
1134 2954 1234 3013 forsan

268 3039 351 3116 iquis,
367 3040 442 3114 qnid
451 3039 501 3100 bic
512 3039 681 3115 promissor
691 3039 760 3098 tanti
773 3039 870 3115 operis
882 3038 1028 3116 dippum?
1043 3047 1090 3097 aut
1102 3040 1165 3115 quis
1176 3038 1234 3098 boc

268 3124 345 3197 escit,
370 3122 442 3181 alios
458 3121 650 3182 barbarismos
669 3121 823 3181 scribendo
841 3121 904 3180 lieri
924 3122 997 3180 alios
1014 3121 1174 3198 loquendo;
1192 3151 1235 3170 ..,

267 3208 321 3281 ria,
354 3206 433 3283 quod
454 3206 529 3265 male
559 3204 708 3280 scribitur,
735 3205 810 3265 male
837 3207 922 3266 etiam
944 3204 1001 3264 dici
1026 3223 1149 3265 necesse
1172 3214 1232 3272 est;

267 3308 312 3349 me
329 3292 436 3348 vitiose
454 3291 577 3364 dixeris,
599 3306 656 3349 non
674 3291 773 3368 unque
792 3291 946 3366 etsoripto
963 3296 1143 3367 peccant-
1162 3289 1233 3348 illud

268 3375 317 3432 ius
338 3374 519 3449 adiectione,
539 3374 736 3449 detractione,
756 3374 967 3448 immutatione,
986 3375 1231 3448 transmutatione,

268 3474 294 3516 tc
308 3459 465 3518 secundum
480 3459 631 3533 divisione,
649 3458 862 3536 complexione,
879 3457 1065 3535 aspiratione,
1079 3473 1152 3516 sono
1164 3474 1231 3516 con·

268 3539 343 3600 neri?
383 3542 441 3601 Sed
463 3551 493 3601 ut
511 3561 599 3621 parva
622 3544 678 3602 sint
696 3544 783 3604 baec:
807 3542 889 3620 pueri
911 3541 1051 3601 docentur
1072 3541 1179 3616 adbuc,
1204 3547 1258 3603 etl

268 3628 440 3685 ammaticos
469 3626 557 3685 officii
584 3629 628 3684 sui
655 3643 877 3687 commonemus.
922 3624 968 3684 Ex
994 3624 1096 3702 quibus
1119 3627 1143 3683 si
1168 3625 1232 3701 quis

268 3710 294 3768 it
313 3709 399 3787 plane
419 3710 563 3788 impolitus
583 3719 612 3769 et
632 3712 806 3771 vestibulum
827 3709 912 3768 modo
933 3709 1002 3767 artis
1021 3708 1104 3768 buius
1121 3710 1232 3784 ingres·

268 3811 290 3852 rs
298 3814 309 3853 :1
325 3794 399 3854 intra
422 3793 509 3870 haec,
534 3811 607 3872 quae
623 3795 823 3876 profitentium
850 3793 1105 3857 commentariolus
1125 3791 1260 3869 autumo
