3184 4409
577 467 666 517 nusu.
680 464 1011 535 oaauon.r.1n.v1,a.
1229 456 1290 519 265

289 625 391 703 genvit
405 630 436 683 et
450 623 606 683 testimonii
621 621 689 683 loeo
704 623 818 701 posuit;
834 631 876 698 ut,
893 639 950 700 quo
965 631 1030 681 sunt
1044 624 1136 701 magis
1146 624 1288 701 vulgaria,

292 722 328 769 eo
342 708 382 767 sit
398 705 585 782 credibilius,
606 706 656 766 illa
671 705 707 765 ab
724 715 841 767 oratore
864 723 922 765 non
942 706 1008 766 licta
1031 708 1083 766 sed
1099 710 1205 785 passim
1222 727 1288 768 esse

291 790 408 853 halatu.
437 789 608 868 Utinamque
627 789 746 850 libertus
762 791 824 849 eius
837 790 904 849 'l'iro
920 800 968 849 aut
982 791 1066 864 alius,
1085 793 1213 868 quisquis
1225 794 1316 869 init,5

293 872 574 953 quintiacum
592 873 682 933 libros
698 874 801 948 edidit,
825 876 941 952 parcius
958 875 1098 934 dictorum
1113 893 1230 935 numero
1247 879 1287 934 in-

293 956 452 1019 tustmsnt
470 966 501 1017 et
519 956 585 1035 plus
606 958 702 1017 iudicii
724 959 753 1017 in
773 956 915 1035 eligendis
937 975 1020 1034 quam
1044 960 1071 1016 in
1093 961 1288 1033 congerendis

293 1041 377 1101 stadii
393 1039 606 1102 adhibuissent:
625 1042 716 1101 minus
732 1040 864 1100 obiectus
880 1040 1113 1100 calumniantibus
1130 1040 1222 1110 ioret;
1240 1044 1289 1120 qni

293 1132 387 1185 mnan
400 1142 477 1185 nune
494 1142 626 1202 quoque,
644 1135 675 1184 nt
689 1127 717 1184 in
732 1127 808 1184 omni
824 1128 885 1184 eius
901 1127 1033 1201 ingenio,
1057 1125 1187 1199 facilius,
1211 1126 1288 1205 quod

293 1210 373 1269 rullei
385 1225 474 1287 ‚quam
490 1208 567 1287 quod
582 1208 666 1268 adiici
681 1211 791 1287 possit,
812 1211 965 1268 invenient.
996 1208 1089 1267 sitient
1102 1217 1196 1267 autem
1214 1223 1316 1276 sum-6

294 1308 363 1353 mam
382 1293 428 1353 rei
448 1292 645 1353 diiiicultatem
669 1295 804 1371 primum,
828 1293 905 1370 quod
928 1292 1077 1352 ridiculum
1097 1291 1202 1351 dietum
1224 1293 1286 1370 ple-

294 1392 411 1455 rumque
428 1375 533 1435 falsum
547 1385 608 1450 est,
625 1376 681 1435 hoc
697 1394 829 1453 semper,
850 1375 971 1443 bumile;
993 1393 1083 1453 saepe
1099 1394 1136 1434 ex
1150 1376 1288 1436 industria

295 1458 495 1538 depravatum,
511 1469 664 1538 praeterea
686 1477 828 1538 nunqnam
843 1459 1045 1527 honorificum
1068 1469 1125 1518 tum
1141 1461 1221 1518 varia
1235 1459 1286 1518 bo·

294 1546 395 1603 ninum
408 1544 514 1603 indicia
530 1545 558 1603 in
575 1561 622 1619 eo,
639 1543 717 1622 quod
732 1560 790 1602 non
804 1546 915 1603 ratione
927 1544 1022 1619 aliqua
1038 1543 1091 1602 sed
1109 1552 1187 1601 motu
1203 1543 1286 1601 animi

294 1629 417 1705 quodam
435 1628 536 1687 nescio
551 1646 587 1687 an
605 1627 757 1687 enarrabili
773 1629 923 1688 iudicatur.
961 1627 1064 1704 Neque
1087 1628 1160 1684 enim
1175 1626 1210 1685 ab
1225 1626 1284 1685 ullo
1299 1639 1316 1695 7

293 1713 362 1771 sads
373 1711 517 1789 explicari
530 1721 611 1789 puto,
634 1712 703 1771 licet
720 1711 800 1771 multi
815 1713 1025 1789 temptaverint,
1041 1711 1116 1769 unde
1134 1712 1219 1785 risus,
1239 1712 1287 1789 qui

293 1810 349 1855 non
365 1794 462 1855 solum
476 1795 553 1854 iacto
575 1796 673 1873 aliquo
695 1796 810 1855 dictove
831 1796 883 1855 sed
903 1795 1043 1854 interdum
1065 1794 1186 1871 quodam
1202 1797 1287 1853 etiam

294 1880 427 1959 corporis
448 1887 540 1938 tractu
562 1879 724 1939 lacessitur.
766 1879 920 1938 Praeterea
940 1896 997 1937 non
1016 1896 1070 1936 una
1093 1878 1204 1936 ratione
1226 1894 1287 1936 mo·

292 1964 353 2023 reri
369 1961 467 2037 solet,
488 1981 583 2041 neque
607 1965 681 2021 enim
701 1972 786 2022 acute
808 1972 913 2022 tantum
927 1980 962 2022 ae
978 1971 1100 2020 venuste
1120 1960 1172 2020 sed
1187 1961 1287 2035 stulte,

291 2046 439 2121 iracunde,
454 2047 552 2105 timide
567 2047 642 2107 dicta
654 2055 701 2105 aut
716 2046 792 2106 iacta
803 2047 944 2114 ridentum
961 2047 1088 2122 ideoque
1100 2062 1208 2122 anceps
1225 2046 1287 2103 eius

289 2132 332 2189 rei
346 2132 423 2189 ratio
440 2138 502 2205 est,
524 2131 635 2207 quoda
655 2130 751 2190 derisu
773 2146 830 2189 non
854 2129 957 2208 procul
978 2129 1061 2188 abest
1077 2130 1161 2187 risus.
1190 2125 1316 2189 Hubet8

289 2215 383 2289 enim,
406 2222 438 2272 ut
453 2211 558 2273 Cicero
579 2214 661 2289 dicit,
681 2215 785 2276 sedem
801 2216 833 2274 in
849 2214 1039 2292 desumitcte
1053 2215 1159 2289 aliqua
1176 2221 1204 2272 et
1224 2220 1287 2272 tur·

286 2298 446 2376 pitutdiste,
469 2314 542 2375 quae
565 2316 628 2357 cum
646 2299 674 2356 in
695 2297 757 2357 aliis
773 2298 1020 2373 demonstrantur,
1039 2296 1199 2362 urbanitas;
1222 2312 1286 2353 cum

289 2382 318 2441 in
331 2382 416 2460 ipsos
430 2381 561 2441 dicentes
576 2382 722 2455 recidunt,
739 2382 856 2441 stultitia
870 2390 1000 2441 vocatur.

375 2462 447 2524 ilum
464 2465 595 2524 videatur
614 2474 707 2524 autem
728 2483 776 2524 res
803 2466 876 2524 levis
899 2474 928 2524 et
952 2482 1026 2542 quae
1045 2464 1080 2524 ab
1095 2462 1213 2536 scurris,
1235 2462 1286 2521 mi·

288 2548 362 2622 nris,
389 2549 588 2625 insipientibus
616 2549 740 2626 denique
768 2567 857 2627 saepe
887 2557 1050 2607 moveatur:
1079 2557 1172 2607 tamen
1198 2545 1286 2604 habet

289 2634 358 2691 vim
371 2634 474 2691 nescio
489 2650 525 2691 an
539 2634 812 2710 imperiosissimam,
830 2641 859 2691 et
870 2634 916 2692 cui
928 2633 1081 2709 repugnari
1093 2632 1205 2689 minime
1220 2639 1286 2707 pot-

291 2723 346 2775 est.
375 2714 507 2793 Erumpit
523 2719 606 2775 etiam
624 2718 727 2776 invitus
743 2734 851 2794 saepe,
870 2734 925 2776 nec
938 2716 1033 2775 vultus
1050 2714 1136 2773 modo
1151 2731 1186 2772 ac
1198 2715 1310 2774 vocis9

291 2800 425 2877 exprimit
450 2800 663 2859 confessionem
687 2799 739 2859 sed
763 2809 854 2859 totum
882 2817 989 2877 corpus
1017 2801 1121 2858 visua
1148 2798 1284 2857 concutit.

291 2882 399 2943 Rerum
428 2892 522 2942 autem
548 2902 638 2962 saepe
662 2883 708 2961 (ut
722 2883 795 2962 dixi)
818 2886 1000 2943 maximarum
1025 2890 1167 2940 momenta
1187 2882 1284 2953 vertit,

290 2976 322 3027 nt
346 2984 411 3026 cum
428 2966 521 3025 odium
541 2968 668 3046 iramque
688 2967 921 3043 frequentissime
947 2967 1069 3043 frangat.
1104 2964 1283 3023 Documento
1293 2971 1326 3023 to

291 3058 356 3109 sunt
374 3051 495 3110 iuvenes
518 3048 679 3125 Tarentini,
701 3051 749 3127 qui
772 3051 860 3110 multa
880 3052 916 3111 de
936 3069 1008 3126 rege
1023 3049 1132 3124 Pyrrho
1154 3048 1284 3106 securius

290 3135 366 3193 inter
387 3134 633 3208 coenamloouti3
655 3152 718 3193 eum
740 3137 879 3193 rationem
901 3135 969 3194 iacti
992 3138 1232 3210 reposcerentur,
1256 3139 1286 3189 et

290 3234 387 3295 neque
405 3220 505 3294 negari
521 3237 570 3277 res
584 3235 679 3294 neque
703 3217 819 3277 delendi
836 3228 951 3296 posset:
974 3219 1033 3276 risu
1053 3224 1119 3275 sunt
1134 3224 1163 3273 et
1177 3230 1284 3292 oppor-

290 3309 360 3362 tuno
382 3302 449 3360 ioco
471 3301 572 3379 elapsi.
607 3301 736 3379 Namque
751 3320 822 3360 unus
839 3320 876 3360 ex
890 3304 942 3376 iis,
963 3299 1073 3375 Immo,
1096 3300 1204 3376 inquit,
1226 3299 1287 3358 ttici

289 3385 405 3464 lagona
423 3386 600 3464 desecieaet,
624 3387 842 3447 occidissemus
863 3394 909 3455 te,·
930 3402 1022 3463 eaque
1044 3383 1205 3454 urbanitate
1224 3390 1284 3441 tota

291 3477 338 3529 eat
350 3469 456 3529 invidia
472 3471 595 3529 criminis
613 3469 762 3528 dissoluta.

373 3552 482 3613 Vemm
502 3553 574 3628 hoc,
597 3553 734 3631 quidquid
747 3560 807 3626 est,
823 3559 861 3610 nt
883 3568 939 3610 non
965 3552 1053 3611 ausim
1068 3551 1167 3611 dicere
1184 3559 1324 3613 carerell

290 3639 405 3697 omnino
422 3645 501 3709 arte,
518 3639 585 3715 quia
600 3636 764 3695 nonnullam
785 3635 1016 3694 observationem
1037 3635 1140 3708 babet,
1162 3641 1282 3710 suntque

291 3721 328 3782 ad
343 3721 373 3783 id
389 3723 563 3803 pertinentia
585 3729 615 3780 et
637 3737 654 3779 a
681 3718 800 3781 Graecis
821 3728 851 3779 et
871 3734 888 3779 a
903 3717 1009 3780 Latinis
1025 3719 1184 3798 composita
1198 3732 1282 3793 prae-
