3184 4409
536 472 977 540 msu‚oanron.crn.vr1,4.
1215 464 1251 525 31

258 631 351 706 magis
365 630 392 687 in
403 629 589 706 praeteritum
600 627 775 702 laudaverit,
789 637 867 687 tanto
883 629 995 688 facilius
1006 630 1138 707 probabit
1154 632 1254 691 morbo

260 732 328 771 esse
347 720 496 770 mutatos·
524 710 619 787 Reus,
643 714 775 789 quotiens
790 730 876 772 causa
891 715 1030 790 patietur,
1053 714 1169 774 debebit
1190 724 1295 777 csse31

258 800 287 856 in
305 797 477 855 defensione
503 796 686 869 moderatus,
716 798 781 872 quia
801 796 865 854 lere
888 798 929 855 ira
946 807 974 855 ct
990 800 1143 856 concitatio
1164 799 1254 859 furori

259 888 325 938 sunt
341 878 451 938 similia.
496 876 631 937 Omnibus
648 879 691 937 his
708 897 856 938 commune
872 889 931 954 est,
951 880 1028 957 quod
1046 884 1089 940 rei
1106 899 1163 940 non
1181 901 1253 941 sem·

256 982 313 1042 per
340 963 510 1022 defensione
535 961 603 1021 facti
628 963 680 1021 sed
705 965 891 1022 excusatione
917 981 951 1021 ac
976 964 1059 1023 venia
1087 965 1255 1044 frequenter

258 1056 384 1106 utuntur.
429 1045 482 1104 Est
506 1048 578 1104 enirn
600 1046 757 1106 domestica
781 1047 969 1125 disceptatio,
993 1049 1097 1124 inqua
1120 1051 1255 1109 etsemel

257 1147 402 1209 peccasse
423 1139 452 1187 ct
473 1148 526 1207 per
548 1147 676 1188 errorem
695 1140 724 1189 et
747 1130 856 1205 levius,
880 1149 963 1208 quam
981 1131 1146 1208 obiiciatur,
1170 1132 1253 1192 abso·

256 1215 360 1274 lutioni
376 1231 574 1291 nonnunquam
590 1214 704 1272 sufficit.

343 1298 401 1357 Sed
420 1298 475 1356 alia
499 1314 615 1375 quoquc
633 1298 721 1357 multa
737 1301 997 1358 controversiarum
1013 1316 1122 1374 genera
1138 1301 1173 1358 in*
1187 1311 1296 1376 qua-32
1348 1296 1350 1299 ’

256 1382 369 1441 litatem
395 1381 508 1440 cadunt.
558 1375 793 1449 ln'iuriarum3
825 1400 985 1459 quanquam
1011 1384 1084 1440 enim
1109 1401 1176 1441 reus
1203 1384 1254 1443 ali·

256 1465 371 1543 quondo
388 1464 495 1523 fecisse
513 1474 615 1540 negat,
632 1465 802 1544 plerumque
817 1475 911 1524 tamen
928 1466 1000 1525 baec
1017 1469 1092 1525 actio
1114 1467 1190 1526 facto
1214 1477 1254 1526 at·
1341 1493 1344 1516 ι

257 1567 315 1627 que
343 1549 435 1607 animo
461 1550 630 1607 continetur.
674 1549 719 1608 De
743 1559 913 1608 accusatore
939 1551 1155 1626 constituendo,
1182 1560 1297 1628 quaeda

256 1633 364 1691 iudicia
379 1633 634 1691 divinationes
653 1642 807 1699 vocantur;
830 1636 857 1691 in
873 1651 929 1711 quo
945 1652 1055 1710 genere
1072 1632 1175 1694 Cicero
1194 1636 1253 1712 qui·

256 1716 341 1791 dem,
366 1718 413 1792 qui
429 1715 623 1775 mandantibus
639 1719 726 1776 sociis
741 1716 863 1775 Verrem
879 1717 1052 1794 accusabat,
1075 1729 1175 1778 contra
1192 1736 1254 1793 eos,

257 1802 307 1878 qui
324 1818 388 1858 eum
404 1799 611 1874 defendebant,
642 1800 696 1859 hac
720 1819 788 1858 usus
811 1810 855 1860 est
878 1802 1036 1876 divisione,
1057 1804 1253 1880 spectandum,

255 1902 274 1942 a
304 1901 360 1960 qno
390 1886 510 1942 maxime
537 1885 584 1959 agi
614 1884 703 1943 velint
731 1885 765 1959 ii,
800 1901 920 1961 quorum
945 1885 981 1944 de
1006 1886 1115 1945 ultione
1142 1888 1254 1964 quaeri·

256 1976 320 2042 tur,
339 1985 354 2025 a
373 1985 429 2045 quo
446 1968 558 2026 minime
574 1967 644 2026 velit
660 1969 700 2041 is,
723 1969 770 2044 qui
786 1978 947 2026 accusatur.
993 1968 1297 2047 Frequentissimaettl

256 2061 353 2110 tamen
380 2051 433 2109 hae
461 2060 525 2110 sunt
551 2053 752 2129 quaestiones,
778 2061 842 2110 uter
862 2052 986 2110 maiores
1010 2049 1112 2112 causas
1138 2053 1253 2127 babeat,

256 2144 322 2194 uter
344 2134 410 2212 plus
433 2135 589 2194 industriae
611 2145 657 2194 aut
673 2136 773 2193 virium
793 2136 830 2193 sit
845 2134 982 2194 allaturus
1000 2135 1034 2195 ad
1053 2137 1253 2210 accusandum,

257 2228 323 2278 uter
343 2219 372 2278 id
395 2218 449 2277 lide
472 2219 593 2277 meliore
611 2219 748 2278 facturus.
791 2217 945 2278 Tutelae
961 2214 1130 2296 praeterea;
1154 2222 1181 2278 in
1197 2229 1296 2297 qu035

256 2302 364 2361 indicio
381 2302 458 2361 solet
476 2303 590 2379 quaeri,
609 2320 644 2360 an
658 2302 714 2362 alia
729 2302 764 2361 de
779 2320 812 2360 re
829 2303 961 2379 quamde
980 2303 1100 2362 calculis
1116 2306 1254 2380 cognosci

258 2395 408 2463 oporteat,
430 2405 465 2445 an
490 2386 573 2445 fidem
597 2396 746 2463 praestare
766 2385 872 2445 debeat
885 2394 991 2445 tantum
1006 2391 1064 2446 non
1083 2389 1168 2446 etiam
1187 2404 1254 2446 con·

256 2470 353 2529 silium
369 2480 397 2528 et
413 2480 555 2528 eventurn.
591 2468 642 2530 Cui
658 2470 750 2529 simile
766 2479 811 2529 est
826 2469 901 2529 male
915 2480 1018 2547 gestae
1033 2472 1254 2549 procurationis,

257 2571 333 2631 quae
361 2555 389 2611 in
414 2553 479 2612 loro
505 2556 736 2630 negotiorum
763 2563 966 2631 gestorum:
999 2573 1062 2614 nam
1084 2564 1114 2615 et
1133 2555 1255 2615 mandati

256 2639 334 2696 actio
351 2647 405 2696 est.
450 2638 569 2698 Praeter
590 2638 664 2697 baec
679 2638 822 2714 finguntur
837 2640 865 2696 in
880 2638 987 2697 scholis
1007 2649 1035 2698 et
1051 2641 1180 2716 inscripti
1197 2648 1297 2714 mat-36

257 2722 364 2795 lelicii,
387 2721 535 2799 inquibus
557 2731 604 2781 aut
627 2722 684 2781 boc
705 2724 866 2799 quaeritur,
888 2740 924 2780 an
944 2724 1111 2801 inscriptum
1132 2724 1184 2791 sit;
1207 2732 1256 2781 aut

255 2805 331 2879 hoc,
362 2823 397 2864 an
422 2806 592 2865 maleficium
618 2807 668 2872 sit;
701 2822 766 2864 raro
793 2815 952 2883 utrumqne.
1002 2806 1096 2866 Male
1123 2803 1254 2883 gestae

257 2889 469 2964 legationis
497 2890 570 2967 apud
594 2887 722 2949 Graecos
748 2898 777 2947 et
802 2891 880 2947 veris
911 2891 1005 2949 causis
1030 2890 1183 2968 frequens,
1206 2889 1254 2948 ubi

255 2974 326 3031 iuris
344 2973 411 3032 loco
433 2976 533 3050 quaeri
557 2972 649 3047 solet,
669 2991 704 3032 an
720 2974 833 3031 omnino
850 2973 933 3032 aliter
949 2991 1054 3050 agere,
1079 2992 1162 3050 quam
1177 2990 1253 3031 man·

256 3056 352 3115 datum
373 3059 425 3131 sit,
453 3058 555 3133 liceat,
582 3066 610 3115 et
625 3074 775 3134 quousque
795 3058 832 3116 sit
851 3056 978 3133 legatum
1008 3059 1140 3134 quoniam
1157 3056 1205 3115 alii
1226 3058 1254 3114 in
1279 3055 1282 3069 '

255 3142 444 3220 renuntiando
463 3150 541 3201 sunt:
564 3149 594 3199 ut
609 3142 636 3198 in
652 3139 741 3214 Heio,
762 3142 809 3216 qui
825 3143 1016 3199 testimonium
1029 3142 1057 3200 in
1071 3140 1194 3198 Verrem
1213 3140 1253 3200 di·

254 3234 340 3284 xerat
358 3234 425 3302 post
441 3224 581 3302 perlatam
600 3225 784 3300 legationem.
830 3223 981 3282 Plurimum
992 3233 1086 3282 tamen
1102 3232 1147 3282 est
1160 3224 1187 3281 in
1205 3241 1252 3298 eo,
1263 3225 1296 3282 et

255 3308 344 3385 quale
366 3311 402 3367 sit
420 3310 534 3368 iactum.
567 3308 632 3366 Rei
653 3307 826 3386 publicae
849 3307 985 3366 laesae.
1018 3306 1089 3366 Hinc
1106 3317 1255 3366 moventur

255 3392 371 3468 quidem
391 3392 457 3452 illae
479 3395 548 3452 iuris
570 3392 785 3452 cavillationes:
813 3389 887 3464 Quid
905 3393 941 3450 sit
958 3391 1177 3468 rempublicam
1194 3391 1253 3450 lae·

255 3473 348 3534 dere‘l
372 3486 417 3552 et,
437 3477 555 3537 laeserit
570 3495 605 3535 an
623 3493 680 3534 non
699 3471 862 3553 profuerit?
885 3483 930 3548 et,
952 3474 987 3534 ab
1003 3476 1067 3552 ipso
1083 3493 1118 3534 an
1133 3485 1255 3554 propter

255 3561 350 3637 ipsum
371 3560 451 3620 laesa
474 3562 519 3618 sit.
563 3559 595 3620 ln
612 3559 690 3619 facto
706 3570 800 3619 tamen
815 3559 965 3636 plurimum
984 3559 1068 3618 inest.
1112 3558 1254 3635 Ingrati

255 3659 384 3722 quoque.
417 3644 449 3703 ln
471 3660 526 3721 quo
550 3662 660 3721 genere
680 3645 836 3722 quaeritur,
859 3642 904 3700 bn
930 3643 971 3717 is,
993 3661 1056 3702 curn
1074 3661 1130 3720 quo
1149 3645 1252 3718 agitur,

254 3729 407 3806 acceperit
434 3724 626 3788 beneficium?
664 3726 748 3802 Quod
772 3743 838 3787 raro
858 3727 1019 3804 negandum
1040 3735 1102 3796 est;
1124 3728 1253 3804 ingratus
