3184 4409
586 528 919 579 meoparonem.
933 529 997 595 1,5.
1243 517 1283 578 27

246 672 261 747 ³.-
284 703 376 760 vero‚
397 703 472 763 quae
494 694 559 745 sunt
580 683 711 760 syllabae
729 687 827 759 unius,
852 694 935 744 erunt
957 694 1041 745 acuta
1063 694 1110 745 aut
1132 686 1223 760 llexa,
1247 704 1283 744 ue

246 758 258 837 ¹,
286 772 324 830 sit
341 770 441 846 aliqua
458 787 518 829 vox
537 772 598 828 sine
617 778 710 828 acuta.
745 767 783 826 Et
800 768 849 827 illa
868 787 921 846 per
939 786 1028 846 sonos
1047 770 1188 844 accidunt,
1209 781 1326 847 quaeat

287 853 479 914 demonstrari
496 856 605 931 scripto
620 870 678 912 non
692 861 829 930 possunt,
848 854 917 911 vitia
932 855 990 912 o'ris
1006 861 1035 912 et
1049 854 1179 930 linguae:
1202 853 1283 912 iocu-

246 948 248 953 ’
288 928 411 1014 sinposia
423 945 452 996 et
464 927 711 1016 λαμβδακισμούς,
727 930 894 1013 ἰσχνότητας
906 945 934 995 ει
947 929 1157 1012 πλατειασμοῦς
1171 937 1283 996 felicio·

289 1039 337 1080 res
349 1021 493 1097 lingendis
506 1019 664 1080 nominibus
673 1020 777 1080 Graeci
788 1030 903 1095 vocant,
917 1021 991 1080 sicut
1000 1023 1210 1098 aoriocropiuu,
1222 1040 1284 1081 cum

246 1141 248 1187 ἑ
290 1123 348 1166 rox
362 1107 445 1184 quasi
460 1107 489 1163 in
503 1123 623 1165 recessu
639 1106 697 1163 oris
713 1105 834 1163 auditur.
864 1104 935 1164 Sunt
950 1107 1034 1164 etiam
1049 1108 1158 1182 proprii
1174 1106 1285 1182 quidam
1292 1117 1327 1170 33

246 1190 251 1295 p
292 1199 320 1249 et
333 1189 542 1248 inenarrabiles
557 1190 635 1264 soni,
652 1188 755 1265 quibus
767 1205 966 1266 nonnunquam
981 1191 1111 1248 nationes
1125 1188 1284 1266 depreben-

293 1272 391 1332 dimus.
420 1271 550 1334 Remotis
567 1274 654 1349 igitur
673 1270 819 1347 omnibus,
840 1272 876 1331 de
893 1272 997 1351 quibus
1014 1273 1188 1351 supradixi,
1210 1274 1285 1331 vitiis

294 1358 345 1416 erit
357 1356 420 1431 illa,
437 1375 511 1435 quae
525 1366 647 1416 vocatur
660 1345 827 1434 ὀρθοέπεια,
844 1355 872 1415 id
889 1366 934 1416 est
950 1358 1098 1417 emendata
1114 1374 1178 1416 oum
1192 1358 1285 1416 suavi·

294 1447 350 1499 tate
366 1457 471 1500 vocum
486 1441 666 1518 explanatio;
687 1457 752 1498 uam
766 1441 810 1499 sic
827 1442 920 1518 accipi
935 1450 1034 1518 potest
1048 1449 1138 1500 recta.

297 1529 300 1536 ‘
376 1521 482 1584 Cetera
500 1527 568 1585 vitia
591 1527 683 1584 omnia
708 1541 745 1582 cx
769 1524 899 1601 pluribus
920 1524 1041 1584 vocibus
1066 1533 1146 1599 sunt,
1167 1531 1329 1603 quorumid

298 1616 339 1667 εει
354 1609 619 1682 soloecismus,
639 1625 799 1685 quanquam
818 1609 894 1667 circa
911 1608 968 1668 hoc
985 1626 1100 1687 quoque
1116 1608 1287 1687 disputatum

300 1700 348 1750 εει.
383 1691 455 1752 Nam
477 1694 562 1753 etiam
583 1695 631 1770 qui
651 1691 804 1769 complexu
824 1694 962 1752 orationis
981 1693 1116 1752 accidere
1136 1710 1199 1752 eum
1218 1709 1285 1752 con-

300 1775 422 1853 btentur,
442 1779 507 1854 quia
526 1785 619 1835 tamen
639 1778 722 1834 unius
739 1775 937 1835 emendatione
956 1777 1037 1837 verbi
1057 1778 1164 1853 corrigi
1181 1777 1285 1854 possit,

299 1860 325 1917 in
338 1859 427 1920 uerbo
444 1879 511 1920 esse
530 1862 627 1919 vitium
646 1877 703 1918 non
717 1861 745 1917 in
761 1877 896 1918 sermone
916 1861 1103 1936 contendunt;
1127 1878 1201 1935 cum,
1223 1862 1328 1922 sivessfi

301 1955 421 2005 umorue
443 1946 567 2006 corticis
588 1945 757 2004 seumedio
777 1947 892 2006 cortice
912 1962 1076 2022 pergentis
1098 1945 1167 2004 lacit
1189 1943 1286 2021 soloe·

302 2028 409 2087 cismum
422 2028 560 2106 (quorum
574 2036 704 2086 neutrum
718 2026 832 2104 quidem
846 2028 1040 2106 reprehendo,
1054 2047 1117 2087 oum
1132 2031 1168 2086 sit
1183 2030 1286 2087 utrius·

273 2105 275 2110 ’
301 2126 350 2186 que
370 2110 517 2189 Vergilius
544 2121 658 2178 auctum
687 2111 739 2169 sed
766 2110 904 2186 tingamus
932 2111 1096 2171 utrumlibet
1121 2128 1178 2170 non
1205 2120 1286 2170 recte

302 2193 412 2275 dictum)
435 2196 552 2256 mutatio
575 2197 656 2253 vocis
674 2193 810 2268 alterius,
833 2196 861 2252 in
883 2213 938 2273 qua
959 2196 1056 2255 vitium
1077 2205 1156 2269 erat,
1179 2205 1287 2254 rectam

301 2275 428 2356 loquendi
450 2282 590 2340 rationem
611 2280 648 2337 sit
669 2278 829 2352 redditura,
849 2288 881 2337 ut
900 2281 1002 2340 amari
1025 2280 1148 2340 corticis
1167 2279 1216 2338 liat
1237 2278 1286 2337 vel

301 2365 393 2424 media
414 2365 538 2425 cortice.
583 2358 667 2437 Quod
689 2362 858 2421 manifestae
880 2363 1038 2423 calumniae
1063 2370 1122 2430 cst;
1155 2371 1285 2421 neutrum

302 2446 368 2506 enim
389 2448 523 2507 vitiosum
544 2455 589 2506 est
614 2456 793 2524 separatum,
820 2447 872 2506 sed
899 2449 1109 2527 compositione
1136 2454 1284 2525 peccatur,

302 2545 367 2605 quae
385 2532 440 2591 iam
459 2533 600 2592 sermonis
620 2539 673 2589 est.
704 2529 776 2589 lllud
793 2532 930 2591 eruditius
951 2533 1113 2609 quaeritur,
1134 2546 1169 2590 an
1184 2532 1212 2589 in
1230 2531 1328 2598 sin-35

302 2612 369 2687 gulis
395 2631 512 2693 quoquc
532 2614 629 2674 verbis
653 2616 746 2692 possit
769 2614 832 2673 lieri
858 2615 1066 2690 soloecismus,
1092 2617 1132 2673 uti
1155 2617 1178 2673 si
1202 2631 1286 2672 unum

304 2699 357 2772 quis
381 2699 417 2758 ad
438 2715 601 2758 sevocans
629 2697 705 2758 dicat
726 2700 843 2783 cerrito,
865 2706 914 2758 aut
935 2701 959 2758 si
981 2699 1080 2777 plures
1102 2715 1118 2758 a
1143 2717 1177 2758 se
1196 2699 1286 2758 dimit·

303 2785 357 2839 tens
374 2785 413 2841 ita
430 2783 564 2861 loquatur
580 2784 633 2843 ubi
649 2790 697 2841 aut
714 2783 849 2844 discede.
882 2781 946 2842 Nec
965 2800 1099 2842 nonaum
1116 2798 1288 2860 responsum

303 2862 332 2922 ab
356 2867 553 2944 interrogante
580 2865 731 2941 dissentit,
758 2876 789 2925 ut
814 2867 838 2924 si
863 2865 968 2926 dicenti
992 2864 1087 2940 Quem
1108 2867 1220 2929 video?
1249 2866 1288 2924 ita

305 2962 430 3010 occurras
450 2949 527 3029 Epo.
559 2948 592 3008 ln
612 2959 697 3026 gestu
719 2952 804 3009 etiam
826 2950 954 3010 nonnulli
974 2959 1073 3029 putant
1092 2951 1169 3010 idem
1188 2951 1287 3009 vitium

303 3030 405 3108 inesse,
430 3053 494 3094 cum
516 3033 592 3093 aliud
612 3051 688 3093 voce
705 3034 782 3093 aliud
804 3043 872 3093 nutu
894 3035 944 3095 vel
965 3053 1047 3094 manu
1066 3035 1285 3094 demonstratur.

303 3111 365 3175 lluic
385 3121 514 3196 opinioni
537 3134 631 3195 neque
656 3121 769 3177 omnino
789 3118 899 3178 accedo
921 3137 1015 3196 neque
1034 3119 1120 3197 plane
1138 3118 1286 3179 dissentio.
1295 3135 1330 3190 37

303 3194 363 3259 Nam
376 3201 404 3260 id
423 3203 518 3263 fateor
534 3202 669 3262 accidere
686 3220 761 3261 voce
781 3220 836 3261 una
855 3220 912 3270 non
931 3213 1025 3262 tamen
1040 3203 1139 3279 aliter,
1162 3202 1287 3280 quamsi

304 3282 334 3340 sit
349 3284 471 3363 aliquid,
493 3287 570 3364 quod
588 3287 644 3345 vim
666 3285 784 3345 alterius
807 3288 889 3345 vocis
911 3287 1053 3362 obtineat,
1077 3280 1116 3346 ad'
1134 3284 1211 3364 quod
1229 3302 1288 3344 vox

304 3363 345 3425 illa
361 3369 520 3445 referatur,
540 3379 571 3429 ut
588 3370 779 3429 soloecismus
798 3389 835 3429 ex
852 3370 1005 3448 complexu
1024 3373 1071 3431 liat
1090 3387 1205 3444 eorum,
1227 3370 1286 3447 qui·

304 3444 348 3508 bus
361 3471 408 3512 res
424 3455 620 3530 significantur
635 3462 664 3512 et
678 3454 811 3514 voluntas
827 3455 995 3514 ostenditur.
1024 3456 1119 3532 Atque
1132 3463 1162 3513 ut
1177 3470 1330 3523 omnemag

305 3531 427 3612 effugiam
443 3538 669 3613 cavillationem,
692 3540 727 3597 sit
747 3537 900 3615 aliquando
918 3540 946 3597 in
960 3555 1017 3597 uno
1034 3538 1125 3597 verbo
1145 3553 1287 3615 nunquam

304 3613 327 3674 in
347 3620 411 3680 solo
436 3621 539 3681 verbo.
584 3621 639 3681 Per
663 3630 732 3699 quot
755 3632 849 3681 autem
875 3629 904 3679 et
926 3639 995 3698 quas
1023 3622 1134 3682 accidat
1158 3622 1286 3699 species,

304 3706 440 3763 nonsatis
464 3706 607 3766 convenit.
647 3704 702 3778 Qui
724 3704 910 3783 plenissime,
933 3705 1166 3782 quadripertitam
1186 3703 1287 3762 volunt

305 3797 363 3846 esse
377 3791 519 3850 rationem
536 3806 591 3848 neo
610 3787 692 3849 aliam
708 3806 791 3868 quam
807 3787 997 3870 barbarismi,
1013 3797 1049 3852 ut
1065 3789 1120 3851 liat
1133 3788 1308 3851 adiectione
