3184 4409
584 463 671 514 nasu.
684 465 831 515 oannon.
843 468 910 515 arn.
922 469 967 533 ru,
980 467 1005 518 1.
1230 457 1286 516 151

300 613 361 703 qnid
376 621 460 682 litem
472 619 570 695 faciat,
587 618 681 698 (quod
702 618 737 679 ab
754 619 812 679 rllis
828 639 923 682 causo
933 621 981 680 vel
998 608 1287 702 contineoadicitur)

299 716 414 784 atquae
434 706 472 763 sit
486 704 559 762 inter
575 702 720 779 litigantes
738 705 881 781 quaestio,
898 705 979 764 etde
997 722 1053 783 quo
1070 707 1188 767 iudicari
1201 724 1287 785 opor-

298 799 368 857 teat;
392 805 471 866 quac
492 788 586 846 omnia
608 786 684 845 idem
703 795 778 845 sunt.
815 786 886 846 Nam
909 797 937 847 et
957 788 993 847 de
1014 806 1050 847 eo
1073 792 1205 868 quaestio
1231 799 1286 865 est,

299 873 369 952 qnod
390 873 422 931 in
443 871 670 931 controversiam
690 871 782 945 venit,
816 879 845 929 et
867 872 903 930 de
929 887 964 929 eo
993 872 1149 948 iudicatur,
1173 875 1209 933 de
1231 891 1288 952 quo

299 956 428 1036 quaestio
451 963 518 1013 est.⁴
542 953 599 1012 Sed
616 970 673 1013 non
694 963 836 1031 perpetuo
853 955 1021 1014 intendimus
1041 957 1068 1013 in
1083 957 1155 1016 haec
1170 959 1329 1020 animum25

298 1049 324 1099 et
337 1038 498 1118 cupiditate
514 1037 604 1097 laudis
626 1046 770 1114 utcunque
791 1038 983 1115 acquirendae
1004 1039 1051 1097 vel
1075 1040 1188 1099 dicendi
1205 1042 1287 1100 volu-

298 1132 371 1201 ptate
389 1138 564 1198 evagamur,
590 1121 703 1198 quando
726 1121 845 1180 uberior
868 1140 984 1200 semper
1002 1132 1083 1182 extra
1100 1141 1214 1182 causam
1229 1142 1287 1183 ma·

295 1208 365 1267 teria
383 1215 446 1274 est;
472 1206 538 1283 quia
553 1205 581 1262 in
597 1205 797 1264 controversia
813 1223 906 1282 pauca
927 1215 1007 1281 sunt,
1029 1215 1110 1266 extra
1128 1208 1236 1274 omnia;
1260 1217 1288 1266 et

290 1285 462 1350 Modicitur
477 1289 513 1347 de
527 1287 582 1362 bis,
600 1305 673 1366 quae
689 1288 866 1365 accepimus,
882 1290 958 1364 illio,
975 1290 1012 1348 de
1028 1291 1130 1367 quibus
1145 1291 1286 1349 volumus.

297 1373 356 1433 Nec
372 1381 433 1433 tata
445 1371 505 1431 hoc
519 1371 753 1448 praecipiendum
769 1380 830 1446 est,
849 1381 879 1431 ut
896 1375 1108 1450 quaestionem,
1126 1375 1284 1447 continens,
1295 1385 1329 1438 26

296 1457 498 1517 iudicationem
511 1456 688 1514 inveniamus
710 1455 795 1531 (nam
812 1454 840 1514 id
855 1457 968 1533 quidem
984 1457 1071 1517 facile
1092 1460 1178 1537 est),
1202 1476 1286 1535 quam

297 1549 325 1599 ut
338 1541 501 1600 intueamur
516 1554 645 1616 semper,
655 1545 714 1597 aut
732 1546 812 1597 certe
827 1540 851 1597 si
867 1539 990 1615 digressi
1006 1541 1160 1616 fuerimus,
1185 1542 1287 1600 saltem

295 1624 496 1702 respiciamus,
511 1640 547 1680 ne
564 1621 694 1699 plausum
711 1620 910 1681 affectantibus
925 1641 1001 1683 arma
1018 1626 1160 1684 excidant.
1192 1624 1287 1683 Theo-

297 1707 358 1775 dori
379 1705 499 1780 schola,
514 1714 544 1764 ut
561 1705 637 1779 dixi,
660 1705 752 1763 omnia
767 1704 857 1764 refert
874 1706 909 1764 ad
928 1709 1040 1785 capita.
1074 1709 1125 1767 llis
1147 1708 1228 1786 plura
1245 1710 1285 1766 iu·
1296 1717 1330 1771 at

296 1790 484 1866 telligontnr:
500 1806 556 1848 uno
570 1788 656 1847 modo
672 1807 777 1847 summa
793 1791 924 1865 quaestio
939 1791 1006 1848 beru
1023 1801 1054 1851 ut
1069 1801 1177 1866 status,
1194 1793 1286 1851 altero

299 1884 415 1934 ceterae
435 1891 508 1951 quae
524 1871 560 1932 ad
580 1889 714 1930 summam
729 1873 908 1946 referuntur,
931 1875 1016 1932 tertio
1037 1878 1200 1953 propositio
1224 1895 1288 1934 cum

298 1957 501 2023 affirmatione;
523 1964 554 2014 ut
575 1956 710 2028 dicimus,
737 1953 838 2034 Caput
857 1957 904 2016 νεὶ
919 1965 978 2030 cat,
1009 1957 1083 2035 apud
1104 1958 1288 2018 Menandrum

296 2035 462 2117 sequitertia
470 2037 555 2099 ἐστιν.
589 2037 621 2096 ln
639 2040 802 2097 universum
821 2047 932 2114 autem,
958 2040 1095 2119 quidquid
1110 2040 1288 2118 probandum

298 2133 353 2200 est,
374 2125 431 2182 erit
443 2131 551 2201 caput:
568 2123 619 2181 sed
634 2121 662 2180 id
676 2124 766 2180 maius
782 2131 830 2180 aut
844 2123 945 2180 minus.

382 2205 421 2266 Et
440 2207 588 2284 quoniam,
612 2222 686 2282 quae
708 2205 744 2263 de
764 2204 808 2262 his
834 2214 914 2264 eraut
933 2223 949 2264 a
973 2206 1162 2283 scriptoribus
1178 2205 1329 2270 Artiumas

296 2290 418 2365 tradita,
447 2289 598 2349 verbosius
631 2288 714 2347 etiam
741 2306 824 2365 quam
852 2306 977 2347 necesse
1002 2299 1064 2349 erat
1091 2290 1287 2368 exposuimus,

296 2383 467 2454 praeterea,
492 2391 565 2451 quae
579 2380 677 2449 partes
691 2372 748 2430 sint
769 2372 941 2432 iudicialium
957 2391 1120 2448 causarum,
1145 2390 1231 2450 supra
1247 2372 1287 2430 di·

299 2469 377 2519 ctnm
389 2467 449 2518 est:
467 2459 614 2536 proximus
629 2454 734 2515 libera
749 2456 839 2534 prima
853 2457 882 2516 id
898 2466 943 2516 est
958 2457 1078 2518 exordio
1095 2459 1224 2536 incipiet.

675 2777 833 2843 LIBER
862 2779 920 2844 IV.
1031 2792 1035 2797 ’

299 2913 375 2963 Libro
401 2923 487 2975 quarto
510 2912 574 2962 haec
589 2913 757 2961 continentur:
772 2894 939 2960 Prooemium.
974 2908 1011 2959 De
1030 2911 1142 2960 exordio.
1180 2911 1217 2960 De
1232 2925 1289 2959 ner-

333 2983 441 3032 ratione.·
476 2982 514 3031 De
529 2981 682 3047 egressione.
719 2981 756 3030 De
774 2979 955 3044 propositione.
990 2978 1027 3028 De
1043 2980 1185 3044 partitione.

697 3091 894 3144 PROOEMIUM.

386 3161 546 3270 Perfecto,
574 3188 748 3250 Marcelle
770 3189 937 3264 Victori,
965 3189 1063 3266 operis
1089 3187 1140 3246 tibi
1166 3184 1290 3247 dedicati

299 3276 389 3337 tertio
404 3274 478 3334 libro
495 3283 524 3333 et
538 3276 593 3333 iam
608 3282 707 3352 quarta
730 3274 792 3333 fere
817 3272 926 3332 laboris
941 3280 1024 3349 parte
1039 3279 1193 3346 transacta,
1215 3288 1289 3331 nova

300 3362 420 3437 insuper
433 3360 499 3418 mibi
515 3358 680 3436 diligentiae
698 3374 783 3417 causa
800 3365 828 3416 et
846 3356 930 3415 altior
944 3354 1124 3430 sollicitud0,
1149 3354 1233 3432 quale
1249 3356 1289 3413 iu·

301 3444 406 3505 dicium
420 3442 562 3502 hominum
578 3440 738 3516 emererer',
758 3441 891 3500 accessu.
929 3437 1031 3497 Adbuc
1047 3440 1120 3496 enim
1137 3437 1216 3496 velut
1231 3447 1289 3497 stn-

301 3529 349 3588 dia
370 3528 444 3585 iuter
467 3543 519 3585 nos
543 3524 779 3600 conferebamus,
808 3525 883 3582 etsi
910 3540 1010 3600 parum
1032 3531 1130 3580 nostra
1151 3523 1289 3580 institutio

302 3609 476 3690 probaretur
489 3627 506 3668 a
522 3611 637 3684 ceteris,
654 3610 779 3668 conteuti
793 3608 858 3666 fore
873 3605 1031 3665 domestico
1046 3623 1098 3668 usu
1112 3603 1288 3675 videbamur,

302 3703 334 3754 ut
345 3694 386 3754 tui
400 3693 515 3771 meique
530 3693 580 3754 lilii
600 3691 725 3754 formare
741 3691 920 3771 disciplinam
934 3690 1004 3750 satta
1014 3697 1187 3769 putaremus.
1218 3684 1317 3746 Cuma
