3184 4409
346 412 406 475 184
652 426 688 474 m.
707 426 785 474 rua.
804 424 1024 486 oomrmmn

342 585 436 644 donec
453 582 653 659 perveniamus
669 581 704 641 ad
724 581 823 657 linem,
843 598 902 640 non
915 581 1006 640 mlnus
1021 591 1188 660 prospectu
1206 583 1340 661 proceda·

341 685 403 726 mus
419 683 503 743 quam
517 666 624 742 gradu,
644 667 668 723 si
686 683 742 724 non
757 667 968 725 intersistentes
983 665 1228 744 offensantesque
1250 667 1339 728 lareria

341 751 391 811 illa
407 758 492 827 atque
510 751 628 808 concisa
642 749 856 826 singultantium
869 748 955 808 modo
972 750 1091 808 eiecturi
1107 768 1223 810 sumus.

301 847 332 898 11
423 832 475 893 Est
490 835 576 910 igitur
590 851 658 891 usus
677 830 790 910 quidam
803 830 992 909 irrationalis,
1009 850 1094 910 quem
1114 833 1227 895 Graeci
1243 829 1338 915 drapo

342 909 444 996 τριβὴν
461 926 582 993 vocant,
604 935 660 994 qua
682 935 780 976 manus
800 916 1002 977 inscribendo
1022 917 1164 994 decurrit,
1189 938 1252 997 qua
1271 919 1337 980 oculi

342 1011 419 1062 totos
436 1001 518 1060 simul
537 1003 564 1060 in
587 1001 714 1060 lectione
734 1020 837 1060 versus
860 1001 1011 1080 flexusque
1030 1019 1130 1062 eorum
1153 1012 1186 1062 et
1210 1006 1336 1063 transitus

341 1089 499 1160 intuentur,
528 1094 557 1144 et
584 1094 649 1145 ante
671 1087 823 1162 sequentia
841 1086 939 1145 vident
966 1103 1050 1163 quam
1072 1087 1171 1164 priora
1184 1150 1186 1153 ,
1200 1087 1336 1147 dixerunt

342 1170 406 1244 Quo
423 1178 555 1228 constant
569 1169 705 1228 miracula
726 1170 775 1230 illa
801 1171 830 1229 in
844 1170 939 1229 scenis
956 1168 1123 1248 pilariorum
1137 1189 1174 1230 ac
1189 1172 1338 1231 ventilato·

340 1273 418 1328 rum,
439 1263 469 1312 ut
489 1272 524 1313 ea
545 1271 619 1330 quac
642 1255 788 1312 emiserint
809 1253 885 1313 ultro
906 1253 1006 1313 venire
1027 1255 1055 1312 in
1074 1271 1176 1314 manus
1194 1255 1302 1315 credas
1316 1265 1339 1314 et

300 1351 332 1402 12
342 1356 397 1417 qua
414 1336 545 1397 iubentur
561 1337 728 1398 decurrere.
759 1336 817 1397 Sed
833 1337 879 1398 hic
901 1355 970 1396 usus
985 1339 1024 1396 ita
1037 1337 1186 1416 proderit,
1209 1341 1236 1398 si
1258 1358 1294 1399 ea
1309 1340 1339 1400 dc

341 1432 404 1500 qua·
417 1422 506 1481 locuti
522 1439 618 1479 sumus
636 1439 682 1480 ars
700 1423 901 1497 antecesserit,
917 1429 948 1480 ut
961 1422 1054 1500 ipsum
1071 1421 1152 1496 illud,
1169 1423 1253 1500 quod
1267 1425 1298 1482 in
1312 1442 1339 1483 se

340 1508 479 1566 rationem
500 1504 667 1579 nonhabet,
683 1506 834 1564 iuratione
847 1514 990 1565 versetur.
1016 1503 1087 1564 Nam
1102 1505 1170 1565 mihi
1189 1525 1228 1566 ne
1245 1508 1339 1568 dicere

341 1590 455 1668 quidem
475 1589 588 1648 videtur
608 1589 662 1647 nisi
677 1591 725 1666 qui
741 1589 897 1669 disposite,
915 1597 1032 1665 ornate,
1048 1591 1171 1668 copiose
1188 1590 1275 1667 dicit,
1292 1592 1339 1651 sed

301 1673 509 1738 13tumultuari.
537 1671 599 1731 Nec
610 1671 719 1732 fortuiti
735 1674 875 1733 sermonis
891 1682 1056 1732 contextum
1067 1673 1196 1733 mirabor
1208 1693 1337 1755 uuquam,

342 1775 426 1836 quem
441 1756 618 1833 iurgantibus
642 1758 726 1816 etiam
746 1757 923 1817 mulierculis
945 1756 1126 1833 superfluere
1150 1758 1258 1828 video;
1281 1777 1338 1819 curn

341 1858 377 1900 eo
394 1841 481 1917 quod,
498 1841 523 1899 si
539 1841 619 1900 calor
634 1859 669 1900 ac
684 1842 800 1920 spiritus
817 1841 895 1918 tulit,
911 1835 1081 1919 frequenter
1093 1842 1214 1918 accidit,
1232 1851 1264 1902 ut
1279 1860 1335 1902 suc·

301 1938 453 1991 licessum
471 1925 697 2003 extemporalem
713 1928 853 2004 consequi
871 1943 938 1986 cura
953 1942 1010 1985 non
1024 1927 1127 2004 possit.
1162 1924 1261 1987 Deum
1275 1936 1335 1986 tunt

341 2010 469 2084 affuisse,
483 2028 545 2068 cum
562 2010 589 2069 id
606 2010 769 2086 evenisset,
786 2018 905 2070 veteres
921 2018 1069 2084 oratores,
1083 2017 1115 2069 ut
1132 2006 1243 2070 Cicero
1263 2011 1333 2085 dicit,

341 2094 463 2155 aiebant.
502 2093 561 2154 Sed
576 2095 649 2153 ratio
667 2094 819 2154 manifesta
834 2102 889 2159 est.
923 2093 994 2154 Nam
1014 2093 1090 2153 hene
1116 2097 1258 2174 concepti
1273 2095 1333 2155 afe-

342 2188 404 2239 etus
430 2187 458 2237 et
478 2187 613 2237 recentes
636 2196 731 2237 rerum
752 2179 892 2256 imagines
915 2180 1049 2238 continuo
1073 2179 1182 2255 impetu
1199 2178 1332 2253 feruntur,

343 2281 416 2340 quae
431 2280 630 2340 nonnunquam
648 2279 726 2322 mora
742 2264 801 2323 stili
823 2261 1017 2338 refrigescunt
1040 2271 1070 2322 et
1090 2261 1199 2322 dilatae
1222 2280 1279 2322 non
1292 2280 1333 2321 re-

339 2355 497 2406 vertuntur.
533 2347 639 2424 Utique
656 2364 739 2421 vero,
758 2364 822 2406 cum
842 2346 943 2406 infelix
957 2347 1007 2406 illa
1021 2346 1177 2406 verborum
1193 2347 1333 2408 cavillatio

341 2432 465 2489 accessit
493 2439 522 2489 et
544 2449 644 2490 cursus
672 2429 707 2490 ad
734 2431 847 2508 singula
868 2431 992 2506 vestigia
1007 2432 1130 2505 restitit,
1159 2436 1220 2490 non
1243 2437 1334 2510 potest

339 2515 409 2573 ferri
428 2523 559 2575 contorta
582 2518 643 2589 vis,
660 2515 728 2590 sed,
754 2524 783 2575 ut
807 2515 914 2593 optime
933 2532 1037 2574 vocum
1057 2513 1238 2590 singularum
1257 2513 1334 2574 cedat

340 2598 465 2673 electio,
484 2615 542 2657 non
558 2601 691 2658 continua
716 2599 768 2658 sed
791 2600 951 2677 composita
967 2607 1022 2658 est.

298 2691 331 2742 15
422 2681 518 2754 Quare
545 2683 702 2761 capiendae
725 2692 789 2742 sunt
811 2682 895 2759 illae,
925 2681 962 2742 de
989 2681 1091 2761 quibus
1113 2681 1190 2756 dixi,
1218 2699 1334 2742 rerum

339 2766 532 2841 imagines,
549 2784 619 2843 quas
631 2769 730 2826 vocari
743 2767 905 2844 φαντασίας
915 2766 1110 2842 indicavimus,
1124 2768 1290 2845 omniaque,
1302 2765 1334 2825 de

340 2848 441 2927 quibus
464 2850 565 2909 dicturi
583 2853 704 2926 erimus,
726 2867 885 2929 personae,
907 2853 1109 2929 quaestiones,
1132 2867 1221 2927 spes,
1246 2858 1335 2909 metus

337 2933 467 2993 habenda
489 2935 516 2992 in
531 2935 635 3008 oculis,
656 2936 684 2992 in
706 2935 827 2994 allectus
852 2935 1027 3013 recipienda.
1060 2935 1164 2994 Pectus
1187 2943 1236 2994 est
1253 2935 1335 3007 enim,

338 3019 415 3096 quod
431 3018 554 3077 disertos
572 3018 651 3092 facit,
668 3027 697 3077 et
710 3021 754 3078 vis
769 3021 882 3079 mentis.
911 3018 1041 3097 Ideoque
1052 3019 1192 3097 imperitis
1209 3035 1336 3096 quoque,

296 3109 329 3162 16
338 3102 362 3158 si
379 3102 464 3161 modo
482 3105 537 3161 sint
553 3102 647 3180 aliquo
664 3103 769 3162 affectu
786 3105 931 3178 concitati,
945 3102 1035 3162 verba
1050 3120 1107 3161 uon
1122 3101 1238 3161 desunt.
1268 3102 1337 3161 'lum

337 3185 525 3246 intendendus
544 3188 669 3262 animus,
688 3205 745 3246 non
768 3188 939 3266 inaliquam
954 3205 1015 3246 rem
1029 3204 1112 3246 unam
1126 3186 1178 3245 sed
1194 3187 1225 3245 in
1239 3186 1337 3264 plures

338 3268 420 3326 simul
441 3273 602 3338 continuas;
625 3278 671 3346 ut,
699 3273 724 3330 si
748 3289 803 3348 per
825 3271 948 3348 aliquam
967 3280 1076 3330 rectam
1097 3271 1172 3329 viam
1195 3272 1338 3329 mittamus

339 3351 457 3426 oculos,
474 3355 556 3413 simul
574 3355 667 3414 omnia
682 3373 756 3433 quae
771 3357 879 3414 suntin
896 3374 931 3415 ea
948 3357 1083 3432 circaque
1098 3355 1259 3430 intuemur,
1282 3371 1338 3413 nou

337 3433 462 3494 ultimum
478 3447 584 3496 tantum
599 3439 727 3498 videmus
744 3439 796 3498 sed
808 3439 944 3517 usquead
956 3439 1092 3498 ultimum.
1123 3436 1169 3496 ild
1184 3438 1338 3498 dicendum

338 3519 422 3576 etiam
438 3520 531 3596 pudor
552 3522 682 3581 stimulos
704 3522 792 3582 habet
820 3531 850 3582 et
870 3523 1055 3583 dicendorum
1077 3531 1235 3600 expectata
1260 3523 1338 3588 laum

337 3603 493 3679 mirumque
509 3604 600 3663 videri
616 3616 723 3683 potest,
737 3607 824 3684 quod,
841 3625 905 3666 cum
920 3607 1002 3666 stilus
1017 3615 1134 3666 secreto
1153 3606 1282 3683 gaudeat
1298 3615 1338 3667 at·

339 3704 395 3765 que
412 3702 511 3746 omnes
529 3687 652 3749 arbitros
667 3691 846 3769 reformidet,
860 3691 1066 3770 extemporalis
1082 3692 1158 3752 actio
1174 3691 1339 3753 auditorum
