3184 4409
554 480 643 528 rursu.
659 474 983 550 oanroa.ura.v1,t.
1203 463 1263 526 283

277 636 360 696 cilior
375 636 428 694 erit
443 636 469 694 io
487 635 592 693 ceteris
610 633 699 707 tides,
724 633 785 691 sive
803 650 903 705 unum,
918 634 1012 692 mitior
1027 633 1103 692 solet
1119 649 1211 711 poena
1228 635 1263 691 ir·

274 721 372 796 rogari
393 719 595 777 verecundiae.
631 717 702 776 Nam
733 716 845 794 culpam
868 718 1037 794 praesertim
1057 717 1264 796 deprehensam

274 805 460 881 pertinaciter
472 803 561 876 tueri,
585 800 668 880 culpa
684 801 774 859 altera
796 809 850 858 cst.

358 926 430 985 Dum
455 935 510 985 stat
534 927 627 985 acies:
649 925 728 984 multi
748 944 796 984 res
819 925 932 985 consilii
953 934 1038 1003 atque
1060 927 1128 984 artis
1152 935 1212 1003 est,
1234 936 1305 994 ut17

274 1018 417 1070 errantem
439 1009 631 1068 adversarium
655 1009 750 1068 trahas
774 1018 803 1068 et
821 1012 863 1068 ire
880 1027 961 1086 quam
980 1008 1146 1084 longissime
1164 1027 1265 1088 cogas,

271 1104 303 1152 ut
319 1112 391 1152 vana
407 1095 517 1152 interim
534 1112 587 1171 spe
604 1093 723 1153 exultet.
758 1091 828 1152 Ideo
847 1092 984 1170 quaedam
1001 1092 1074 1150 bene
1090 1092 1265 1153 dissimulan-

272 1187 320 1237 tur
335 1179 529 1251 instrpmcnta.
559 1176 666 1236 Instant
682 1179 754 1235 enlm
771 1186 800 1235 et
815 1194 904 1254 saepe
920 1176 1073 1234 discrimen
1089 1193 1171 1234 omne
1190 1194 1265 1235 com-

272 1264 402 1335 mittunt,
426 1261 502 1337 quod
526 1260 630 1319 deesse
646 1260 728 1319 nobis
745 1252 858 1338 putant,
883 1269 911 1319 et
929 1259 1035 1318 iaciunt
1050 1259 1265 1338 probationibus

272 1346 380 1403 nostris
397 1346 595 1404 auctoritatem
610 1344 792 1423 postulando.
830 1342 956 1421 Expedit
978 1344 1062 1401 etiam
1077 1343 1145 1402 dare
1161 1344 1267 1421 aliquid
1276 1357 1308 1410 18

273 1428 456 1503 adversario,
486 1428 562 1505 quod
584 1446 636 1506 pro
658 1446 691 1486 se
714 1437 809 1506 putet,
839 1428 914 1504 quod
935 1427 1154 1504 apprehendens
1177 1432 1267 1488 maius

274 1512 382 1590 aliquid
398 1521 519 1589 cogatur
535 1512 692 1580 dimittere;
718 1512 787 1571 duas
810 1513 920 1570 interim
937 1529 984 1568 res
1000 1528 1181 1588 proponere,
1199 1530 1266 1588 qua·

273 1615 336 1655 rum
357 1594 520 1655 utramlibet
540 1595 614 1655 male
636 1597 672 1655 sit
696 1596 856 1662 electurus;
880 1595 956 1673 quod
969 1596 1005 1652 *in
1027 1594 1214 1654 altercatione
1237 1598 1267 1656 fit

273 1680 436 1758 potentius,
456 1698 538 1757 quam
554 1680 581 1737 in
597 1682 725 1754 actione,
748 1681 814 1758 quia
831 1680 859 1737 in
876 1679 925 1738 illa
941 1678 1023 1737 nobis
1039 1679 1094 1756 ipsi
1109 1681 1266 1756 responde·

272 1782 353 1836 mus,
371 1765 398 1821 in
413 1763 468 1822 hac
484 1763 678 1823 adversarium
696 1765 778 1840 quasi
794 1764 959 1822 contessum
974 1771 1114 1821 tenemus.
1160 1761 1213 1823 Est
1227 1767 1267 1838 in:
1277 1775 1309 1830 19

272 1847 372 1926 primis
389 1849 464 1905 acuti
479 1847 589 1921 videre,
609 1865 665 1924 quo
682 1847 767 1906 iudex
780 1847 857 1906 dicto
873 1855 1032 1921 moveatur,
1049 1848 1117 1923 'quid
1132 1859 1266 1925 respuat;

273 1930 353 2008 quod
377 1939 405 1990 et
425 1931 505 1990 vultu
527 1933 696 2008 saepissime
725 1939 754 1988 et
779 1930 932 2007 aliquando
962 1931 1046 1988 etiam
1072 1930 1149 1989 dieto
1170 1932 1266 2010 aliquo

271 2015 390 2072 factove
407 2015 467 2072 eius
486 2014 717 2092 deprehenditur.
759 2012 796 2072 Et
818 2016 925 2072 instare
947 2013 1163 2091 proficientibus
1185 2025 1213 2074 et
1231 2015 1266 2074 ab
1301 2046 1304 2053 ·

273 2099 323 2172 iis,
347 2116 421 2174 quae
438 2116 495 2156 non
515 2098 664 2174 adiuvent,
685 2115 768 2177 quam
782 2097 951 2155 mollissime
971 2096 1074 2174 pedem
1090 2107 1206 2174 oportet
1221 2117 1266 2157 re·

272 2181 362 2241 ferre.
396 2181 515 2241 Faciunt
530 2182 587 2241 hoc
609 2183 711 2241 medici
730 2199 857 2258 quoque,
873 2190 903 2239 ut
921 2180 1046 2239 remedia
1064 2180 1185 2257 proinde
1201 2199 1266 2258 per·

273 2275 411 2324 severant
433 2265 570 2325 adhibere
595 2266 643 2325 vel
665 2267 810 2340 desinant,
834 2273 864 2323 ut
880 2264 929 2323 illa
945 2266 1035 2340 recipi
1050 2263 1099 2322 vel
1114 2266 1212 2341 respui
1226 2266 1267 2322 vi·

273 2347 364 2407 dent(
384 2348 610 2427 Nonnunquam,
631 2351 655 2408 si
677 2367 738 2408 rem
760 2346 898 2408 evolvere
914 2349 1090 2426 propositam
1106 2346 1191 2407 facile
1211 2355 1309 2407 oon20

274 2434 327 2506 sit,
344 2433 492 2493 inferenda
510 2443 555 2492 est
571 2434 626 2493 alia
644 2435 791 2510 quaestio,
816 2443 901 2510 atque
917 2433 945 2490 irr
962 2450 1024 2490 eam
1038 2431 1141 2507 iudex,
1165 2433 1268 2492 silleri

274 2525 384 2594 potest,
402 2517 576 2576 avocandus.
614 2517 687 2590 Quid
704 2519 795 2592 enim,
817 2535 880 2577 cum
894 2515 1072 2593 respondere
1087 2533 1144 2574 non
1159 2517 1267 2593 possis,

275 2600 417 2676 agendum
434 2610 493 2676 est,
519 2603 573 2660 nisi
588 2610 618 2660 ut
631 2601 706 2661 aliud
721 2602 866 2675 invenias,
890 2601 935 2660 cui
950 2600 1131 2660 adversarius
1146 2617 1267 2679 respon·

276 2683 345 2742 dere
365 2702 422 2743 non
443 2681 556 2762 possiti
592 2683 623 2744 ln
646 2685 794 2763 plerisque
818 2685 892 2744 idem
908 2693 968 2759 est,
987 2693 1017 2743 ut
1033 2683 1108 2758 dixi,
1128 2685 1174 2762 qui
1191 2687 1308 2744 circail

275 2776 384 2844 testes,
407 2768 489 2827 locus
506 2778 534 2828 et
552 2771 684 2846 personis
701 2769 786 2829 modo
802 2768 903 2842 distat,
929 2767 1066 2845 quodhic
1083 2776 1267 2845 patronorum

274 2852 350 2914 inter
365 2870 397 2910 so
414 2861 559 2911 certamen
576 2853 635 2912 illic
650 2871 745 2931 pugna
761 2855 835 2912 inter
851 2859 954 2928 testem
970 2860 998 2910 et
1013 2859 1172 2930 patronum.

359 2959 537 3022 Exercitatio
553 2980 625 3023 vero
640 2964 723 3023 huius
740 2964 784 3022 rei
800 2963 888 3039 louge
908 2962 1031 3021 facilior.
1065 2959 1137 3020 Nam
1154 2970 1199 3020 est
1214 2963 1267 3020 uti·

276 3044 424 3121 lissimum,
442 3048 609 3125 frequenter
621 3066 684 3106 cum
699 3047 807 3125 aliquo,
825 3048 871 3123 qui
882 3048 919 3105 sit
934 3046 1089 3104 studiorum
1102 3044 1268 3118 eorundem,

276 3147 391 3188 sumere
414 3133 560 3190 materiam
582 3131 630 3190 vel
652 3149 740 3190 verae
761 3130 809 3190 vel
835 3131 919 3189 etiam
940 3129 1024 3189 lictae
1041 3129 1267 3202 controversiae,

276 3221 305 3271 et
321 3213 451 3273 diversas
469 3224 567 3292 partes
583 3214 778 3274 altercationis
795 3214 880 3273 modo
896 3216 984 3281 tueri;
1001 3211 1077 3289 quod
1093 3211 1167 3270 idem
1184 3211 1268 3269 etiam

275 3297 304 3354 in
320 3297 442 3375 simplici
457 3317 566 3374 genere
584 3300 781 3377 quaestionum
797 3298 859 3358 fieri
875 3305 980 3375 potest.
1009 3295 1053 3354 Ne
1069 3294 1139 3354 illud
1156 3295 1268 3374 quidem
1275 3305 1309 3357 Ἠ

274 3382 410 3456 ignorare
428 3382 598 3443 advocatum
614 3381 700 3459 volo,
726 3400 783 3461 quo
806 3399 938 3460 quaeque
960 3380 1060 3439 ordine
1082 3377 1215 3456 probatio
1232 3381 1269 3438 sit

275 3464 351 3541 apud
373 3465 495 3525 iudicem
520 3466 709 3544 proferenda;
738 3468 818 3527 cuius
845 3467 886 3524 rei
914 3465 1014 3524 eadem
1038 3463 1067 3520 iu
1095 3465 1268 3539 argumentis
1348 3540 1350 3543 Ι

274 3550 348 3607 ratio
372 3558 432 3624 est,
453 3558 483 3608 ut
502 3552 699 3627 potentissima
719 3553 809 3630 prima
831 3559 860 3609 et
885 3565 992 3608 summa
1018 3555 1167 3625 ponantur.
1215 3544 1268 3604 llla

276 3634 351 3690 enim
375 3633 411 3692 ad
433 3633 606 3695 credendum
627 3644 801 3714 praeparant
822 3634 961 3709 iudicem,
988 3630 1062 3692 lraec
1085 3629 1121 3691 ad
1143 3647 1267 3710 pronun·

274 3716 407 3776 tiandum.
