3184 4409
557 481 646 530 mer.
663 481 812 530 oneror.
830 482 898 530 um.
918 482 1012 548 v1,1.
1198 546 1201 551 ¹
1227 471 1287 533 251

246 642 266 682 a
306 643 378 697 ntor
398 632 507 695 babeat
527 633 658 694 omnibus
679 636 718 694 ita
739 635 876 695 delensis.
919 635 973 695 Illa
992 652 1063 695 vero
1078 635 1319 714 iucundissima‚4

246 706 265 765 li
306 719 328 778 si
340 720 491 795 contingat
504 718 620 796 aliquod
635 736 673 777 ex
688 720 855 779 adversario
873 719 980 779 ducere
996 730 1201 795 argumentum,
1219 730 1248 779 ut
1264 723 1288 779 si

246 807 261 848 t
306 801 397 863 deas:
420 801 553 880 Reliquit
566 802 647 863 bunc
659 812 779 880 partem
800 820 933 877 caueae,
955 811 1003 861 aut
1016 804 1134 864 invidio
1148 823 1289 881 premere

249 884 260 930 l
305 886 424 961 putruit,
446 894 495 945 aut
520 887 565 946 od
587 904 699 963 preces
720 887 854 964 confugit
872 887 992 961 merito,
1016 905 1084 946 curu
1104 890 1196 947 sciret
1212 889 1289 948 boec

246 976 253 1011 s.
304 969 429 1034 albuco.
473 969 532 1029 Sed
546 985 603 1028 nou
621 978 686 1028 sunt
705 969 837 1047 singulae
858 971 974 1048 species
995 971 1230 1048 persequendae,
1251 984 1315 1035 nes

246 1056 249 1092 ‘
302 1052 362 1112 sola
379 1053 547 1129 rideantur,
570 1070 644 1131 quae
659 1053 735 1112 lorte
751 1071 826 1112 nunc
847 1052 964 1128 dixero,
985 1071 1049 1112 cum
1072 1055 1243 1112 occasiones
1258 1064 1289 1114 et

301 1153 337 1195 ex
360 1137 459 1196 causis
479 1144 508 1194 et
533 1154 570 1195 ex
592 1136 675 1195 dictis
689 1137 919 1200 adversariorum
940 1145 1026 1195 etex
1047 1135 1213 1213 quibusdam
1228 1137 1286 1196 lor·

298 1219 377 1279 tultis
404 1236 520 1297 quoque
549 1221 684 1280 oriantur.
734 1219 797 1279 Nec
823 1219 976 1279 referenda
1002 1221 1087 1279 modo
1113 1228 1211 1278 nostra
1234 1219 1286 1278 sed

298 1301 500 1381 postulandum
512 1305 596 1362 etiam
609 1303 643 1362 ab
656 1303 840 1379 adversariis,
850 1312 881 1362 ut
893 1303 927 1362 ad
935 1302 1072 1380 quaedam
1082 1302 1284 1382 respondeant.

297 1384 332 1447 Id
346 1395 459 1461 autern,
472 1388 496 1445 si
513 1396 542 1445 et
556 1388 676 1446 actionis
688 1388 833 1465 supererit
848 1388 930 1447 locus
943 1395 971 1445 et
987 1405 1021 1445 ea
1036 1389 1283 1464 proposuerimus,
1296 1397 1312 1451 6

299 1488 376 1549 quae
394 1469 492 1530 relelli
512 1487 569 1529 non
590 1471 711 1548 possint.
755 1470 827 1529 Nam
847 1487 1025 1548 provocare,
1047 1487 1122 1546 quae
1143 1470 1208 1532 inde
1230 1470 1286 1528 sint

298 1555 402 1629 lunia,
428 1570 486 1613 non
508 1555 653 1630 arguentis
678 1562 723 1612 est
742 1553 795 1613 sed
817 1554 967 1613 monentis.
1017 1552 1154 1612 Idunum
1177 1553 1313 1630 epilogi?

298 1654 392 1714 genus
417 1639 511 1696 visum
536 1645 581 1695 est
605 1637 754 1714 plerisque
779 1636 940 1696 Atticorum
967 1645 995 1696 et
1021 1636 1202 1714 pbilosophis
1221 1637 1284 1695 lere

299 1719 497 1797 omuibus3qui
510 1719 545 1778 de
557 1728 618 1780 arte
635 1721 760 1779 oratoria
776 1721 912 1796 scriptum
922 1720 1028 1798 aliquid
1042 1719 1229 1797 reliquerunt.
1252 1719 1285 1782 ld

299 1803 430 1864 sensisse
443 1804 556 1862 Atticos
576 1802 680 1877 credo,
696 1803 761 1881 quia
782 1802 902 1862 Athenis
922 1803 1043 1862 allectus
1061 1820 1178 1862 movere
1201 1804 1285 1863 etiam

298 1904 354 1966 per
377 1903 551 1966 praeconem
581 1885 787 1964 prohibebatur
814 1895 921 1945 orator.
969 1885 1161 1963 Philosopbos
1193 1888 1284 1945 minus

299 1972 403 2047 miror,
420 1971 495 2049 apud
518 1985 591 2048 quos
610 1971 670 2029 vitii
692 1970 758 2029 loco
782 1978 827 2028 est
848 1969 939 2037 allici;
961 1987 1017 2028 nec
1035 1968 1104 2028 boni
1126 1987 1221 2029 mores
1242 1972 1283 2028 vi·

299 2055 418 2130 dentur,
441 2055 514 2113 sica
533 2070 604 2111 vero
626 2053 749 2112 iudicem
763 2054 870 2128 averti,
885 2070 940 2111 nec
958 2054 1112 2111 convenire
1130 2051 1206 2112 bono
1221 2054 1283 2111 viro

297 2139 374 2199 vitiis
388 2138 438 2196 uti.
483 2135 673 2195 Necessarios
694 2145 787 2195 tamen
809 2135 929 2194 allectus
949 2134 1127 2209 fatebuntur,
1149 2137 1174 2194 si
1201 2136 1284 2194 aliter

298 2220 422 2281 obtineri
436 2237 506 2279 vera
528 2228 557 2278 et
571 2221 645 2278 iusta
661 2221 732 2278 etin
747 2235 895 2278 commune
917 2219 1065 2296 profutura
1087 2234 1144 2277 nou
1161 2220 1282 2296 possint.

299 2302 436 2364 ceterum
456 2302 526 2362 illud
546 2304 671 2362 constitit
691 2303 764 2361 inter
785 2319 901 2377 omnes,
922 2303 1006 2360 etiam
1025 2304 1053 2361 in
1074 2302 1137 2362 aliis
1157 2300 1312 2379 partibus&

297 2388 436 2462 actionis,
461 2389 485 2445 si
507 2386 656 2464 multiplex
677 2402 762 2444 causa
783 2387 820 2444 sit
841 2394 870 2444 et
890 2384 1019 2463 pluribus
1039 2388 1212 2461 argumentis
1234 2386 1283 2445 de·

296 2471 398 2546 fenea,
415 2470 523 2529 utiliter
540 2461 796 2545 ἀνακεφαλαίωσιν
818 2468 881 2527 lueri
901 2468 1013 2536 solere;
1037 2470 1213 2528 siout-nemo
1233 2468 1282 2529 du·

297 2553 432 2614 bitaverit
447 2553 548 2612 multas
564 2570 630 2611 esse
653 2570 771 2627 causas,
786 2553 815 2610 in
830 2551 930 2628 quibus
947 2551 1026 2612 nullo
1042 2552 1108 2611 loco
1131 2554 1167 2612 sit
1181 2571 1282 2611 neces·

296 2639 390 2714 saria,
411 2637 437 2695 si
447 2636 552 2695 breves
569 2644 598 2695 et
610 2634 754 2712 simplices
769 2634 883 2694 luerint.
915 2634 995 2694 Haeo
1010 2653 1077 2714 pars
1092 2637 1289 2714 perorationis.

298 2721 462 2782 accusatori
482 2729 662 2798 patronoque
677 2734 821 2796 exaequo
838 2720 993 2777 communis
1008 2727 1062 2778 est.
1285 2732 1288 2735 ·

380 2802 599 2862 dilectibus
623 2819 739 2880 quoque
766 2803 867 2862 iisdem
893 2802 956 2861 lere
977 2810 1106 2876 utuntur,
1137 2802 1190 2862 sed
1218 2802 1309 2866 aliistl

297 2886 344 2947 bic
366 2895 454 2964 atque
474 2886 524 2945 ille
546 2887 661 2963 saepius
674 2902 708 2944 ac
723 2886 831 2960 magis,
846 2902 910 2944 uam
926 2884 993 2944 huic
1005 2885 1150 2944 concitare
1160 2886 1281 2961 iudices,

297 2971 338 3030 illi
358 2969 482 3029 flectere
508 2970 651 3028 convenit.
695 2968 803 3027 Verum
828 2977 857 3026 et
884 2977 1035 3027 accusator
1059 2968 1146 3027 babet
1172 2969 1283 3027 interim

297 3053 431 3113 lacrimas
446 3070 484 3111 ex
504 3053 686 3112 miseratione
713 3053 774 3110 eius
792 3052 852 3126 rei,
872 3068 955 3128 quam
977 3051 1138 3120 ulciscitur;
1163 3059 1192 3110 et
1214 3069 1282 3110 reus

298 3137 333 3196 da
354 3137 521 3212 indignitate
544 3136 701 3195 calumniae
721 3135 940 3210 conspirationis
954 3134 1151 3192 vehementius
1170 3134 1283 3193 interim

298 3222 435 3299 queritur.
479 3219 615 3278 Dividere
631 3220 715 3294 igitur
726 3217 800 3276 baec
815 3217 910 3276 ollicia
926 3217 1192 3292 commodissimum,
1208 3234 1282 3294 quae

297 3305 468 3382 plerumque
484 3311 563 3377 sunt,
582 3311 613 3361 ut
628 3302 700 3375 dixi,
722 3302 872 3379 prooemio
886 3301 988 3360 similia
1002 3300 1054 3359 sed
1070 3300 1204 3359 liberiora
1219 3300 1281 3379 ple·

297 3389 446 3464 nioraque.
490 3385 638 3445 Inclinatio
655 3386 729 3444 enim
745 3384 867 3444 iudicum
882 3384 917 3443 ad
931 3401 984 3442 nos
999 3385 1105 3461 petitur
1119 3385 1198 3459 initio
1217 3402 1281 3462 par·
1290 3385 1323 3436 10

299 3471 375 3546 cius,
389 3488 452 3529 oum
467 3469 573 3529 admitti
590 3471 659 3528 satis
672 3477 716 3528 est
731 3476 759 3527 et
774 3469 866 3530 oratio
882 3476 941 3526 tota
956 3475 1104 3544 superest;
1124 3468 1153 3526 in
1163 3468 1281 3545 epilogo

297 3571 369 3614 vero
388 3562 448 3629 est,
471 3553 585 3631 qualem
604 3554 722 3612 animum
744 3552 831 3611 iudex
850 3552 879 3610 in
899 3549 1048 3609 consilium
1068 3551 1159 3628 ferat,
1182 3552 1282 3610 etiam

298 3639 368 3698 nibil
389 3637 509 3715 amplius
531 3636 633 3695 dicturi
653 3652 766 3710 sumus,
793 3652 848 3693 nec
874 3642 979 3710 restat,
1008 3650 1065 3712 quo
1089 3650 1280 3694 reseruemus.

300 3719 354 3782 Est
372 3723 457 3800 igitur
476 3720 607 3800 'utrisque
630 3736 793 3794 commune,
817 3717 973 3780 cormiliare
994 3718 1064 3796 sibi,
1087 3727 1220 3779 avertere
1246 3715 1322 3779 abll
