3184 4409
352 465 392 527 32
664 477 701 525 n.
716 477 795 525 nnn.
812 467 1030 537 omnnnnnnn'n

309 641 396 696 38est
412 634 508 706 enim,¹
518 633 565 709 qui
580 640 675 708 negat.
713 630 853 704 Quantum
868 629 1036 710 acceperit?
1058 649 1093 691 an
1108 631 1288 693 reddiderit?
1309 651 1341 694 an

351 718 495 793 protinus,
515 716 562 792 qui
574 732 630 773 non
640 715 778 790 reddidit,
794 717 921 791 ingratus
937 714 993 775 sit?
1012 733 1047 774 an
1060 718 1188 794 potuerit
1199 714 1340 776 reddere?

351 817 386 858 an
410 799 454 874 id,
479 799 554 877 quod
582 798 770 874 exigebatur,
798 797 952 859 debuerit?
975 817 1031 877 quo
1054 800 1146 859 animo
1172 797 1230 858 sit?
1275 803 1339 860 Sim·

350 884 487 960 plioiores
513 883 580 942 illae
604 884 734 941 iniusti
755 882 924 960 repudii,
951 883 1003 942 sub
1019 901 1074 961 qna
1090 884 1158 959 lege
1177 894 1338 943 controver·

350 969 410 1026 siae
427 967 495 1026 illud
510 966 657 1044 proprium
672 965 795 1039 habent,
813 966 889 1043 quod
904 984 920 1026 a
935 976 1017 1044 parte
1034 968 1196 1026 accusantis
1213 967 1338 1026 defensio

308 1061 395 1118 39est
416 1060 445 1109 et
466 1049 646 1110 defendentis
664 1053 820 1109 accusatio.
863 1049 1034 1125 Praeterea,
1059 1069 1122 1111 cum
1140 1052 1204 1127 quis
1230 1053 1337 1111 ratio·

349 1153 423 1192 nem
446 1136 575 1193 mortis
602 1135 630 1190 in
652 1134 758 1191 Senatu
781 1134 891 1209 reddit,
910 1133 958 1192 ubi
976 1152 1030 1193 una
1046 1137 1177 1212 quaestio
1197 1143 1244 1192 est
1265 1136 1335 1207 iuris,

351 1221 396 1278 An
416 1219 440 1275 is
465 1219 576 1278 demum
598 1216 793 1294 prohibendus
816 1219 869 1293 sit,
897 1218 945 1295 qui
960 1220 1031 1276 mori
1044 1219 1120 1292 vult,
1142 1227 1174 1276 ut
1193 1235 1227 1276 se
1251 1218 1337 1295 legun

349 1303 508 1378 actionibus
522 1301 680 1368 subtrahat;
699 1309 797 1360 cetera
813 1301 967 1378 qualitatis.
1005 1300 1162 1377 Finguntur
1177 1310 1206 1361 et
1223 1309 1336 1360 testa·

348 1395 481 1461 menta,
508 1388 536 1444 in
562 1384 663 1462 quibus
688 1384 724 1443 de
748 1385 811 1443 sola
833 1395 1001 1462 quaeratur,
1026 1394 1056 1443 ut
1080 1387 1108 1443 in
1134 1387 1336 1457 controversia,

350 1490 432 1548 quam
460 1488 546 1547 supra
571 1469 706 1546 exposui,
737 1470 842 1545 inqua
872 1469 908 1527 de
938 1478 1019 1546 parte
1045 1469 1206 1547 patrimonii
1233 1477 1335 1548 quarta,

350 1573 432 1631 quam
454 1563 537 1630 pater
559 1553 724 1628 dignissimo
744 1570 782 1610 ex
803 1552 869 1611 liliis
891 1553 1065 1631 reliquerat,
1085 1552 1261 1613 contendunt
1283 1551 1334 1630 plri-

349 1637 504 1714 losopbus,
525 1637 668 1709 medicus,
682 1644 789 1694 orator.
824 1634 908 1709 Quod
923 1636 997 1695 idem
1012 1637 1131 1712 accidit,
1148 1638 1172 1694 si
1183 1635 1279 1695 orbae
1293 1653 1334 1694 nu·

348 1723 423 1798 ptias
446 1721 569 1779 indicant
584 1737 668 1796 pares
684 1721 791 1795 gradu,
817 1729 845 1778 et
861 1721 885 1778 si
901 1723 974 1778 inter
991 1721 1171 1798 propinquos
1185 1720 1222 1779 de
1238 1721 1333 1779 idoneo

306 1813 510 1883 loquaeratur.
556 1803 614 1862 Sed
628 1821 683 1863 nec
700 1820 800 1861 omnes
812 1803 879 1862 mihi
895 1806 1033 1882 persequi
1051 1805 1185 1862 materias
1203 1806 1232 1862 in
1252 1804 1333 1862 animo

348 1897 409 1962 est,
430 1887 497 1964 tingi
518 1889 591 1946 enim
611 1887 703 1946 adhuc
726 1897 861 1965 possunt;
883 1907 938 1946 nec
959 1904 1059 1946 omnes
1081 1905 1178 1947 earum
1198 1895 1331 1964 quaestio·

346 1990 416 2046 nes,
434 1974 499 2049 quia
514 1971 704 2049 positionibus
719 1981 871 2030 mutantur.
914 1971 977 2030 lloc
993 1980 1099 2030 tanturn
1114 1972 1256 2045 admiror,
1279 1969 1330 2030 Fla·

346 2074 427 2130 vum,
449 2057 529 2114 ouius
544 2055 618 2135 apud
635 2074 680 2114 me
696 2073 803 2114 summa
818 2065 862 2114 est
878 2055 1051 2130 auctoritas,
1071 2073 1134 2115 oum
1151 2063 1243 2113 artem
1258 2053 1329 2114 solo·

347 2140 393 2199 lae
411 2149 516 2199 tantum
532 2149 735 2218 componeret,
755 2149 812 2198 tam
827 2149 948 2217 anguste
960 2140 1105 2198 materiam
1123 2137 1269 2216 qualitatis
1284 2145 1328 2195 ter·
1353 2180 1355 2182 -

347 2242 480 2283 mirasse.
1132 2271 1135 2275 .

305 2323 333 2373 ll
430 2306 624 2381 Quantitas
647 2323 781 2384 quoque,
804 2305 926 2381 uldini,
950 2306 1059 2366 etiamsi
1075 2322 1132 2364 non
1147 2322 1266 2383 semper
1281 2303 1328 2382 ple·

347 2410 466 2468 rumque
487 2401 581 2450 tamen
602 2391 695 2450 eidem
717 2390 864 2464 subiacet,
898 2408 950 2448 seu
975 2389 1051 2448 modi
1073 2398 1118 2448 est
1143 2407 1195 2448 seu
1223 2384 1329 2447 numeri.

347 2477 404 2534 Sed
425 2476 524 2533 modus
547 2475 699 2551 aliquando
721 2483 833 2532 constat
853 2475 1051 2532 aestimatione
1070 2474 1153 2546 lacti,
1178 2481 1282 2550 quanta
1303 2468 1332 2526 sit

347 2559 447 2635 culpa,
473 2568 642 2636 quantumve
666 2557 850 2624 beneficium;
887 2557 1041 2635 aliquando
1067 2558 1144 2630 iure,
1171 2575 1236 2614 cum
1263 2553 1332 2614 idio

347 2644 572 2700 controversiam
594 2644 688 2716 venit,
713 2660 768 2718 qua
784 2643 847 2718 quis
868 2639 937 2717 lege
955 2640 1112 2718 puniendus
1130 2639 1179 2698 vel
1201 2639 1332 2698 honoran-

304 2727 398 2786 dtdus
421 2727 466 2783 sit.
516 2726 668 2802 Stuprator
693 2726 793 2785 decem
819 2725 896 2783 milia
918 2726 987 2784 dare
1008 2723 1129 2799 debeat,
1152 2740 1226 2800 quae
1250 2733 1334 2800 poena

347 2811 412 2868 lruic
431 2809 538 2867 crimini
556 2811 707 2867 constituta
729 2815 790 2876 est3
817 2827 867 2882 an,
886 2810 951 2885 quia
968 2816 1111 2886 stupratus
1128 2825 1160 2866 se
1183 2803 1334 2884 suspendit,

348 2895 442 2970 capite
458 2894 550 2970 puniri
568 2902 699 2970 tanquam
716 2911 802 2952 causa
817 2888 937 2951 mortis?
981 2890 1045 2965 Quo
1061 2894 1088 2950 in
1111 2909 1223 2966 genere
1241 2889 1334 2948 fallun-

346 2987 408 3052 tur,
440 2978 487 3053 qui
516 2978 554 3034 ita
580 2977 691 3054 dicunt,
717 2986 851 3053 tanquam
878 2978 952 3034 inter
976 2975 1045 3034 duas
1067 2976 1151 3052 leges
1180 2982 1334 3050 quaeratur.

346 3061 417 3119 Nam
436 3062 471 3120 de
493 3059 594 3119 decem
613 3060 725 3118 milibus
741 3060 818 3119 nulla
834 3060 1033 3118 controversia
1048 3069 1108 3133 est,
1134 3075 1209 3135 quae
1224 3075 1280 3116 uec
1294 3071 1336 3133 pe·

304 3145 449 3203 docuntur.
487 3145 622 3204 Iudicium
638 3145 780 3218 redditur,
798 3161 833 3201 an
848 3147 914 3202 reu's
931 3160 1018 3209 causa
1033 3145 1070 3201 sit
1088 3143 1198 3201 mortis.
1228 3139 1261 3199 ln
1278 3154 1336 3198 oon·

347 3231 484 3288 iacturam
509 3247 624 3306 quoque
647 3229 746 3286 eadem
771 3229 886 3304 species
909 3227 999 3300 cadit,
1030 3244 1109 3299 cunr,
1138 3233 1283 3302 perpetuo
1309 3238 1338 3279 an

348 3314 548 3388 quinquennali
569 3315 605 3371 sit
628 3313 714 3370 exilio
735 3311 910 3385 multandus,
927 3312 955 3368 in
976 3310 1202 3368 controversiam
1222 3306 1338 3365 venerit.

346 3397 391 3453 An
407 3397 532 3472 prudens
549 3398 665 3456 caedem
682 3397 855 3454 commiserit
867 3396 1022 3471 quaeritur.
1057 3393 1110 3452 llla
1127 3409 1256 3470 quoque,
1272 3404 1339 3468 quae

304 3483 383 3536 44ex
400 3496 518 3537 numero
535 3479 665 3554 ducitur,
682 3479 789 3557 pendet
806 3496 843 3536 ex
858 3479 937 3536 iure:
960 3477 1006 3535 An
1023 3474 1205 3550 Thrasybulo
1228 3477 1340 3551 triginta

347 3563 473 3640 praemia
489 3561 670 3622 debeantur?
691 3572 736 3636 et,
755 3559 826 3620 Cum
841 3561 897 3619 duo
910 3561 989 3619 fures
1001 3561 1150 3638 pecuniam
1163 3558 1340 3627 abstulerint,

345 3647 498 3724 separatim
507 3646 693 3724 quadruplum
703 3647 824 3722 quisque
838 3663 873 3704 an
886 3640 1132 3722 duplumdebeat?
1147 3642 1205 3701 Sed
1215 3643 1263 3701 hic
1276 3657 1340 3719 quo·

346 3749 402 3808 que
413 3730 517 3789 lactum
531 3732 704 3804 aestimatur,
718 3738 853 3788 ettamen
867 3730 910 3787 ius
923 3731 1015 3806 ipsum
1022 3728 1135 3805 pendet
1146 3744 1182 3785 ex
1196 3727 1341 3804 qualitate.
