3184 4409
546 503 635 552 lusu.
649 501 798 552 ORATOR.
810 503 878 551 LIB.
891 503 1013 572 xn,11.
1204 495 1265 554 277

270 659 373 718 simum
388 657 489 717 studiis
506 656 613 733 dicam,
636 657 703 735 quid
719 658 819 716 attinet
835 667 892 717 tarn
906 658 1002 718 multis
1019 661 1115 735 annis,
1139 679 1222 739 quarn
1235 650 1280 723 in'

268 759 353 801 more
369 750 414 800 est
429 739 614 819 plurimorum
629 741 675 818 (ut
690 741 726 800 de
742 740 796 817 his,
814 758 830 800 a
846 741 948 819 quibus
963 761 1064 819 magna
1082 745 1110 802 in
1125 745 1182 804 hoc
1196 764 1264 824 pars

266 825 375 885 aetatis
390 824 560 900 absumitur,
581 825 708 904 taceam)
727 824 913 885 declamitare
934 827 962 885 in
984 827 1084 887 schola
1108 837 1137 887 et
1158 837 1264 889 tautum

269 908 382 969 laboris
396 910 423 967 in
438 906 524 967 rebus
542 908 623 968 falsis
639 925 825 983 consumere,
849 927 913 968 cum
928 913 996 969 satis
1013 912 1049 970 sit
1062 910 1177 970 modico
1193 921 1263 971 tem-

269 1009 346 1072 pore
361 993 512 1068 imaginem
526 993 590 1051 veri
605 991 773 1051 discriminis
790 1000 819 1050 et
835 992 947 1052 dicendi
963 993 1046 1069 leges
1064 993 1264 1072 comperisse?

268 1074 357 1149 Quod
371 1093 429 1135 non
450 1076 533 1150 dico,
555 1077 621 1152 quia
642 1069 678 1134 sit
698 1093 820 1152 unquam
845 1076 997 1136 omittenda
1015 1077 1128 1137 dicendi
1150 1081 1305 1150 exemi-15

267 1161 359 1235 tatio,
381 1159 433 1219 sed
456 1161 520 1237 quia
543 1175 600 1217 non
618 1159 646 1216 in
668 1176 723 1218 nna
738 1161 775 1217 sit
793 1160 854 1218 eius
870 1161 970 1238 specie
987 1161 1262 1222 consenescendum.

268 1239 462 1320 Cognoscere
485 1251 514 1301 et
531 1251 689 1321 praecepta
714 1242 830 1303 vivendi
854 1244 1023 1322 perdiscere
1039 1255 1068 1304 et
1083 1247 1111 1304 in
1128 1246 1193 1304 loro
1208 1264 1263 1306 nos

267 1328 400 1405 experiri
422 1326 580 1404 potuimus,
607 1325 672 1385 dum
695 1325 861 1386 scholastici
884 1346 989 1386 sumus.
1025 1326 1164 1389 Discendi
1189 1331 1261 1390 ratio

266 1409 351 1487 talis,
367 1419 398 1469 ut
413 1428 470 1468 non
483 1409 588 1469 multos
605 1426 695 1469 annos
710 1418 823 1488 poscat.
852 1409 1005 1484 Quaelibet
1023 1413 1098 1472 enim
1113 1431 1150 1472 ex
1166 1414 1201 1472 iis
1217 1431 1262 1472 ar·

265 1493 362 1570 tibus,
384 1511 501 1572 quarum
524 1493 609 1553 habui
632 1495 822 1569 mentionem,
844 1495 874 1553 in
892 1500 1005 1573 'paucos
1027 1495 1118 1556 libros
1133 1496 1262 1556 contrahi

266 1577 362 1646 solet;
385 1578 459 1639 adeo
478 1594 536 1636 non
552 1586 596 1636 est
612 1577 720 1637 inlinito
739 1579 833 1657 spatio
849 1593 883 1637 ac
898 1580 1049 1639 traditione
1067 1597 1151 1658 opus.
1183 1580 1261 1640 Reli·
1320 1590 1323 1594 ’

268 1679 327 1740 qua
343 1671 397 1737 est,
415 1679 488 1739 quae
503 1662 582 1720 vires
598 1663 654 1720 cito
670 1661 755 1737 facit,
773 1680 837 1721 cum
852 1661 931 1736 iecit,
948 1671 1057 1738 tuctur,
1070 1664 1259 1724 consuetudo.

268 1745 377 1806 Rcmm
398 1746 524 1822 cognitio
550 1744 655 1804 cotidie
680 1746 802 1821 crescit,
832 1754 861 1804 et
887 1754 982 1806 tamen
1006 1765 1090 1825 qnam
1111 1747 1303 1808 multoramit

266 1829 307 1889 ad
335 1846 396 1888 eam
418 1829 556 1889 librorum
580 1831 747 1901 necessaria
773 1829 862 1888 lectio
882 1838 943 1905 est,
971 1830 1073 1908 quibus
1099 1840 1147 1891 aut
1165 1849 1262 1891 rerum

266 1913 404 1990 exempla
429 1912 466 1972 ab
489 1912 636 1972 historicis
657 1921 705 1972 aut
725 1912 838 1973 dicendi
864 1913 900 1972 ab
925 1913 1088 1974 oratoribus
1108 1913 1262 1993 petunturi

258 1995 509 2074 *Philosophomm
521 2013 637 2075 quoque
649 1996 902 2074 consultorumque
918 1999 1079 2076 opiniones,
1095 1999 1179 2058 sicuti
1195 1997 1261 2073 alia,

264 2080 391 2140 velimus
407 2081 519 2157 legere,
535 2099 601 2156 nec,
618 2079 694 2158 quod
710 2079 824 2158 quidem
839 2089 947 2157 potest,
964 2083 1066 2145 omnia.
1096 2081 1154 2141 Sed
1170 2080 1261 2140 breve

264 2162 354 2224 nobis
371 2173 483 2241 tempus
500 2181 554 2224 nos
574 2163 704 2223 iacimus.
741 2162 912 2237 Quantulum
932 2167 1006 2224 enim
1021 2166 1121 2224 studiis
1137 2166 1304 2243 imperti-18

265 2244 352 2307 mur?
384 2247 466 2307 Alias
483 2247 569 2308 horas
586 2265 675 2308 vanus
691 2247 831 2308 salutandi
847 2246 941 2329 labor,
960 2249 1031 2308 alias
1047 2249 1141 2309 datum
1156 2248 1260 2308 iabulis

265 2332 374 2407 otium,
398 2331 468 2391 alias
491 2331 674 2409 spectacula,
701 2331 771 2391 alias
790 2332 920 2391 convivia
934 2333 1057 2393 trahunt.
1093 2331 1196 2391 Adiice
1218 2340 1262 2390 tot

264 2433 378 2494 genera
393 2415 509 2476 ludendi
525 2425 554 2476 et
570 2417 696 2475 insanam
712 2417 844 2494 corporis
861 2433 972 2484 curam;
988 2415 1081 2476 trabat
1096 2415 1161 2475 iude
1176 2433 1276 2494 pere·-

265 2500 407 2577 grinatio,
423 2518 505 2578 rura,
526 2499 702 2560 calculorum
717 2501 820 2559 anxiae
836 2499 1055 2575 sollicitudines,
1071 2499 1177 2561 multae
1195 2516 1261 2559 cau·

265 2601 320 2644 sae
340 2582 484 2643 libidinum
506 2592 535 2643 et
556 2585 651 2644 vinum
673 2591 701 2643 et
721 2582 880 2660 flagitiosus
903 2585 977 2643 omni
997 2593 1108 2661 genere
1129 2583 1260 2662 volupta-

263 2677 326 2727 tum
341 2669 463 2735 animns;
487 2685 522 2726 ne
543 2685 582 2735 ea
594 2667 708 2746 quidem
721 2675 851 2745 tempora
867 2668 986 2743 idonea,
1005 2686 1079 2746 quae
1095 2676 1259 2747 supersunt.

267 2750 352 2824 Quae
368 2752 392 2810 si
408 2752 500 2811 omnia
516 2751 616 2811 studiis
633 2752 879 2829 impenderentur:
903 2753 958 2810 iarn
973 2751 1058 2811 nobis
1075 2751 1162 2829 longa
1177 2757 1303 2812 aetas19

269 2844 300 2894 et
323 2833 435 2894 abunde
456 2837 526 2895 satis
551 2835 587 2895 ad
610 2835 776 2895 discendum
797 2837 890 2914 spatia
912 2835 1078 2896 viderentur
1096 2836 1146 2895 vel
1162 2835 1260 2894 diurna

267 2926 375 2977 tantum
391 2916 620 2997 computantibus
634 2928 778 2997 tempora;
794 2928 824 2977 ut
839 2919 907 2979 nihil
922 2929 1036 2995 noctes,
1052 2936 1169 2997 quarum
1184 2916 1260 2976 bona

267 3019 337 3081 pars
352 3003 427 3061 omni
443 3020 543 3062 somno
561 3003 676 3080 longior
691 3012 745 3078 est,
761 3003 937 3063 adiuvarent.
967 3003 1049 3062 Nunc
1065 3009 1261 3081 computamus

268 3101 376 3161 annos,
395 3102 452 3145 uon
467 3085 569 3164 quibus
585 3086 740 3146 studuimus
755 3086 808 3146 sed
823 3087 927 3166 quibus
942 3088 1086 3146 sinimus.¹
1107 3083 1170 3143 Nec
1186 3092 1302 3145 veroho

267 3170 294 3228 si
309 3178 477 3245 geometrae
494 3178 523 3230 et
536 3171 710 3247 grammatici
726 3179 945 3248 ceterarumque
960 3171 1060 3229 artium
1074 3167 1261 3246 professores

268 3271 382 3313 omnem
398 3271 476 3313 suam
491 3255 594 3329 vitam,
618 3252 774 3332 quamlibet
795 3253 882 3331 longa
897 3253 998 3328 fucrit,
1017 3241 1045 3311 in
1060 3251 1180 3328 singulis
1194 3252 1260 3311 arti·

268 3337 323 3397 bus
350 3347 601 3415 consumpserunt,
631 3338 761 3415 sequitur
785 3345 817 3397 ut
842 3338 940 3416 plures
967 3335 1102 3413 quasdam
1128 3336 1202 3394 ritas
1224 3335 1260 3395 ad

268 3420 351 3499 plura
367 3420 504 3481 discenda
520 3422 727 3482 desideremus.
753 3418 857 3499 Neque
873 3421 947 3479 enim
962 3419 1003 3479 illi
1017 3419 1177 3480 didicerunt
1186 3419 1261 3478 haec

268 3522 362 3582 usque
385 3507 413 3563 in
429 3514 608 3581 senectutem
629 3505 681 3564 sed
705 3522 740 3564 ea
763 3504 826 3563 sola
842 3504 978 3564 didicisse
1000 3503 1126 3564 conteuti
1146 3502 1261 3563 inerunt

268 3606 305 3647 ac
320 3597 362 3647 tot
377 3605 468 3647 annos
483 3589 511 3647 in
527 3589 633 3648 utendo
651 3605 707 3647 non
724 3589 753 3647 in
768 3587 959 3666 percipiendo
978 3586 1183 3648 exhauserunt.

355 3669 545 3746 Ceterum,sut
560 3672 596 3732 de
608 3672 734 3732 Homero
748 3681 871 3746 taceam,
887 3672 915 3730 in
930 3689 987 3750 quo
1002 3672 1107 3732 nulllus
1121 3688 1178 3730 non
1193 3667 1302 3733 artism

268 3764 316 3815 aut
334 3772 424 3835 opera
441 3755 572 3835 perfecta
587 3764 635 3817 aut
658 3765 739 3816 certe
754 3772 812 3814 non
827 3755 910 3815 dubia
926 3757 1049 3835 vestigia
1063 3756 1260 3834 reperiuntur3
