3184 4409
327 419 386 481 130
636 427 998 489 nssaournrmmm

320 585 444 660 Cicero,
477 583 537 658 To,
561 586 669 662 inquit,
700 586 768 645 istis
790 584 949 665 faucibus,
976 584 1043 643 istis
1067 583 1240 663 lateribus,
1269 589 1326 648 isto

317 671 505 750 plautatum
530 670 621 729 totius
651 670 802 748 corporis,
815 669 982 747 firmitate.
1015 666 1102 727 Aliud
1129 670 1210 728 enim
1237 674 1325 746 maius

320 755 377 813 alio
399 754 575 832 supervenit.
620 751 658 812 At
679 755 704 812 si
726 755 876 831 coepisset
895 759 988 811 atoto
1005 768 1148 830 corpore,
1169 771 1231 813 non
1251 755 1325 814 hene

320 839 355 897 ad
370 837 460 896 latera
476 838 633 913 faucesque
650 837 853 896 descenderet.
881 835 935 895 Est
950 844 979 895 et
995 835 1066 895 alius
1081 837 1227 915 naturalis
1243 839 1324 914 ordo,

319 930 349 979 ut
368 923 451 982 utros
472 941 511 981 uc
525 923 671 999 femineos,
696 923 776 982 diem
800 939 841 982 uc
855 928 988 995 noctem,
1012 926 1112 980 onum
1131 929 1162 981 et
1179 940 1325 984 occasum

276 1006 398 1071 dedicas
421 1007 516 1090 potius
539 1022 623 1082 quam
644 1013 813 1078 retrorsum.
869 1003 1020 1076 Quaedam
1037 1003 1140 1063 ordine
1158 1015 1324 1082 permutato

319 1090 387 1148 fiunt
407 1095 605 1167 supervacua,
633 1096 663 1147 ut
682 1090 800 1167 fratres
816 1089 947 1168 pontium
979 1105 1042 1146 narn
1058 1088 1081 1145 si
1102 1094 1324 1165 praecesserint

316 1174 445 1251 pomini:
459 1173 575 1252 fratres
593 1171 699 1231 addere
717 1190 774 1231 non
791 1182 837 1233 est
853 1189 987 1230 necesse.
1020 1171 1073 1231 Illa
1090 1172 1178 1232 nimia
1199 1191 1324 1251 quorun·

318 1257 381 1316 dam
404 1256 457 1316 iuit
480 1256 661 1333 observatio,
687 1265 717 1316 ut
739 1255 883 1316 vocabula
902 1256 1016 1331 verbis,
1038 1255 1128 1315 verba
1147 1274 1256 1317 rursus
1279 1259 1324 1319 ad·

317 1340 441 1416 uerhiis,
472 1342 584 1399 nomina
615 1341 755 1418 appositis
783 1349 812 1399 et
839 1338 1053 1418 pronominibus
1083 1349 1185 1400 essent
1213 1343 1323 1419 priora.

276 1436 308 1486 25
316 1425 387 1483 Nam
408 1424 439 1483 iit
457 1433 557 1483 contra
579 1441 695 1502 quoque
716 1424 885 1502 frequenter
905 1441 963 1484 non
984 1423 1133 1483 indecore.
1179 1423 1324 1485 Necnon

319 1518 347 1568 et
362 1508 432 1567 illud
454 1510 556 1568 nimiae
572 1510 802 1586 superstitionis,
824 1509 866 1568 uti
885 1518 1018 1586 quaeque
1033 1509 1089 1567 sint
1108 1517 1266 1586 tempore,
1293 1529 1324 1569 ea

318 1594 417 1652 iacere
436 1594 521 1651 etiam
537 1592 636 1651 ordine
652 1594 765 1670 priora;
792 1609 850 1651 non
867 1592 1117 1670 quintusquenter
1132 1593 1171 1650 sit
1189 1591 1249 1653 hoc
1265 1613 1323 1653 me·

319 1677 388 1753 lius,
405 1675 458 1735 sed
474 1677 539 1754 quia
554 1677 666 1734 interim
681 1676 746 1754 plus
757 1676 855 1736 valent
867 1684 1047 1753 ante-gesta,
1064 1677 1192 1754 ideoque
1205 1677 1323 1738 leviori·

276 1760 371 1840 tpbus
391 1761 614 1838 superponenda
634 1769 709 1819 sunt.
749 1759 850 1820 Verbo
873 1778 989 1819 sensum
1010 1760 1145 1835 cludere,
1170 1761 1282 1838 multo,
1301 1765 1323 1821 si

319 1844 491 1921 compositio
511 1847 649 1922 patiatur,
673 1842 810 1923 optimum
824 1854 878 1904 est.
922 1843 954 1902 ln
968 1843 1066 1903 verbis
1082 1845 1156 1902 enim
1177 1849 1322 1905 sermonis

317 1930 361 1986 vis
384 1936 437 1986 est.
482 1928 513 1987 Si
535 1928 563 1987 id
580 1945 714 2006 asperum
730 1930 800 2004 erit,
823 1929 909 1988 cedet
927 1928 1001 1988 haec
1022 1930 1095 1986 ratio
1117 1931 1266 2005 numeris,
1295 1939 1322 1988 ut

319 2012 349 2071 iit
365 2012 439 2090 apud
456 2030 580 2071 summos
593 2012 721 2072 Graecos
736 2012 911 2091 Latinosque
926 2020 1058 2072 oratores
1073 2012 1320 2090 frequentissime.

319 2097 386 2155 Sine
400 2094 485 2155 dubio
497 2099 552 2156 erit
563 2114 663 2172 omne,
676 2097 753 2174 quod
768 2113 826 2156 non
841 2096 954 2171 eludet,
970 2096 1167 2174 hyperbaton,
1183 2106 1214 2156 et
1228 2098 1321 2176 ipsum

308 2180 374 2240 =hoc
397 2182 471 2240 inter
494 2189 595 2260 tropos
617 2181 666 2240 vel
686 2174 814 2257 figurasJ
830 2199 906 2260 quae
927 2189 992 2239 sunt
1011 2181 1140 2256 virtutis,
1166 2192 1320 2260 receptum

275 2270 309 2324 st
318 2274 371 2324 est.
415 2264 480 2324 Nun
499 2268 572 2324 enirn
592 2265 627 2324 ad
648 2266 738 2343 pedes
758 2264 849 2324 verba
872 2265 999 2324 dimensa
1021 2273 1102 2340 sunt,
1129 2263 1262 2344 ideoque
1285 2284 1320 2325 ex

295 2345 385 2408 'luco
405 2350 614 2409 transferuntur
638 2351 666 2408 in
688 2349 802 2425 lucum,
830 2358 861 2423 ut
888 2350 1053 2426 iungantur,
1078 2365 1135 2426 quo
1157 2359 1320 2426 congruunt

317 2434 449 2492 maxime.
504 2435 585 2497 Sicut
613 2435 641 2491 in
667 2442 810 2492 structura
834 2450 969 2493 sanorum
999 2433 1109 2492 rudium
1137 2434 1225 2493 etiam
1258 2435 1320 2513 ipsa

319 2520 472 2577 enormitas
501 2519 624 2593 invenit,
652 2519 698 2576 cui
721 2517 861 2596 applicari
885 2526 914 2577 et
934 2518 1036 2595 inquo
1058 2517 1151 2595 possit
1170 2518 1319 2578 insistere.

317 2598 513 2660 Felieissimus
531 2611 625 2661 tamen
645 2619 741 2661 sermo
764 2610 828 2678 est,
855 2603 901 2660 cui
927 2610 957 2660 et
981 2610 1080 2660 rectus
1106 2600 1178 2660 ordo
1202 2610 1232 2660 et
1253 2611 1320 2681 apta

317 2685 446 2744 iunctura
475 2694 504 2744 et
531 2704 594 2744 curn
628 2685 671 2744 his
698 2704 832 2753 numerus
860 2694 1022 2764 opportune
1049 2684 1155 2746 cadens
1186 2687 1319 2763 contigit.

275 2773 309 2825 28
317 2766 464 2839 Quaedam
479 2786 550 2827 vero
571 2770 819 2845 transgressiones
837 2778 867 2828 et
889 2769 997 2846 longae
1016 2778 1081 2828 sunt
1096 2770 1193 2845 nimis,
1220 2779 1251 2829 ut
1274 2789 1320 2828 su·

317 2851 481 2928 perioribus
503 2853 623 2912 diximus
640 2853 736 2929 libris,
762 2863 791 2914 et
812 2855 923 2912 interim
944 2855 1028 2912 etiam
1049 2854 1263 2932 compositione
1279 2857 1320 2913 vi·

317 2936 427 3014 tiosae,
451 2954 524 3015 quae
541 2939 568 2995 in
586 2937 643 2995 hoc
658 2939 750 3015 ipsum
764 2947 914 3016 petuntur,
937 2946 969 2996 ut
985 2937 1114 2997 exultent
1129 2946 1217 3015 atque
1233 2938 1320 2997 lasci·

303 3021 408 3079 ¹viant:
436 3021 536 3099 quales
557 3021 624 3080 illae
646 3018 839 3097 Maecenatis,
857 3021 928 3083 Sote
949 3029 978 3082 et
995 3040 1113 3082 aurora
1126 3023 1237 3083 rubent
1247 3023 1320 3100 piu-

316 3105 405 3165 rima.
450 3104 536 3166 Ister
560 3123 656 3166 socru
679 3109 769 3166 mouit
792 3124 876 3185 apuu
897 3107 1050 3185 fructuos.
1099 3103 1146 3166 Ne
1171 3108 1322 3184 exsputus

318 3191 438 3263 quidem
455 3208 534 3251 uuus
553 3191 632 3250 iuter
646 3192 831 3251 miserrimos
844 3191 980 3252 uiderem
1000 3209 1094 3251 meos.
1139 3189 1225 3262 Quod
1245 3192 1322 3250 inter

273 3268 389 3330 29haec
407 3274 561 3350 pessimum
577 3283 637 3349 est,
653 3275 718 3352 quia
735 3275 762 3332 in
777 3292 810 3332 re
826 3275 900 3334 tristi
917 3273 988 3333 ludit
1003 3273 1185 3351 compositio.
1221 3275 1321 3352 Saepe

319 3362 412 3412 tamen
429 3365 473 3414 est
488 3357 644 3416 vehemens
663 3358 766 3434 aliquis
781 3375 884 3416 sensns
902 3359 931 3416 in
944 3357 1054 3432 verbo,
1073 3356 1190 3435 quodsi
1213 3358 1243 3416 in
1259 3370 1320 3417 tne-

318 3437 363 3495 dia
384 3448 467 3514 parte
483 3443 644 3502 sententiae
665 3442 750 3516 latet,
774 3443 897 3500 transire
912 3443 1099 3501 intentionem
1120 3450 1149 3499 et
1166 3438 1321 3501 obscurari

319 3522 587 3582 circumiacentibus
608 3525 698 3592 solet;
734 3527 762 3583 in
788 3524 916 3584 clausula
938 3527 1063 3604 positum
1084 3525 1251 3600 assignatur
1271 3543 1320 3586 au·

318 3603 401 3662 ditori
419 3613 447 3663 et
465 3606 604 3683 infigitur:
626 3609 712 3686 quale
728 3609 798 3668 illud
815 3616 860 3667 est
876 3607 1043 3685 Ciceronis,
1072 3607 1109 3668 Ut
1123 3610 1178 3669 tibi
1190 3606 1323 3671 neeesse

275 3694 310 3748 30
317 3699 395 3751 esset
409 3691 440 3750 in
455 3700 618 3769 conspeetu
631 3693 736 3773 popuii
750 3690 879 3755 Romani
889 3711 1008 3755 comere
1020 3693 1180 3772 postridie.
1211 3692 1321 3753 Trans-
