3184 4409
579 491 1016 559 rusu.oanuon.uro.x1,1.
1231 477 1288 544 193

246 659 248 664 '
291 651 432 709 orationis
458 656 574 707 ornatus
598 649 778 726 maximeque
806 666 843 706 ex
868 645 1035 721 affectibus,
1062 665 1134 724 quos
1150 648 1200 707 illi
1220 630 1313 716 virini.

290 734 397 794 dicunt.
435 730 532 791 Verba
555 748 670 809 quoque
691 733 878 809 exquisitiora
899 739 927 789 et
949 731 1120 807 compositio
1136 750 1289 793 numerosa

289 817 342 876 tali
358 817 509 895 proposito
526 815 649 874 diversa.
679 814 744 875 Nou
761 817 834 874 enim
851 814 915 873 sola
935 815 985 873 illa
1000 814 1137 891 laetiora,
1163 816 1257 893 qualia
1273 828 1332 881 a34

246 894 248 918 ²
291 899 436 960 Cicerone
453 901 592 974 dicuntur,
605 898 695 960 Susa
709 908 800 978 atque
816 899 993 960 solitudines
1007 900 1076 959 coci
1086 903 1289 975 respondent,-

290 986 444 1045 sedetiam
465 984 530 1058 illa,
554 1000 714 1060 quanquam
736 984 822 1062 plena
843 984 1005 1058 sanguinis,
1037 980 1096 1044 Vos
1119 985 1197 1042 enlm
1215 986 1287 1060 iam,

289 1066 405 1130 Albani
414 1069 519 1129 tantali
529 1075 621 1145 alque
632 1069 705 1142 lael,
716 1085 780 1144 uos,
793 1070 926 1145 inquom,
941 1068 1069 1143 imploro
1083 1074 1173 1144 atque
1184 1075 1287 1144 testor,

288 1169 414 1230 cosque,
428 1149 614 1213 Albanorum
628 1151 756 1213 abactae
770 1171 857 1226 arae,
874 1170 1034 1212 sacrorum
1044 1152 1150 1226 pupuli
1159 1150 1290 1212 Romani

291 1238 397 1298 sociae
412 1242 440 1298 et
462 1237 623 1314 aequales,
646 1252 703 1294 nou
723 1237 894 1294 conveniant
913 1234 1021 1293 barbae
1041 1233 1085 1294 illi
1101 1243 1186 1311 atque
1202 1235 1288 1294 tristi-

290 1322 359 1380 tiae.
394 1319 432 1378 ht
448 1321 493 1378 vir
509 1319 601 1380 civilis
618 1337 748 1396 vereque
771 1321 904 1397 sapiens,
928 1320 975 1396 qui
991 1337 1024 1376 se
1040 1335 1096 1376 nou
1112 1320 1213 1377 otiosis
1233 1319 1338 1381 dis-35·

291 1403 486 1482 putationibus
509 1402 560 1462 sed
582 1403 869 1463 administrationibus
884 1404 928 1463 rei
947 1402 1081 1480 publicae
1097 1401 1254 1477 dediderit,
1271 1420 1288 1462 a

291 1506 348 1566 qua
373 1488 539 1563 longissime
565 1489 628 1562 isti,
651 1490 699 1564 qui
722 1487 888 1567 philosophi
913 1495 1066 1561 vocantur,
1092 1495 1287 1561 recesserunt,

291 1573 396 1646 omnia,
416 1589 490 1648 quae
505 1572 540 1630 ad
554 1571 734 1631 alliciendum
748 1574 879 1632 oratioue
892 1572 968 1650 quod
980 1571 1166 1649 proposuerit
1179 1571 1287 1645 valent,

290 1654 416 1715 libenter
432 1655 591 1715 adhibebit:
620 1673 683 1714 curn
698 1657 793 1733 prius,
810 1657 877 1734 quid
893 1657 1044 1715 honesturn
1059 1656 1110 1730 sit,
1125 1655 1244 1714 efficere
1260 1655 1288 1712 iu

291 1742 385 1799 animo
408 1757 460 1799 suo
483 1740 671 1798 constituerit.
715 1738 766 1798 Est
795 1740 872 1818 quod
901 1741 1047 1818 principes
1073 1739 1192 1815 deceat,
1224 1738 1329 1801 aliis36

290 1841 349 1882 nou
366 1826 557 1883 concesseris.
592 1823 797 1902 Imperatorum
817 1842 851 1883 ac
870 1824 1079 1903 triumphalium
1095 1832 1228 1901 separata
1243 1830 1288 1881 est

290 1908 387 1985 aliqua
410 1926 447 1966 ex
468 1917 549 1985 parte
570 1908 643 1966 ratio
666 1907 866 1984 eloquentiae,
898 1909 973 1967 sicut
999 1908 1152 1984 Pompeius
1175 1907 1288 1967 abunde

291 1993 415 2051 disertus
437 2009 532 2050 rerum
553 2008 666 2050 suarum
685 2000 832 2066 narrator,
855 2000 883 2050 et
902 1990 965 2065 hic,
990 1993 1038 2068 qni
1059 1990 1138 2050 bello
1157 1991 1288 2050 civilise

290 2076 452 2150 interfecit,
473 2073 544 2134 Cato
562 2074 702 2152 eloquens
718 2084 835 2134 senator
849 2075 909 2133 luit.
938 2075 1017 2134 idem
1032 2073 1138 2133 dictum
1153 2092 1242 2152 saepe
1260 2075 1328 2140 in37

291 2159 349 2218 alio
366 2158 502 2234 liberum,
526 2160 554 2216 iu
569 2158 796 2234 aliolnriosum,
820 2160 848 2218 in
863 2159 920 2218 alio
936 2156 1090 2236 superbum
1105 2166 1159 2217 est.
1189 2155 1287 2216 Verba

291 2244 431 2302 adversus
448 2243 689 2319 Agamemnonem
711 2242 878 2302 a'l'hersite
901 2241 996 2302 habita
1016 2241 1156 2309 ridentum
1180 2241 1216 2300 da
1239 2240 1287 2300 illa

290 2326 423 2386 Diomedi
440 2327 524 2385 aliive
540 2327 586 2384 cui
602 2328 679 2405 pari:
695 2344 827 2403 maguum
844 2329 965 2386 animum
980 2327 1058 2384 ierre
1074 2343 1144 2403 prae
1159 2343 1192 2383 se
1207 2325 1287 2384 vide·

291 2410 404 2469 buntur.
433 2408 498 2487 Epo
514 2419 543 2469 te
560 2411 710 2472 consulem
724 2419 837 2489 putem,
854 2413 943 2489 inquit
957 2409 987 2468 L.
1005 2408 1127 2469 Crassus
1143 2409 1286 2486 Philippo,
1357 2448 1359 2465 2

293 2513 361 2555 crum
371 2502 404 2554 tu
418 2514 466 2554 me
476 2513 535 2554 non
544 2503 634 2570 putes
645 2498 837 2556 senatorem?
857 2495 924 2554 Vox
936 2495 1159 2553 honestissimae
1171 2492 1286 2552 liberta·

292 2581 343 2644 tis;
360 2595 417 2636 uon
435 2588 528 2637 tamen
546 2579 639 2637 ferres
652 2598 850 2658 quemcunque
863 2581 1014 2639 dicentem.
1038 2576 1133 2654 Negat
1149 2595 1181 2634 se
1193 2577 1329 2652 magnino
1356 2576 1359 2625 i

291 2663 391 2722 iacere
410 2663 511 2741 aliquis
528 2672 692 2741 poetarum,
710 2672 811 2725 atrum
827 2661 945 2725 Caesar
960 2671 1028 2722 ater
1042 2681 1083 2722 an
1099 2662 1188 2722 albas
1202 2661 1287 2721 horno

290 2749 340 2822 alt,
356 2749 479 2815 insania;
503 2756 596 2822 verte,
614 2755 644 2805 ut
659 2747 733 2807 idern
753 2745 862 2808 Caesar
878 2747 914 2806 de
929 2746 979 2806 illo
995 2747 1108 2820 dixerit,
1124 2745 1287 2820 arrogantia

292 2841 345 2891 est.
375 2830 466 2890 blaior
481 2834 510 2890 in
524 2833 657 2910 personis
675 2831 840 2891 observatio
855 2840 900 2890 est
915 2830 990 2909 apud
1002 2831 1128 2906 tragicos
1145 2830 1287 2888 comicos-

293 2933 359 2991 que,
378 2916 472 2974 multis
486 2918 559 2974 enirn
574 2924 689 2975 utuntur
704 2924 734 2975 et
747 2917 844 2974 variis.
869 2914 979 2975 Eadem
995 2924 1144 2988 eteorum,
1163 2913 1210 2989 qui
1223 2927 1286 2970 ora·

293 3000 386 3056 tiones
408 3000 471 3059 aliis
493 2997 674 3074 scribebant,
696 2999 748 3059 init
768 3001 841 3058 ratio
858 3008 888 3058 et
902 2998 1120 3058 declamantium
1136 3005 1190 3055 est.
1222 2992 1287 3051 Nou

294 3083 368 3140 euim
380 3101 496 3161 semper
507 3093 537 3142 ut
549 3083 681 3142 advocati
692 3083 744 3143 sed
757 3082 927 3161 plerumque
936 3091 967 3141 ut
978 3082 1140 3158 litigatores
1155 3079 1285 3139 dicimus.

376 3165 482 3225 Verum
502 3169 585 3226 etiarn
601 3168 629 3224 in
650 3165 693 3224 his
712 3168 823 3242 causis,
847 3161 949 3244 qiribus
970 3166 1160 3238 advocamur,
1188 3161 1330 3222 eademne

293 3248 454 3308 differentia
476 3251 629 3328 diligenter
651 3258 696 3308 est
717 3245 925 3311 custodienda(
945 3249 1055 3309 litimur
1077 3250 1150 3308 euim
1170 3245 1286 3304 lictione

292 3350 479 3410 personarum
493 3343 523 3393 et
537 3334 618 3393 velut
633 3349 685 3392 ore
705 3334 799 3396 alieno
818 3335 975 3413 loquimur,
999 3334 1141 3410 dandique
1158 3337 1223 3389 suut
1240 3329 1285 3401 iis,

293 3416 395 3494 quibus
419 3434 522 3476 vocem
547 3417 809 3496 accommodamus,
835 3420 879 3479 sui
904 3435 1011 3478 mores.
1039 3417 1133 3476 Aliter
1157 3413 1231 3474 euim
1254 3411 1285 3470 P.

293 3499 411 3560 Clodius
436 3501 518 3560 aliter
539 3500 651 3579 Appius
673 3499 803 3581 Caecus,
824 3504 909 3564 aliter
926 3496 1108 3562 Caecilianus
1128 3499 1179 3560 ille
1201 3495 1288 3556 aliter

292 3584 479 3644 Terentianus
495 3593 579 3663 pater
595 3585 718 3663 lingitur.
746 3584 819 3658 Quid
835 3588 966 3664 asperius
981 3588 1085 3647 lictore
1099 3584 1215 3643 Verris:
1250 3576 1287 3639 Ul

291 3672 399 3745 adeas,
416 3677 531 3730 tautum
544 3671 655 3730 dubis?
681 3668 754 3751 Quid
765 3674 868 3733 lortius
881 3670 944 3745 illo,
961 3673 1041 3731 cuins
1057 3672 1130 3729 inter
1146 3669 1209 3747 ipsa
1223 3660 1330 3721 ver-40

292 3753 392 3814 berum
408 3755 550 3832 supplicia
572 3757 627 3814 uua
641 3771 700 3814 nox
717 3757 901 3817 audiebatur:
925 3753 1008 3818 Ciuis
1026 3754 1180 3816 Romnum
1198 3746 1287 3811 snat-²

333 3837 582 3908 u.r.ou1ur1u.‘ll.
1071 3836 1112 3896 ib
1167 3859 1185 3880 x
