3184 4409
554 507 644 557 rnsr.
658 507 971 576 onnron.1.11s.v,9.
986 511 1027 561 ro.
1223 501 1283 563 203

293 677 324 729 et
334 664 477 725 'venalicii
493 671 522 722 et
538 662 705 741 cmditatis)
729 673 758 723 et
778 664 881 724 vulnus
903 666 932 724 in
953 675 1074 744 pectore
1090 686 1140 728 sua
1155 687 1238 729 manu
1256 679 1285 729 at

293 752 391 812 aliena
412 750 525 827 perisse
547 747 724 822 dicentihuS‚
750 750 778 807 in
803 765 859 826 quo
876 758 929 808 est.
974 749 1055 811 llaec
1069 754 1189 830 proinde
1206 755 1285 813 iirma

292 835 437 896 habentur
451 841 537 909 atque
557 833 738 891 extrinsecus
754 832 929 891 adiuvantur.

380 917 487 979 Eomm
504 923 613 988 autem,
633 932 707 992 quac
723 917 805 992 signa
820 925 884 975 sunt
901 915 1014 994 quidem
1029 917 1081 978 sed
1096 936 1152 978 non
1167 921 1223 979 sint
1237 939 1286 981 ne·
1294 937 1327 989 12

295 1002 441 1075 cessaria,
465 1016 556 1075 genus
578 997 771 1076 Hermagoras
792 1008 887 1077 putat,
916 1016 984 1058 non
1004 1019 1089 1060 esse
1109 1005 1287 1080 virginem

294 1085 521 1155 Atalantam,
543 1083 626 1159 quia
647 1101 721 1142 cum
742 1083 934 1143 iuvenibus
958 1101 1022 1161 per
1043 1086 1160 1145 silvas
1176 1106 1284 1163 vage·

293 1181 364 1230 tur.
395 1167 479 1241 Quod
494 1167 518 1225 si
534 1168 746 1244 receperimus,
761 1184 883 1250 vereor,
899 1185 936 1226 ne
955 1169 1047 1227 omnia
1066 1187 1139 1246 quae
1155 1189 1192 1229 ex
1208 1171 1286 1231 iacto

294 1255 454 1326 ducuntur,
476 1252 558 1326 signa
580 1250 726 1309 iaciamus.
765 1251 874 1310 Eadem
896 1261 990 1310 tamen
1012 1255 1122 1313 ratione
1135 1273 1190 1332 qna
1205 1256 1285 1331 signa

294 1344 464 1398 tractantur.
491 1333 553 1392 Neo
565 1333 632 1392 milri
643 1332 776 1393 videntur
787 1334 996 1412 Areopagitae,
1013 1355 1076 1396 cum
1093 1339 1287 1398 damnaverint
1295 1353 1328 1405 13

295 1438 417 1500 puerum
434 1418 610 1478 coturnicum
625 1417 728 1477 oculos
744 1428 908 1494 eruentem‚
930 1419 1004 1479 aliud
1023 1421 1181 1495 iudicasse,
1204 1440 1287 1500 quam

295 1505 325 1566 id
348 1505 459 1581 signnm
479 1519 546 1560 esse
568 1502 829 1578 perniciosissimae
849 1505 950 1562 mentis
971 1503 1123 1582 multisque
1143 1505 1219 1565 malo
1244 1505 1286 1564 iu·

297 1599 396 1662 turae,
419 1587 443 1645 si
464 1584 650 1645 adolevisset.
690 1585 771 1645 Unde
795 1587 890 1664 Spurii
912 1585 1009 1647 llaelii
1026 1587 1174 1667 llarchue
1190 1589 1286 1649 llanlii

297 1671 476 1751 popularitas
498 1671 609 1745 signum
629 1668 754 1729 affectati
771 1671 854 1746 regni
870 1679 916 1729 est
933 1673 1131 1732 existimatum.
1164 1674 1330 1738 sedne-14

297 1772 384 1830 reor,
404 1771 440 1813 ne
461 1753 549 1830 longe
571 1753 684 1812 nimium
704 1770 757 1812 nos
775 1753 860 1814 ducat
875 1753 947 1814 haec
962 1757 1018 1814 via.
1060 1756 1131 1816 Nam
1148 1760 1172 1816 si
1190 1766 1235 1816 est
1250 1758 1287 1816 si·

298 1857 385 1916 gnum
399 1836 548 1898 adulterae
566 1836 654 1896 lavari
670 1854 734 1896 cum
750 1838 838 1896 viris:
856 1839 910 1897 erit
928 1848 956 1897 et
973 1841 1127 1900 convivere
1144 1860 1207 1900 cum
1219 1841 1287 1901 ado·

297 1921 491 1996 lescentihus,
513 1921 616 1980 deinde
642 1921 726 1979 etiam
747 1920 922 1980 familiariter
942 1923 1061 1983 alicuius
1084 1926 1205 1984 amicitia
1231 1927 1287 1991 uti;

296 2017 346 2067 ant
360 2007 486 2065 sortasse
502 2021 608 2082 corpus
630 2003 758 2079 vulsum,
780 2004 901 2064 fractum
921 2005 1079 2082 incessum,
1100 2017 1211 2067 vestem
1227 2027 1287 2066 mu-

296 2090 419 2151 liebrem
441 2090 546 2149 dixerit
567 2087 661 2147 mollis
685 2096 714 2146 et
738 2105 837 2165 parum
862 2090 916 2147 viri
931 2090 1029 2165 signa,
1051 2093 1075 2150 si
1093 2092 1137 2150 cui
1155 2092 1234 2167 (cum
1250 2093 1287 2149 si·

296 2193 383 2254 gnum
394 2174 422 2233 id
434 2173 551 2251 proprie
564 2173 611 2246 sit,
627 2170 703 2249 quod
719 2189 756 2230 ex
772 2188 819 2246 eo,
833 2171 868 2231 de
884 2189 941 2249 quo
954 2175 1109 2250 quaeritur,
1130 2183 1223 2233 natum
1235 2173 1287 2232 sub

296 2258 402 2319 oculos
428 2257 527 2334 venit)
542 2265 581 2315 ,nt
605 2256 722 2331 sanguis
744 2272 760 2314 a
783 2255 892 2330 caede,
920 2257 959 2315 ita
982 2257 1031 2316 illa
1054 2275 1091 2316 ex
1114 2258 1288 2334 impudicitia

295 2342 388 2403 lluere
411 2340 570 2399 videantur.
617 2339 659 2398 Ea
677 2355 792 2416 quoqne
811 2357 899 2416 quae,
917 2341 981 2416 qnia
1001 2340 1170 2418 plerumque
1188 2340 1330 2409 obser-15

295 2435 363 2486 vata
380 2433 462 2499 aunt,
483 2423 571 2500 vulgo
595 2425 675 2500 signa
696 2423 865 2498 creduntur,
887 2432 917 2483 ut
937 2426 1141 2502 prognostica,
1170 2424 1287 2484 Vento

295 2509 405 2570 rubet
424 2525 536 2567 aurea
556 2506 704 2566 Phoebe
727 2515 756 2565 et
774 2505 1032 2586 Cornixplena
1049 2508 1206 2586 pluviam
1225 2525 1287 2566 vo·

296 2601 356 2654 cat
380 2591 545 2670 improba
565 2608 674 2665 voce,
696 2591 721 2648 si
744 2608 846 2649 causas
869 2609 905 2649 en
921 2592 1057 2668 qualitate
1073 2591 1150 2652 coeli
1164 2593 1286 2667 trahunt,

297 2695 367 2737 sane
381 2678 421 2735 ita
433 2674 625 2754 appellentur.
656 2673 727 2732 Nam
742 2676 766 2733 si
781 2683 869 2733 vento
885 2674 968 2734 rubet
985 2675 1066 2736 luna:
1084 2672 1200 2753 signum
1210 2677 1287 2734 venti
1297 2690 1330 2744 16

299 2770 344 2821 est
360 2759 459 2820 rubor.
492 2758 584 2832 Etsi,
607 2767 637 2816 ut
664 2757 737 2816 idem
760 2767 848 2836 poeta
871 2758 993 2835 colligit,
1014 2760 1149 2819 densatus
1168 2769 1196 2819 et
1212 2759 1289 2819 laxa·

298 2853 344 2903 tus
359 2861 411 2904 aer
427 2842 507 2917 facit,
525 2851 555 2900 ut
570 2844 606 2901 sit
621 2841 686 2902 inde
706 2841 756 2901 ille
777 2844 871 2900 avium
895 2852 1069 2903 concentus:
1091 2843 1166 2903 idem
1183 2845 1289 2902 sentie-

298 2945 371 2987 mus.
411 2927 482 2987 Sunt
500 2935 594 2985 autem
609 2927 690 3002 signa
707 2927 791 2984 etiam
807 2942 895 3002 parva
910 2944 1091 3003 magnorum,
1109 2937 1140 2986 ut
1154 2927 1203 2987 vel
1218 2926 1290 2987 haec

298 3013 362 3090 ipsa
377 3011 495 3078 cornix;
513 3028 576 3069 nam
594 3011 701 3068 maiora
716 3010 854 3069 minorum
870 3027 952 3087 esse,
969 3028 1053 3070 nemo
1067 3012 1193 3070 miratur.

654 3162 698 3212 DE
721 3161 940 3212 ARGUMENTlS.

382 3257 419 3319 X.
449 3258 532 3319 Nunc
549 3258 585 3319 de
601 3259 836 3336 argumentis.
863 3258 932 3329 ¹lloc
950 3260 1023 3318 enim
1035 3259 1148 3317 nomine
1164 3257 1291 3335 comple·

297 3345 402 3403 ctimur
416 3345 525 3419 omnia,
548 3360 622 3421 quae
635 3343 737 3403 Graeci
757 3337 966 3421 ἐνθυμήματα,
983 3335 1201 3420 ἐπιχειρήματα,
1217 3338 1289 3405 ἀπο-

297 3427 399 3501 δείξεις
416 3436 533 3501 vooant‚
556 3444 715 3505 quanquam
735 3427 811 3504 apud
831 3426 898 3486 illos
914 3435 958 3484 est
975 3424 1071 3502 aliqua
1089 3424 1189 3488 horum
1203 3428 1291 3484 nomi·

295 3529 364 3570 num
375 3510 546 3585 differentia,
564 3511 673 3570 etiamsi
688 3512 732 3568 vis
748 3511 852 3569 eodem
867 3509 929 3568 lere
942 3508 1040 3568 tendit.
1072 3507 1143 3568 Nam
1164 3509 1291 3584 enthy-

295 3610 408 3654 mema
434 3594 533 3672 (quod
562 3611 615 3658 nos
646 3602 839 3654 commentam
860 3611 929 3653 sane
951 3601 998 3652 aut
1020 3595 1292 3654 commentationem

295 3678 531 3757 interpretemur,
550 3679 616 3757 quia
631 3677 714 3738 aliter
729 3694 786 3737 non
807 3693 968 3754 possumus,
987 3674 1098 3737 Graeco
1116 3676 1217 3736 melius
1234 3677 1290 3754 uti)

296 3778 384 3822 unum
410 3761 716 3838 intellectum-hahet,
742 3777 799 3841 quo
822 3762 916 3822 omnia
934 3768 1033 3824 menta
1050 3760 1300 3842 conceptasiqm·
