3184 4409
316 437 388 507 200'
630 406 990 516 musmounrnmnm
1107 532 1109 536 Ι

315 613 351 674 ad
371 610 481 685 bellum
497 610 550 671 scd
566 609 605 673 ad
621 608 792 673 humentem
807 608 1013 685 coemendum,
1026 609 1083 686 nit,
1102 616 1139 671 ut
1156 608 1304 689 primuni

315 699 418 770 cuerit,
434 714 450 755 a
465 694 593 773 partibus
605 690 783 762 incessisse;
798 690 941 772 Ligarium
952 701 982 777 et
994 710 1221 773 perseverasse
1231 703 1305 755 etna

314 797 368 859 pro
389 776 441 839 Gn.
462 779 618 857 Pompeio,
641 779 716 839 inter
735 796 821 857 quem
841 786 871 839 et
887 775 1043 839 Gaesarem
1061 777 1221 855 dignitstis
1242 776 1306 841 ised

314 864 477 939 contentio,
494 880 557 921 cum
572 861 682 923 salvam
696 870 819 940 uterque
832 879 895 923 rem
909 860 1054 941 publicam
1068 862 1187 940 vellet,
1204 862 1307 943 sedp't

271 947 383 1013 sulaha
397 956 485 1024 atquc
499 945 579 1005 Afris
601 947 801 1009 inimicissimis
821 944 931 1025 populo
949 942 1079 1005 Romarm
1095 947 1240 1019 entius.
1272 940 1307 1007 ta

314 1041 407 1091 terum
423 1029 473 1090 vel
490 1026 654 1095 facillimum
669 1038 731 1106 est,
752 1029 792 1089 ihi
814 1029 942 1097 alienam·
959 1028 1073 1107 culpam
1092 1030 1259 1106 innume,
1275 1026 1317 1089 ri·

314 1116 414 1176 lateris
431 1123 517 1174 tuam.
547 1112 655 1175 Verum
675 1113 704 1173 id
725 1115 780 1172 ianr
794 1112 896 1175 iudicis
917 1112 1035 1183 estnon
1051 1115 1181 1177 actorh.
1215 1106 1311 1191 Quodn

313 1198 393 1260 nulla
416 1199 555 1274 contingit
582 1198 750 1259 excusatio:
776 1196 842 1257 sola
865 1196 995 1259 colorem
1016 1194 1312 1277 hahet-poenitentis

313 1285 413 1344 Potest
428 1283 502 1342 euim
522 1281 615 1342 videri
630 1284 699 1345 satis
717 1281 901 1358 emendatus,
923 1281 972 1358 qui
987 1281 1016 1341 in
1030 1280 1133 1341 odium
1149 1298 1274 1358 corun,
1293 1280 1314 1341 ἰ

270 1366 414 1446 &aquibus
430 1375 588 1441 erraverat,
602 1366 667 1444 ipse
682 1383 840 1425 conversus
855 1373 909 1425 eat
931 1365 1003 1425 Sunt
1016 1364 1091 1425 onim
1106 1382 1314 1445 mesae-pune

314 1451 394 1526 dam,
410 1468 485 1529 quae
500 1447 557 1510 hoc
572 1458 672 1509 natura
686 1451 749 1527 ipsa
765 1449 809 1508 rei
827 1466 886 1511 non
899 1448 1040 1509 indecens-
1051 1448 1184 1511 iaciant:
1203 1458 1244 1523 ‚pt
1261 1465 1315 1511 cu

312 1543 397 1615 pater
412 1552 450 1593 ex
464 1533 617 1594 meretrice
631 1542 737 1609 natum,
756 1532 834 1612 qnod
849 1533 963 1595 duxerit
977 1532 1168 1595 meretricem
1183 1536 1213 1595 in
1226 1534 1316 1595 mhi

312 1618 452 1692 monium,
477 1616 600 1677 ahdicat
640 1617 823 1679 Scholastica
843 1617 962 1679 materis
985 1616 1139 1694 sednon,
1166 1634 1246 1699 qnae
1266 1634 1316 1683 u

313 1703 408 1780 possit
430 1700 574 1760 accidere.
603 1699 657 1760 llic
678 1702 765 1778 igitur
785 1700 873 1761 mnltn
887 1717 946 1761 non
964 1698 1137 1761 deformiter
1155 1703 1253 1765 dicet:
1273 1700 1316 1763 vel

314 1784 391 1864 quod
412 1786 535 1844 omniurn
554 1785 592 1844 sit
605 1794 703 1844 votum
718 1794 884 1864 parentum,
904 1793 936 1845 ut
950 1782 1139 1851 honestiores
1160 1802 1252 1865 quarn
1265 1786 1315 1847 ri!

313 1868 369 1946 ipsi
380 1866 488 1927 liberos
498 1867 633 1944 habeant,
650 1868 731 1947 (narn
742 1878 781 1944 et,
797 1868 977 1945 cillianus,
994 1868 1136 1929 meretrix
1148 1886 1216 1929 enm
1228 1878 1314 1933 meter

312 1951 445 2031 pudicam
460 1969 528 2011 esse
542 1951 699 2032 voluisset)
714 1952 764 2012 vel
779 1951 858 2031 qnod
870 1950 1002 2013 humilior
1015 1954 1080 2031 ipse
1101 1952 1211 2030 inerit,
1234 1954 1312 2033 (liae

313 2037 387 2096 enim
401 2035 459 2097 hoc
474 2036 588 2115 dicere)
604 2035 652 2095 vel
668 2036 745 2114 quod
760 2054 817 2096 non
833 2034 965 2099 hahuerit
978 2044 1089 2117 patrem
1103 2037 1154 2116 (pri
1166 2046 1311 2104 thamnae

270 2122 379 2199 saquin
394 2137 430 2179 eo
446 2121 537 2179 minus
551 2121 580 2179 id
596 2119 757 2180 laciendum
771 2120 831 2181 lilio
844 2119 960 2198 ¹inisse,
983 2138 1021 2181 ne
1035 2130 1196 2182 renovaret
1215 2121 1308 2183 dnn

312 2204 453 2283 pudorem
476 2213 505 2263 et
531 2203 721 2282 exprobraret
743 2207 818 2282 patri
841 2205 971 2283 nuptias,
998 2204 1081 2265 matri
1102 2205 1215 2282 prioris
1239 2206 1308 2265 vitre

312 2289 529 2357 necessitatem
556 2306 593 2347 ne
614 2287 737 2366 denique
756 2288 854 2366 legem
874 2288 1014 2366 quandam
1033 2289 1092 2347 suis
1110 2284 1306 2367 quoque-suh

312 2372 378 2432 inde
401 2371 500 2432 liberis
522 2372 612 2432 daret.
647 2369 800 2432 Credibilis
813 2372 877 2432 -erit
893 2375 978 2433 etiarn
991 2373 1108 2451 propria
1126 2373 1308 2451 quaedamis

312 2456 361 2516 illa
378 2457 531 2515 meretrice
549 2455 710 2534 turpitudo,
730 2473 814 2534 quam
828 2473 904 2516 nunc
919 2455 965 2515 hic
979 2465 1063 2535 pater
1075 2455 1157 2515 icrre
1173 2472 1234 2517 non
1247 2472 1307 2537 pur

313 2542 359 2599 sit.
402 2539 468 2599 Alia
497 2548 663 2618 praetereo.
707 2539 810 2619 Neque
837 2541 912 2599 enim
935 2557 1009 2600 nnnc
1036 2537 1307 2601 declamemus-sed

313 2623 505 2699 ostendimus,
532 2641 730 2701 nonnunquam
754 2641 845 2703 posse
869 2623 1010 2684 dicentem
1031 2623 1101 2701 ipsis
1121 2623 1307 2685 incommodis

369 2725 385 2764 e
432 2725 450 2764 1.
991 2751 993 2757 .
1236 2754 1239 2759 .

269 2706 367 2852 {siben
392 2716 702 2868 discurreremus,
724 2760 772 2852 udri
794 2793 858 2871 quis
880 2789 1011 2872 pudenda
1032 2790 1179 2869 queritur,
1202 2799 1236 2851 ut
1254 2799 1307 2853 str-

312 2893 410 2953 prum,
431 2876 589 2953 praecipue
605 2877 633 2933 in
651 2875 792 2951 maribus,
814 2884 862 2936 aut
881 2893 915 2936 os
929 2876 1117 2955 massuetum.
1143 2873 1217 2936 -Non
1234 2874 1308 2947 dico,

311 2960 336 3017 si
352 2958 486 3035 loquatur
500 2960 578 3036 ipse;
596 2977 660 3018 uam
674 2959 740 3037 quid
756 2958 877 3021 aliudei
892 2977 975 3039 qnam
988 2958 1111 3036 gemitus
1126 2975 1164 3018 ac
1179 2958 1268 3019 lletns
1282 2965 1310 3017 el

312 3043 459 3101 execratio
475 3044 551 3101 vitae
568 3045 735 3119 conueniat,
752 3051 783 3102 ut
799 3043 886 3104 iudex
901 3042 1042 3120 intelliget
1060 3041 1310 3120 potius-dolorem

310 3126 390 3185 illum
406 3144 488 3203 quam
505 3124 621 3186 audiat?
651 3127 710 3187 Sed
728 3137 850 3205 patrono
865 3144 1049 3207 quoque-per
1064 3123 1175 3185 similes
1188 3126 1310 3187 affectus

312 3210 433 3269 eundum
449 3213 519 3285 erit,
543 3213 608 3289 quia
623 3210 680 3270 hoc
693 3211 812 3270 iniuriae
828 3229 921 3289 genus
941 3209 1134 3271 verecundius
1153 3219 1201 3271 est
1215 3210 1310 3289 passis

268 3307 395 3370 35qnam
414 3295 500 3353 ausis.
531 3293 687 3354 lllollienda
702 3304 747 3354 est
764 3296 792 3354 in
811 3294 959 3375 plerisque
975 3293 1033 3355 alio
1049 3292 1151 3353 colore
1167 3295 1311 3374 asperitas

311 3378 459 3451 orationis,
475 3387 504 3436 ut
519 3375 623 3438 Cicero
637 3379 673 3439 de
689 3380 916 3457 proscriptorum
926 3379 1025 3440 liberis
1040 3378 1119 3438 iecit.
1143 3374 1222 3450 Quid
1239 3379 1312 3439 enim

311 3457 455 3517 crudelius
482 3479 566 3539 quam
591 3462 721 3522 homines
747 3463 876 3522 honestis
901 3461 1069 3541 parentibus
1093 3477 1129 3521 ac
1153 3460 1312 3523 maioribus
1358 3508 1359 3521 ,

310 3550 393 3600 natos
419 3561 435 3602 a
457 3561 488 3602 re
510 3545 625 3623 publica
647 3542 840 3607 summoveri?
872 3545 972 3624 ltaque
988 3545 1088 3605 durum
1104 3543 1221 3607 idesse
1237 3564 1311 3607 sum·

310 3642 372 3684 mus
393 3625 443 3684 ille
466 3629 677 3688 tractandorum
696 3632 852 3690 animorum
872 3630 977 3690 artilex
1001 3628 1172 3705 coniicerm,
1198 3629 1255 3691 sed
1275 3630 1313 3691 itn

309 3707 423 3786 legibus
440 3710 543 3792 ¹Sullae
562 3713 721 3776 cohaerere
742 3723 845 3775 statum
862 3712 1141 3790 civitatis-affirmat,
1157 3720 1191 3775 nt
1204 3714 1251 3777 his
1265 3731 1311 3777 so·
