3184 4409
373 432 435 494 264
685 443 721 491 nr.
732 443 810 491 raa.
823 440 1043 501 quarratam

374 600 452 678 cepit
471 599 637 676 imaginem,
660 606 690 655 ut
712 596 837 658 diceret:
859 593 900 657 Et
918 596 1024 658 dulces
1042 597 1177 658 mortam
1196 597 1358 658 nancisci-

331 694 422 748 Μίαν
444 679 564 760 Arpos?
591 681 649 741 Uhi-
667 698 738 739 vero
759 682 942 741 miseratione
963 698 1036 758 opus
1058 682 1125 740 erit:
1147 681 1230 740 nobis
1253 699 1304 756 ea,
1329 681 1358 740 da

374 766 476 845 quihus
491 783 659 843 queremur,
681 765 823 824 accidisse
844 764 992 823 credamus
1007 773 1092 840 atque
1111 764 1139 824 id
1154 767 1246 824 animo
1262 775 1358 825 nostrt

372 850 606 929 persuadeamus.
636 848 697 907 Nos
718 848 759 909 illi
773 850 876 923 simus,
897 864 970 924 quos
985 850 1102 924 gravia,
1122 849 1254 925 indigna,
1272 850 1358 908 tristia

372 951 476 1013 passos
492 945 659 1012 queremur,
681 949 735 991 nec
760 949 876 1008 agamus
894 947 954 990 rem
975 932 1056 1008 quasi
1071 932 1193 992 alienam
1213 933 1267 992 sed
1283 950 1358 992 assu·

373 1036 479 1077 mamus
494 1032 647 1095 parumper
660 1014 739 1075 illum
749 1016 890 1075 dolorem.
923 1014 965 1073 lta
983 1015 1119 1091 dicemus,
1137 1034 1210 1093 quae
1222 1018 1251 1075 io
1263 1026 1358 1077 nostr(

331 1101 457 1167 assimili
473 1118 541 1160 casu
557 1100 659 1159 dicturi
677 1116 816 1159 essemus.
847 1097 912 1157 Vidi
927 1115 984 1174 ego
999 1117 1090 1177 saepe
1107 1100 1263 1159 histriones
1278 1110 1358 1179 atqua

373 1184 547 1259 comoedos,
573 1201 634 1242 cum
650 1201 687 1240 ex
702 1183 797 1260 aliquo
812 1184 947 1258 graviore
962 1191 1028 1242 actu
1042 1200 1195 1261 personam
1211 1185 1358 1261 deposcis

373 1277 452 1343 seut,
475 1266 578 1327 flentes
595 1266 687 1325 adhuc
708 1265 818 1341 egredi.
862 1265 972 1338 Quodsi
991 1266 1019 1325 in
1040 1267 1141 1326 alienis
1162 1269 1278 1344 scriptis
1300 1268 1358 1328 soh

372 1353 563 1431 pronuntiatio
578 1352 617 1408 ita
633 1349 714 1409 falsis
729 1349 842 1409 accedit
857 1348 1022 1409 affectibus:
1050 1351 1117 1427 quid
1137 1368 1191 1410 nos
1212 1352 1358 1410 faciemus.

374 1437 421 1513 qui
435 1435 484 1494 illa
500 1436 629 1510 cogitare
645 1432 781 1492 dehemus
802 1442 831 1492 et
850 1435 960 1492 moveri
981 1434 1200 1510 periclitantium
1213 1437 1280 1494 vice
1295 1453 1358 1513 pos

332 1514 488 1582 36sumus?
526 1518 584 1578 Sed
612 1519 641 1576 iu
661 1516 761 1576 schola
782 1534 898 1596 quoque
917 1516 1005 1576 rebus
1030 1519 1101 1595 ipsis
1126 1519 1203 1579 affici
1228 1521 1357 1578 conveni

374 1620 482 1679 easque
496 1618 581 1660 veras
595 1600 650 1659 sihi
667 1601 792 1677 fingere,
811 1600 868 1660 hoc
881 1603 971 1677 magis
987 1601 1063 1679 quod
1076 1602 1136 1663 illic
1156 1611 1186 1660 ut
1201 1601 1358 1678 litigatores

373 1686 515 1762 loquimur
533 1685 710 1762 frequentius
731 1702 815 1761 quam
837 1692 867 1744 ut
887 1684 1028 1745 advocati.
1074 1684 1180 1744 Orhum
1200 1688 1314 1762 agimus
1338 1706 1357 1746 e¹

373 1768 538 1844 naufragum
560 1776 590 1828 et
611 1768 834 1845 periclitantem,
856 1786 975 1846 quorum
995 1770 1113 1829 induere
1131 1786 1273 1846 personas
1297 1772 1358 1847 quit

374 1853 484 1927 attinet,
499 1852 553 1911 nisi
567 1851 686 1911 affectus
702 1849 889 1912 assumimus?
917 1852 997 1912 llaec
1008 1852 1207 1912 dissimulanda
1222 1852 1291 1911 mihi
1307 1871 1358 1912 nor

374 1937 502 2011 fuerunt,
522 1935 623 2012 quihus
639 1937 718 2013 ipse,
737 1944 971 2013 quantuscunque
987 1955 1048 1995 sum
1063 1946 1111 1996 aut
1126 1936 1174 2012 fui,
1190 1941 1358 2014 pervenisse

372 2037 418 2079 me
434 2019 469 2079 ad
485 2020 600 2097 aliquod
614 2036 717 2079 nomen
737 2021 842 2096 ingenii
859 2020 960 2086 credo;
983 2020 1150 2097 frequenter
1171 2029 1266 2079 motus
1290 2039 1358 2094 suin

373 2113 403 2162 ut
417 2121 462 2162 me
476 2120 533 2162 non
548 2103 681 2163 lacrimae
697 2104 790 2163 solum
809 2102 1058 2181 deprehenderent
1078 2105 1131 2164 sed
1146 2103 1242 2183 pallor
1256 2113 1287 2164 et
1301 2109 1358 2164 ven

374 2188 472 2248 similis
486 2187 578 2247 dolor.

794 2271 838 2321 DE
857 2270 937 2322 RISU.

456 2351 504 2411 lll.
533 2352 606 2411 Huic
625 2353 740 2412 diversa
762 2354 864 2427 virtus,
885 2371 958 2430 quae
975 2353 1083 2411 risum
1100 2352 1201 2413 iudicis
1218 2353 1358 2413 movendo

374 2444 402 2494 et
419 2434 486 2494 illos
502 2438 599 2494 tristes
619 2436 705 2494 solvit
720 2434 841 2496 allectus
858 2446 887 2496 et
906 2439 1026 2497 animum
1042 2436 1078 2495 ah
1095 2438 1252 2497 intentione
1267 2455 1358 2496 remum

373 2519 541 2595 frequenter
555 2521 657 2577 avertit
675 2528 703 2577 et
715 2519 868 2598 aliquando
885 2523 968 2579 etiam
984 2521 1076 2579 reficit
1092 2529 1150 2578 eta
1166 2522 1300 2580 satietate
1314 2521 1358 2580 rel

373 2619 389 2660 a
404 2601 570 2676 fatigatione
584 2612 713 2661 renovat.
744 2602 855 2675 Quanta
870 2605 906 2663 sit
920 2613 1013 2663 autem
1028 2606 1055 2664 iu
1074 2621 1109 2663 ea
1127 2604 1358 2678 difficultas,

372 2684 422 2743 vel
443 2684 497 2743 duo
519 2687 639 2745 maxime
661 2696 809 2763 oratores,
833 2688 907 2746 alter
927 2687 1054 2746 Graecae
1075 2687 1148 2746 alter
1168 2688 1285 2748 hatioae
1301 2689 1358 2748 elo·

345 2769 507 2843 tqueutiae
521 2771 677 2848 principes,
696 2771 811 2830 docent.
839 2770 910 2830 Nam
921 2771 1053 2850 plerique
1068 2771 1255 2830 Demostheni
1270 2772 1358 2832 facul·

372 2860 458 2910 tatem
475 2851 602 2911 defuisse
618 2853 700 2912 huius
725 2855 770 2912 rei
785 2855 921 2929 credunt,
939 2854 1072 2914 Ciceroni
1087 2855 1209 2913 modum.
1241 2854 1358 2914 Necvi

373 2935 434 2994 deri
462 2945 559 3012 potest
583 2937 711 2996 noluisse
733 2937 962 3012 Demosthenes,
989 2941 1068 2997 cuius
1090 2957 1180 3016 pauca
1209 2938 1358 2998 admodum

373 3018 447 3078 dicta
475 3038 530 3078 nec
556 3038 625 3079 sane
654 3022 759 3079 ceteris
786 3023 847 3080 eius
872 3022 1021 3082 virtutibus
1042 3022 1245 3100 respondentia
1267 3023 1358 3101 palam

373 3103 541 3179 ostendunt,
566 3122 624 3163 non
652 3104 835 3182 displicuisse
862 3105 905 3164 illi
926 3109 1007 3165 iocos
1031 3106 1083 3166 sed
1107 3123 1164 3165 non
1190 3108 1358 3182 contigisse.

344 3184 480 3246 3Noster
501 3204 572 3246 vero
593 3205 649 3246 non
671 3188 763 3247 solum
782 3199 863 3248 extra
878 3190 980 3250 iudicia
996 3191 1092 3249 sedin
1107 3191 1177 3268 ipsis
1194 3192 1279 3249 etiam
1297 3207 1358 3249 ora·

372 3269 495 3329 tionibus
522 3270 633 3330 habitus
661 3281 706 3330 est
726 3272 826 3331 nimius
846 3274 920 3331 risum
943 3274 1103 3333 affectator.
1140 3273 1208 3332 lllihi
1232 3269 1358 3350 quidem,

372 3353 434 3409 sive
448 3353 476 3411 id
490 3364 571 3412 recte
590 3354 684 3414 iudico
704 3356 766 3413 sive
787 3372 884 3414 amore
909 3357 1059 3416 immodico
1081 3358 1229 3435 praecipui
1252 3359 1281 3416 in
1300 3358 1358 3418 elo-

373 3437 487 3509 quentia
501 3438 554 3495 viri
564 3438 667 3513 ¹labor,
684 3439 752 3497 mira
769 3438 906 3515 quaedam
922 3440 950 3498 iu
965 3458 1000 3499 eo
1016 3442 1129 3501 videtur
1143 3442 1233 3500 fuisse
1247 3440 1358 3500 urbani·

343 3525 424 3578 dtas.
452 3517 522 3577 Nam
539 3529 568 3578 ct
582 3522 609 3578 iu
629 3538 761 3580 sermone
777 3521 920 3581 cotidiano
936 3524 1023 3583 multa
1038 3535 1067 3584 et
1082 3526 1110 3583 iu
1125 3525 1358 3585 altercationibus

373 3610 400 3659 ct
424 3601 632 3678 interrogandis
651 3604 772 3664 testibus
792 3605 875 3682 plura
896 3624 978 3684 quam
999 3609 1147 3685 quisquam
1163 3608 1233 3667 dixit
1252 3608 1358 3682 faceto,

373 3694 402 3744 et
420 3686 484 3764 ipsa
506 3686 572 3764 illa,
595 3705 668 3766 quae
686 3697 750 3748 sunt
765 3690 793 3748 in
808 3689 930 3749 Verrem
944 3691 1018 3751 dicta
1035 3692 1183 3770 frigidius,
1205 3691 1270 3752 aliis
1288 3691 1358 3752 assi·
