3184 4409
564 451 1031 520 ursmonnronunavnns.
1256 439 1299 503 to

303 611 409 682 cimus,
432 616 460 666 et
482 609 605 667 carmina
626 607 747 684 Vergilii
768 606 949 686 Vespiliam5
970 608 1089 667 venisse
1111 615 1296 683 commeatus,

304 684 351 770 qui
372 691 539 758 offerentum
564 692 759 770 sacrilepinm
774 694 1009 770 deprebensam,
1030 708 1087 749 non
1107 691 1295 768 sacrilegum

302 795 456 838 armornm
470 776 626 836 scientiam
637 775 765 850 babere,
781 791 838 834 non
854 777 931 836 artis.
961 773 1035 832 Illud
1051 789 1166 852 quoque
1183 785 1212 835 et
1227 783 1338 853 poe-27

304 862 339 918 tis
356 869 385 919 et
400 858 561 919 oratoribus
577 859 729 937 frequens,
746 875 802 937 quo
818 860 863 933 id,
882 858 958 936 quod
974 857 1081 932 eflicit,
1096 872 1133 916 ex
1147 875 1200 935 eo,
1220 859 1297 936 quod

306 943 445 1017 eflicitur,
462 943 648 1002 ostendimus.
681 941 752 1001 Nem
767 952 796 1002 et
810 945 961 1001 carminum
978 949 1128 1004 auctores:

345 1025 467 1088 Pallida
481 1045 563 1088 mors
584 1043 681 1104 aeqao
695 1027 799 1106 pulsat
816 1029 897 1104 pede
909 1042 1083 1105 ponperam
1097 1027 1254 1099 tabernas,

303 1119 332 1169 el

288 1197 291 1207 ¹
344 1192 708 1270 Pallentesqnedtobitant
728 1193 826 1256 morbi
841 1194 996 1270 tristisque
1013 1200 1171 1261 senectam

303 1286 332 1336 et
353 1287 450 1336 orator
462 1278 662 1356 praecipitem
676 1279 772 1355 iram,
787 1277 916 1339 biberem
932 1276 1183 1352 adolescentiam,
1202 1294 1296 1357 sepne

301 1362 392 1421 otiam
407 1361 492 1420 dicet.

386 1443 438 1503 Est
454 1447 538 1503 etiam
552 1445 617 1504 huic
640 1453 724 1522 tropo
747 1443 887 1523 quaedam
904 1461 967 1502 cum
982 1443 1168 1519 synecdoche
1183 1444 1339 1503 viciniattt

300 1527 388 1602 Nam,
412 1547 475 1587 cum
495 1528 560 1587 dieo
581 1529 681 1589 onitas
700 1529 828 1590 bominis
850 1544 902 1605 pro
923 1528 1018 1602 vultu,
1048 1529 1112 1588 dico
1135 1527 1295 1605 pluraliter,

303 1610 379 1689 quod
394 1612 540 1688 singulare
556 1621 615 1680 est;
635 1611 688 1671 sed
703 1630 760 1671 non
771 1611 800 1670 id
812 1625 879 1688 ago,
896 1620 926 1670 ut
941 1630 1025 1670 unum
1037 1630 1073 1670 ex
1086 1611 1181 1670 multis
1193 1611 1296 1671 intelli·

301 1703 404 1771 gutur,
422 1697 500 1773 (nam
516 1694 544 1754 id
566 1704 611 1754 est
624 1696 820 1774 manifestum)
840 1696 892 1754 sed
912 1713 1015 1754 nornen
1036 1698 1165 1760 immuto:
1190 1705 1219 1754 et
1234 1713 1297 1754 cum

302 1787 400 1838 aurete
412 1788 489 1838 tecta
500 1798 616 1839 aurea:
635 1779 768 1857 pusillum
784 1778 820 1838 ab
833 1797 867 1838 ea
883 1779 1012 1855 discedo,
1034 1782 1098 1858 quie
1113 1787 1227 1838 nonest
1242 1781 1296 1838 nisi

300 1880 369 1939 pars
383 1872 523 1922 curatura.
547 1861 627 1935 Quae
643 1862 755 1940 singula
767 1864 872 1941 exequi
884 1865 1040 1923 minutioris
1053 1873 1097 1922 est
1111 1881 1197 1922 curae
1213 1865 1297 1922 etiam

300 1963 358 2004 non
375 1956 520 2005 oratorem
537 1945 749 2005 instruentibus.

386 2030 663 2105 Autonomasia,
683 2046 756 2108 quae
772 2030 879 2108 aliquid
894 2047 947 2108 pro
962 2032 1074 2089 nornine
1090 2031 1184 2108 ponit,
1201 2031 1296 2107 poetis
1304 2037 1339 2093 29

300 2124 424 2192 utroque
441 2115 526 2173 modo
543 2114 788 2193 frequentissima,
812 2123 840 2172 et
855 2132 908 2191 per
924 2114 1087 2191 epitheton,
1112 2114 1188 2191 quod
1203 2113 1296 2172 detra·

301 2208 348 2257 cto
365 2216 417 2273 eo,
434 2200 481 2257 cui
495 2199 664 2276 apponitur,
680 2197 758 2257 velet
773 2215 827 2275 pro
842 2198 972 2271 nomine,
992 2198 1140 2278 Tydides,
1156 2195 1296 2260 Pelides:

301 2292 381 2342 etex
396 2282 458 2358 his,
479 2283 595 2361 quaein
611 2298 727 2360 quoque
743 2289 807 2340 sunt
823 2283 995 2360 praecipua:

465 2400 506 2411 -
520 2364 632 2426 Dicam
645 2374 737 2443 pater·
751 2374 843 2443 atque
857 2365 1006 2430 bominum
1020 2383 1097 2435 rea‚·

304 2458 332 2507 et
348 2467 385 2508 ex
399 2449 501 2525 iactis,
520 2449 621 2526 quibus
638 2466 762 2527 persona
778 2451 921 2525 signatur:

464 2566 506 2578 -
524 2530 667 2595 Tbalamo
681 2550 760 2611 qnae
775 2533 841 2610 fico
857 2533 979 2610 reliquit
992 2531 1117 2611 impias.

302 2615 470 2675 Oratoribus
484 2616 600 2699 ‘etiamsi'
618 2634 698 2675 rarus
721 2619 782 2676 eius
798 2619 857 2692 rei,
879 2617 1032 2677 nonnullus
1049 2626 1142 2675 temen
1158 2633 1225 2674 usus
1242 2623 1340 2679 estid)

306 2698 378 2758 Nem
399 2709 428 2758 ut
447 2699 583 2779 Tydiden
599 2709 628 2759 et
649 2698 773 2762 Peliden
793 2717 850 2759 non
873 2701 1011 2761 dixerint:
1034 2703 1072 2760 ita
1094 2701 1226 2759 dixerunt
1239 2701 1296 2759 im·

301 2785 385 2861 piam
401 2792 430 2842 et
440 2787 635 2862 parricidam
640 2807 655 2852 ,·
672 2804 843 2848 eversorem
858 2802 973 2863 quoque
987 2783 1182 2862 Cartbapinis
1193 2792 1221 2844 et
1230 2781 1296 2842 Na-

301 2868 434 2928 mantiae
445 2886 498 2946 pro
511 2869 647 2946 Scipione
659 2878 688 2928 et
696 2869 854 2930 Romanae
865 2871 1052 2947 eloquentiae
1060 2871 1231 2947 principem
1242 2882 1296 2944 pro

302 2946 444 3010 Cicerone
460 2954 594 3029 posuisse
610 2968 665 3011 non
681 2952 819 3012 dubitent.
862 2951 929 3031 Ipse
945 2961 1026 3013 certe
1042 2971 1110 3011 usus
1133 2960 1178 3010 est
1193 2949 1248 3008 hac
1262 2948 1296 3007 li·

301 3032 426 3094 bertate:
442 3033 509 3098 Non
521 3037 614 3097 malta
626 3054 757 3114 peccas,
772 3038 870 3114 inquit
882 3038 933 3098 ille
945 3038 1108 3116 fortissimo
1118 3037 1184 3096 ciro
1195 3033 1297 3094 senior
1318 3055 1320 3060 ·

301 3120 454 3195 mapister.
492 3118 629 3179 Neutrum
653 3121 726 3179 enim
750 3137 855 3181 nomen
879 3129 925 3181 est
944 3122 1068 3199 positum
1092 3127 1122 3177 et
1147 3128 1296 3196 utrumque

301 3202 479 3278 intelligitur.

382 3279 668 3363 'anparonotia
684 3286 815 3364 quidem,
831 3287 859 3347 id
872 3295 917 3346 est
931 3287 1008 3346 fictio
1023 3285 1161 3361 nominis,
1178 3283 1337 3349 Graecisbl

300 3371 374 3427 inter
389 3371 525 3429 maximas
544 3369 639 3430 habita
656 3372 793 3446 virtutes,
811 3370 894 3430 nobis
907 3372 956 3430 vix
971 3370 1151 3448 permittitur.
1182 3367 1220 3428 Et
1232 3377 1297 3430 suot

301 3452 422 3530 piurima
437 3456 475 3513 ita
491 3456 585 3532 posite
601 3454 636 3514 ab
648 3454 698 3529 iis,
715 3457 763 3532 qui
778 3470 940 3514 sermonem
957 3454 1039 3531 primi
1056 3453 1186 3512 iecerunt
1198 3461 1295 3531 apten-

302 3546 346 3595 tes
359 3537 509 3597 affectibus
524 3555 636 3598 vocem.
660 3537 731 3598 Nam
746 3540 877 3618 mopiam
889 3547 918 3597 et
927 3539 1033 3598 sibilas
1044 3545 1074 3597 et
1084 3554 1221 3598 memor
1231 3537 1296 3596 inde

301 3630 451 3680 venerunt.
495 3620 623 3698 Deinde,
649 3631 782 3699 tanquam
805 3630 997 3681 consummate
1017 3623 1073 3681 sint
1093 3622 1202 3696 omnia,
1229 3616 1338 3683 uiriles

301 3722 444 3781 generare
466 3703 601 3766 audemus
626 3706 697 3786 ipsi,
724 3724 788 3768 cum
808 3705 895 3767 multa
911 3705 1017 3766 cotidie
1038 3705 1212 3785 abantiquis
1230 3704 1296 3765 dcte
