3184 4409
470 406 473 415 ¹
578 402 589 433 t

576 472 827 524 memorandos
839 472 1004 542 menne.
1221 462 1281 524 273

290 631 419 712 petenti,
436 626 509 705 ste,
527 631 633 707 inquit,
646 630 741 708 petis,
764 637 909 708 tunquam
929 628 1074 692 Cameris
1087 631 1283 692 candidatos.

290 715 364 778 Nam
381 713 452 774 illud
464 716 544 790 petie
558 713 718 789 ambiguum
729 722 784 787 est,
800 717 939 773 securitas
951 715 1059 773 similis.
1089 715 1173 788 Quod
1184 716 1282 774 bacte-
1292 723 1326 777 63

291 818 345 860 nus
368 797 532 857 ostendisse
561 798 630 855 satis
656 805 710 855 est.
753 793 887 856 Ceterum
911 798 1141 874 frequentissima
1164 799 1284 858 aliorum

292 899 434 960 generum
450 898 512 939 cum
527 880 589 938 aliis
608 881 728 939 mixtura
744 889 804 956 est,
826 899 918 957 eaque
935 883 1056 958 optima,
1079 900 1151 958 quae
1169 901 1206 941 ex
1220 883 1283 960 plu·

292 965 371 1026 ribus
388 972 510 1024 constat.
544 962 652 1022 Eadem
673 963 905 1023 dissimilium
926 967 998 1023 ratio
1019 973 1073 1023 est.
1104 965 1176 1024 Hinc
1193 984 1283 1042 eques

292 1042 457 1121 Romanus,
476 1045 511 1105 ad
527 1064 610 1122 quem
624 1048 652 1104 in
668 1048 843 1124 spectaculis
859 1047 1003 1106 bibentem
1017 1067 1078 1107 cum
1090 1051 1214 1107 misisset
1225 1050 1282 1107 Au·

291 1141 413 1210 gustus,
436 1132 483 1207 qui
499 1132 527 1188 ei
540 1131 666 1204 diceret,
689 1128 755 1208 qu
775 1133 803 1191 si
814 1133 973 1209 prandere
987 1133 1070 1205 volo,
1091 1134 1212 1192 domum
1231 1150 1283 1193 eo.-

295 1215 341 1276 Tc
355 1216 454 1290 enim,
475 1215 578 1290 inquit,
599 1232 659 1274 non
681 1216 779 1289 omes,
800 1235 840 1275 ne
859 1216 957 1276 Iocum
968 1217 1096 1294 perdas,
1135 1213 1180 1273 Ex
1200 1228 1325 1283 con-64

294 1301 414 1360 trario
443 1314 500 1356 non
523 1315 577 1357 una
601 1298 726 1374 species.
755 1297 864 1375 Neque
895 1301 968 1357 enim
989 1299 1090 1358 eodem
1109 1297 1193 1357 modo
1214 1299 1284 1357 dixit

293 1382 443 1459 Augustus
459 1381 626 1458 praelecto,
652 1399 735 1458 quem
756 1400 819 1440 cum
834 1384 985 1458 ignominia
999 1383 1142 1457 mittebat,
1162 1381 1283 1440 subinde

293 1467 488 1544 interponenti
508 1464 661 1541 precibus,
687 1463 768 1536 Ouid
786 1468 975 1544 respondebo
991 1468 1075 1545 patri
1097 1468 1181 1526 meo?
1211 1463 1282 1540 Dio,

292 1569 342 1612 me
360 1550 414 1610 tibi
429 1548 639 1626 displicebam
656 1566 712 1624 quo
731 1547 821 1609 Galba
836 1549 967 1627 penulam
984 1551 1111 1625 roganti:
1131 1547 1198 1610 Non
1211 1568 1283 1627 pos·

293 1653 362 1694 sum
380 1634 587 1705 commodare,
604 1633 685 1692 domi
698 1652 823 1701 manem
844 1652 907 1692 cunr
927 1633 1112 1692 coenaculum
1134 1634 1194 1691 eius
1218 1650 1282 1710 per·

294 1717 420 1796 plueret.
451 1715 576 1774 Tertium
591 1715 683 1775 adhuc
696 1715 779 1775 illud:
797 1717 961 1794 (siquidem,
976 1727 1006 1776 ut
1021 1735 1056 1775 ne
1072 1726 1217 1775 auctorem
1230 1733 1283 1794 po·

294 1818 376 1874 nam,
397 1799 571 1859 verecundia
595 1800 684 1876 ipsius
710 1800 799 1878 facit)
821 1799 1023 1862 Libidinosior
1041 1819 1074 1861 es
1094 1817 1186 1878 quom
1204 1800 1284 1861 ullus

293 1885 412 1962 specim·
428 1901 485 1960 quo
501 1885 562 1948 sine
577 1882 662 1941 dubio
679 1892 708 1942 et
723 1886 819 1960 opinio
841 1885 982 1962 decipitur
1003 1884 1055 1943 sed
1069 1903 1107 1943 ex
1128 1886 1282 1943 contrario.

295 1967 334 2026 Et
350 1965 407 2026 hoe
429 1985 466 2026 ex
485 1967 586 2025 eodem
609 1967 675 2025 loco
702 1976 746 2025 est
770 1968 821 2026 sed
842 1968 911 2027 nulli
933 1971 1058 2046 priorum
1077 1968 1185 2042 simile,
1207 1967 1284 2044 quod

295 2052 367 2112 dixit
381 2049 418 2109 bl.
433 2049 585 2125 Vestinus,
609 2068 672 2108 cum
688 2053 715 2109 ei
730 2053 884 2110 nuntiatum
898 2061 992 2125 esset,
1012 2049 1185 2129 Aliquando
1203 2053 1283 2112 desi-
1296 2058 1313 2091 *¹

293 2141 346 2196 oet
364 2142 479 2213 partera.
520 2131 652 2193 Onerabo
674 2135 774 2193 librum
795 2135 935 2212 exemplis
962 2136 1139 2212 similemque
1168 2136 1217 2208 iis,
1238 2134 1326 2210 quido

294 2221 370 2278 risus
387 2221 478 2295 gratia
493 2227 717 2295 componuntur,
739 2219 879 2294 efficiam,
900 2220 923 2278 si
940 2222 1076 2297 persequi
1090 2219 1211 2277 voluero
1228 2219 1283 2275 sin·

295 2298 365 2379 gula
379 2311 517 2361 veterum.

379 2383 425 2444 Ex
451 2384 580 2444 omnibus
609 2394 839 2461 argumentorum
869 2385 942 2445 locis
968 2387 1068 2445 eadem
1089 2386 1205 2445 occasio
1228 2392 1282 2442 est.

294 2468 367 2529 Nam
383 2478 411 2528 et
425 2469 599 2528 finitione
613 2487 681 2528 usus
697 2479 742 2528 est
753 2469 900 2545 Augustus
916 2470 952 2529 de
968 2472 1144 2548 pantomimis
1161 2467 1283 2542 duobus,

295 2554 345 2631 qui
364 2553 483 2613 alternis
501 2553 631 2628 gestibus
650 2553 875 2628 contendebant,
897 2571 1074 2613 cumeorum
1089 2554 1209 2612 alterum
1223 2551 1283 2612 sol·

294 2645 390 2698 torem
409 2635 478 2695 dixit
493 2637 612 2695 alterum
627 2638 879 2713 interpellatorem
885 2660 899 2707 ,·
920 2647 949 2696 et
964 2639 1166 2716 partitione
1181 2635 1282 2710 Galba,
1292 2640 1327 2696 66

296 2737 360 2780 oum
375 2715 508 2798 penulam
519 2723 632 2797 roganti
647 2722 806 2798 respondit,
821 2719 890 2781 Non
897 2723 984 2800 pluit,
995 2740 1055 2782 non
1065 2739 1141 2799 opus
1156 2729 1200 2782 est
1213 2720 1266 2780 tibi
1270 2740 1285 2789 ‚·

295 2805 324 2864 εἰ
334 2803 423 2882 pluit,
438 2805 504 2882 ipse
518 2813 598 2865 utar.
628 2803 750 2864 Proinde
770 2823 890 2882 genere,
912 2806 1028 2882 speeie,
1045 2806 1185 2882 propriis,
1204 2803 1284 2861 diffe-

295 2885 435 2962 rentibus,
451 2889 566 2963 iugatis,
585 2888 742 2964 adiunctis,
760 2889 1018 2966 consequentibus,
1038 2887 1284 2961 antecedentibus,

295 2971 538 3050 repugnantibus,
555 2973 665 3048 causis,
682 2972 812 3047 effectis,
831 2974 1044 3049 comparatione
1056 2973 1181 3049 parium,
1196 2971 1285 3029 maio·

295 3073 373 3130 rum,
393 3056 531 3113 minorum
551 3056 650 3114 similis
665 3057 782 3115 materia
799 3055 964 3134 praebetur.
1006 3057 1086 3114 Sicut
1106 3057 1134 3113 in
1154 3064 1285 3130 tropos

295 3147 413 3216 qu'oque
436 3155 535 3197 omnes
556 3139 640 3198 cadit.
677 3139 799 3198 Annon
822 3140 942 3218 plurima
963 3129 1036 3198 καθ’
1059 3130 1225 3216 ὑπερβολὴν
1245 3137 1327 3199 ‹lt-et

296 3218 419 3280 cuntur?
443 3222 527 3299 quale
549 3223 640 3282 refert
664 3221 768 3282 Cicero
793 3224 829 3283 de
853 3224 966 3282 bomine
987 3222 1287 3300 praelongo,'eapct

293 3324 364 3367 eum
377 3307 422 3367 ad
439 3307 588 3384 fornicem
609 3303 737 3368 lobium
757 3307 932 3390 offerentium
966 3315 995 3366 et
1020 3305 1097 3383 quod
1122 3307 1153 3365 P.
1175 3302 1286 3383 Oppius

294 3389 366 3449 dixit
381 3389 417 3449 de
436 3407 544 3466 genere
559 3389 758 3466 lentulorum,
775 3410 838 3450 cum
853 3391 967 3451 assidue
981 3391 1106 3450 minores
1120 3389 1286 3468 parentibus

292 3471 381 3533 liberi
396 3483 509 3549 essent,
528 3475 685 3536 noscendo
703 3477 904 3536 interiturum.
940 3472 1014 3547 Quid
1033 3471 1174 3533 ironia‘l
1192 3478 1329 3534 nonnette

294 3557 382 3616 etiam
395 3575 469 3634 quae
483 3558 667 3617 severissime
680 3558 721 3634 lit,
735 3560 792 3619 ioci
804 3575 896 3636 prope
908 3575 1001 3634 genus
1015 3555 1081 3618 est‘l
1105 3557 1168 3631 Qua
1178 3556 1286 3615 urbane

293 3658 365 3699 usus
383 3650 428 3700 est
442 3641 530 3716 Afer,
551 3659 615 3700 cnm
629 3641 714 3701 Didio
736 3641 837 3717 Gallo,
858 3643 905 3720 qui
925 3643 1101 3719 provinciam
1115 3639 1285 3701 ambitiosis·

294 3725 368 3785 sime
383 3726 518 3803 petierat,
538 3725 652 3796 deinde,
668 3727 819 3798 impetrata
836 3743 884 3807 ea,
902 3738 1036 3804 tanquam
1050 3734 1169 3868 ⁰⁰⁰{m
1182 3739 1286 3801 quere·

337 3826 369 3866 rs.
380 3829 405 3869 r.
418 3828 528 3877 oomrm.
1088 3810 1109 3868 l
