3184 4409
353 501 393 562 54
660 513 696 560 u.
719 511 799 591 nan.
821 509 1041 570 cornutorum

353 671 389 728 sit
411 668 503 728 iacies
528 665 666 742 dicentis,
688 685 725 726 ne
748 665 830 726 labra
847 666 1097 744 distorqueamur,
1119 684 1155 726 ne
1179 666 1350 728 immodicus

352 753 445 812 hiatus
468 753 570 811 rictum
596 751 751 826 discindat,
780 768 816 809 ne
838 753 956 828 supinus
979 750 1091 824 vultuS,
1122 769 1157 810 ne
1188 751 1296 812 deiecti
1322 755 1352 812 in

353 845 459 895 terram
482 836 575 910 oculi,
598 836 732 895 inclinata
753 834 892 894 utrolibet
911 836 1021 893 cervix.
1065 834 1137 894 Nam
1159 837 1239 895 frons
1262 835 1351 914 pluri·

311 921 405 983 10bus
428 920 584 997 generibus
608 928 722 998 peccat.
766 917 832 977 Vidi
854 918 976 994 multos,
1001 935 1121 997 quorum
1141 920 1300 997 supercilia
1316 921 1351 980 ad

353 1005 484 1081 singulos
514 1006 596 1064 vocis
632 1012 751 1062 conatus
782 1002 993 1077 allevarentur,
1027 1003 1148 1062 aliorum
1181 1006 1350 1079 constricta,

353 1090 474 1149 aliorum
501 1091 586 1164 etiam
606 1088 788 1162 dissidentia,
812 1105 876 1146 cum
897 1087 1017 1146 alterum
1039 1088 1066 1145 in
1089 1089 1228 1146 verticem
1250 1089 1351 1148 tende·

313 1183 431 1249 ltrent,
461 1173 554 1232 altero
581 1190 674 1250 paene
696 1170 797 1230 oculus
819 1173 883 1249 ipse
905 1180 1095 1248 premeretur.
1139 1171 1280 1232 lniinitum
1303 1191 1351 1231 au-

353 1267 421 1332 tem,
440 1267 471 1316 ut
488 1274 556 1316 mox
578 1256 716 1331 dicemus,
739 1257 768 1314 in
789 1255 833 1314 bis
856 1272 972 1332 quoque
994 1255 1081 1314 rebus
1104 1265 1277 1316 momentum
1290 1265 1351 1324 est;

354 1351 384 1402 et
403 1341 472 1400 nihil
498 1350 597 1420 potest
618 1339 738 1418 placere
760 1339 837 1417 quod
857 1355 915 1397 non
935 1340 1029 1399 decet.

311 1437 345 1489 12
435 1425 531 1484 Debet
555 1426 640 1483 etiam
665 1423 773 1483 docere
801 1423 976 1500 comoedus,
1002 1425 1146 1501 quomodo
1168 1426 1351 1500 narrandum,

354 1511 465 1588 quasit
487 1510 658 1568 auctoritate
681 1507 874 1580 suadendum,
897 1525 953 1584 qua
978 1510 1171 1568 concitatione
1195 1519 1354 1588 consurgat

354 1596 413 1667 ira,
440 1594 486 1670 qui
509 1593 602 1651 flexus
622 1592 726 1652 deceat
744 1593 984 1652 miserationem·
1013 1591 1098 1664 Quod
1120 1595 1159 1653 ita
1180 1596 1299 1672 optime·
1312 1595 1353 1654 la-

356 1680 429 1751 ciet,
455 1679 479 1735 si
502 1685 600 1736 certos
625 1694 662 1734 ex
679 1675 836 1735 comoediis
854 1675 978 1752 elegerit
997 1675 1081 1735 locos
1102 1684 1132 1734 et
1157 1677 1192 1736 ad
1214 1677 1272 1737 boc
1293 1695 1353 1738 nra·

314 1763 429 1824 t3xime
457 1761 596 1834 idoneos,
629 1760 657 1819 id
686 1768 746 1835 est,
776 1760 937 1819 actionibus
964 1759 1082 1819 similes.
1133 1761 1222 1820 Iidem
1257 1771 1353 1820 autem

355 1862 412 1904 non
434 1844 469 1903 ad
490 1843 728 1923 pronuntiandum
746 1843 833 1902 modo
852 1844 993 1903 utilissimi
1014 1862 1114 1903 verum
1135 1845 1171 1904 ad
1192 1846 1352 1922 aagendam

314 1938 470 2007 liquoque
495 1928 689 2005 eloquentiam
705 1929 827 1987 maxime
844 1928 1053 1987 accommodati
1071 1937 1162 1987 erunt.
1207 1928 1246 1988 Et
1267 1929 1352 2004 baec,

356 2014 421 2073 dum
443 2012 551 2072 Infirma
574 2021 653 2072 aetas
681 2014 790 2071 maiora
815 2028 872 2070 non
902 2014 1013 2089 capiet;
1044 2021 1187 2088 ceterum,
1217 2031 1283 2072 cum
1312 2014 1352 2073 le·

356 2115 428 2174 gere
448 2099 593 2156 orationes
617 2095 779 2174 oportebit,
804 2113 867 2155 cum
888 2097 1010 2154 virtutes
1034 2115 1130 2156 earum
1152 2098 1207 2155 iam
1227 2099 1352 2157 sentiet:

356 2191 414 2240 tum
435 2181 501 2240 mibi
524 2181 647 2258 diligens
671 2181 774 2258 aliquis
797 2198 832 2240 ae
856 2182 966 2258 peritus
982 2182 1114 2256 assistat,
1142 2198 1237 2258 neque
1260 2181 1352 2241 solum

356 2265 511 2325 lectionem
537 2265 642 2324 iormet
666 2282 765 2323 verum
794 2264 927 2323 ediscere
952 2266 1036 2323 etiam
1059 2264 1155 2324 electa
1176 2283 1214 2324 ex
1235 2265 1281 2325 his
1305 2281 1352 2324 eo·

355 2360 405 2425 gat
418 2359 446 2408 et
466 2367 500 2408 ea
518 2350 617 2409 dicere
630 2357 752 2407 stantem
770 2347 850 2406 clare
863 2356 891 2406 et
907 2348 1143 2425 quemadmodum
1160 2366 1251 2426 agere
1267 2365 1351 2428 opor·

356 2433 444 2507 tebit,
467 2440 498 2491 ut
518 2435 648 2511 protinus
670 2433 947 2510 pronuntiationem,
972 2449 1092 2509 vocem,
1114 2435 1282 2501 memoriam
1304 2451 1351 2493 ex·

357 2525 465 2575 erceat.

315 2611 347 2662 15
442 2597 487 2657 Ne
499 2599 566 2658 illos
582 2599 695 2676 quidem
711 2599 968 2677 reprehendendos
983 2610 1064 2678 puto,
1080 2602 1128 2678 qui
1138 2600 1255 2680 paulum
1269 2603 1353 2662 etiam

360 2683 543 2761 palaestricis
567 2692 752 2742 vacaverunt.
796 2683 862 2742 Non
884 2684 919 2743 de
946 2684 989 2743 his
1012 2685 1133 2763 loquor,
1160 2685 1264 2762 quibus
1286 2703 1353 2764 pars

359 2770 435 2826 vitae
458 2768 486 2824 in
509 2767 594 2842 oleo,
618 2785 685 2844 pars
707 2770 735 2826 in
755 2769 823 2826 vino
843 2771 1028 2843 consumitur,
1050 2772 1097 2848 qui
1116 2786 1271 2847 corporum
1286 2787 1355 2828 cura

357 2860 480 2909 mentem
500 2851 666 2926 obruerunt,
690 2852 743 2912 hos
758 2856 832 2911 enim
848 2852 953 2912 abesse
972 2852 1007 2912 ab
1027 2870 1164 2931 ecquem
1182 2855 1355 2913 instituimus

316 2943 348 2996 16
357 2953 440 3012 quam
462 2935 630 3011 longissime
651 2937 751 3005 velim;
774 2937 827 2996 sed
848 2954 953 2996 nomen
972 2944 1017 2996 est
1038 2938 1115 2999 idem
1137 2939 1188 3012 iis,
1211 2955 1227 2997 a
1252 2937 1355 3016 quibus

357 3028 458 3094 gestus
480 3029 632 3096 motusque
654 3020 827 3081 formantur:
855 3030 885 3079 ut
908 3031 989 3081 recta
1011 3023 1067 3080 sint
1087 3020 1223 3096 brachia,
1249 3039 1287 3080 ne
1315 3022 1355 3082 in·

358 3103 462 3161 doctae
482 3105 645 3164 rusticaeve
670 3123 785 3179 manus,
816 3123 853 3163 ne
876 3103 968 3163 status
989 3105 1161 3180 indecorus,
1190 3123 1226 3164 ne
1250 3123 1308 3187 qua
1328 3106 1356 3164 in

358 3188 540 3263 proferendis
564 3187 685 3265 pedibus
708 3191 832 3264 inscitia,
854 3207 891 3247 ne
914 3198 1000 3267 caput
1015 3189 1150 3269 oculique
1166 3188 1201 3248 ab
1217 3190 1274 3249 alia
1290 3205 1355 3249 cor·

315 3273 436 3349 l‘lporis
455 3272 644 3338 inclinatione,
659 3273 825 3333 dissideant.
858 3272 1035 3350 Namneque
1050 3274 1123 3333 haec
1140 3291 1207 3333 esse
1225 3275 1255 3333 in
1272 3282 1356 3352 parte

360 3358 597 3432 pronuntiationis
622 3360 772 3434 negaverit
795 3358 961 3434 quisquam,
988 3375 1083 3435 neque
1111 3360 1203 3436 ipsam
1230 3375 1356 3436 pronun·

358 3440 506 3498 tiationem
524 3440 559 3500 ab
579 3451 695 3501 oratore
714 3449 865 3514 secernet,
889 3449 918 3498 et
937 3451 1033 3517 certe,
1056 3442 1132 3521 quod
1151 3442 1251 3501 lacere
1269 3459 1355 3521 opor-

359 3518 433 3597 teat,
461 3542 518 3582 non
537 3525 738 3602 indignandum
764 3535 809 3584 est
836 3524 967 3600 discere,
999 3545 1062 3585 cum
1090 3527 1262 3605 praesertim
1284 3527 1357 3587 baec

359 3607 552 3682 chironomia,
571 3627 645 3686 quae
667 3617 729 3683 est,
751 3617 781 3666 ut
802 3609 917 3668 nomine
938 3612 1003 3688 ipso
1022 3610 1204 3686 declaratur,
1228 3613 1281 3672 lex
1302 3629 1357 3689 pe·

357 3699 438 3768 stris,
463 3700 492 3750 et
514 3692 625 3752 abillis
647 3692 825 3769 temporibus
847 3692 975 3752 heroicis
998 3704 1061 3754 orta
1083 3696 1120 3753 sit
1144 3703 1174 3753 et
1198 3712 1215 3754 a
1240 3695 1358 3755 summis

355 3773 497 3834 Graeciae
516 3777 584 3836 uiris
603 3786 689 3855 atque
711 3777 776 3856 ipso
794 3777 879 3837 etiam
895 3778 1018 3838 Socrate
1037 3777 1177 3857 probata,
1201 3779 1359 3842 aPlatotte
