3184 4409
346 448 409 510 200
660 461 698 514 u,
708 456 787 521 rto.
803 458 1022 553 omnumqqau
1038 475 1044 519 3

347 635 384 678 cx
399 615 561 693 responsis,
575 613 711 689 oraculis,
732 613 886 677 ominibus:
905 613 1048 692 duplicem
1062 614 1136 674 sciat
1150 632 1336 687 esse-eornm

257 766 259 770 ,
346 708 509 773 tractatum,
531 697 697 774 generalem
716 697 854 772 alterum,
878 699 906 756 in
924 714 981 774 quo
996 699 1069 758 iuter
1084 699 1201 758 Stoicos
1218 709 1247 768 ct
1263 699 1334 778 Epi-

346 785 406 845 curi
420 791 529 842 sectam
549 790 666 841 secutos
687 799 783 859 pugna
803 790 944 860 perpetua
965 790 1026 863 est,
1048 790 1214 858 regaturne
1227 786 1333 861 proo'e

345 869 448 930 coorto
464 867 612 934 mumdum
627 864 785 942 specialem
803 864 923 924 alterurn
939 865 1015 924 circa
1028 874 1125 943 partes
1140 865 1332 942 divinationis,

304 961 373 1016 tout
394 967 527 1029 quaeque
546 951 574 1006 in
596 950 792 1026 quaestionem
815 948 899 1008 cadit.
939 946 1034 1007 Aliter
1055 949 1129 1007 enim
1150 951 1333 1010 oraculorum

345 1034 428 1094 aliter
448 1034 625 1111 aruspicum,
653 1050 806 1108 augurum,
834 1033 1045 1106 coniectorum,
1071 1031 1332 1094 mathematicorum

345 1118 416 1177 fides
437 1117 597 1177 confirmari
618 1124 665 1174 aut
691 1115 788 1176 refelli
809 1125 923 1193 potest,
952 1133 1015 1174 cum
1035 1117 1071 1174 sit
1091 1133 1185 1174 rerum
1206 1118 1332 1195 ipsarum

344 1203 417 1262 ratio
440 1201 563 1260 diversa.
601 1196 686 1258 Circa
708 1199 847 1258 eiusmodi
863 1216 979 1277 quoque
993 1200 1177 1259 iustrumenta
1196 1200 1331 1259 firmanda

344 1285 392 1345 vel
415 1283 586 1345 destruenda
614 1282 729 1341 multum
754 1282 841 1341 hahet
863 1285 977 1377 operis
987 1283 1097 1357 oratio,
1125 1283 1150 1340 si
1177 1301 1250 1360 quae
1276 1285 1333 1342 sint

344 1387 434 1429 voces
452 1368 621 1446 parvinum,
639 1370 782 1440 somnum,
800 1344 978 1425 dementiam
989 1368 1122 1440 omissae,
1143 1367 1192 1426 vel
1208 1375 1332 1445 excepta

344 1452 527 1533 parvulorum
556 1450 675 1525 indicia,
704 1466 777 1527 quos
800 1467 867 1527 pars
886 1449 977 1510 altera
990 1449 1066 1509 nihil
1085 1449 1211 1526 fingere,
1239 1451 1332 1510 altera

302 1536 413 1611 37nihil
433 1536 564 1595 iudicare
582 1533 692 1593 dictura
712 1541 764 1597 est.
801 1532 865 1592 Neo
878 1535 1140 1610 tantumpraestari
1162 1533 1218 1594 hoc
1236 1552 1332 1610 genus

344 1628 488 1700 potenter,
512 1618 564 1677 sed
586 1617 680 1692 etiam,
701 1616 749 1675 ubi
769 1633 827 1675 uon
848 1625 911 1692 cst,
933 1616 1090 1677 desiderari
1105 1617 1197 1677 solet:
1218 1617 1335 1677 Pecu-

344 1706 433 1763 niam
454 1702 607 1768 dedisti;
630 1701 710 1777 quis
733 1697 958 1760 numeravit?
980 1696 1187 1759 uhiiunde‘l
1207 1700 1332 1759 Vena·

344 1804 422 1846 num
446 1785 582 1861 arguis;
613 1782 671 1843 uhi
693 1780 782 1843 emi?
810 1781 938 1862 aquo?
963 1780 1111 1861 quanti?
1137 1802 1202 1862 per
1229 1803 1335 1862 quern

345 1866 449 1930 dedit
475 1885 544 1947 quo
573 1863 751 1926 conscio‘l
800 1868 881 1940 Quae
909 1867 971 1927 lere
1001 1869 1094 1926 omnia
1121 1885 1175 1946 pro
1196 1865 1332 1927 cluentio

346 1952 449 2014 cicero
470 1952 633 2012 incrimine
654 1951 787 2010 veneficii
809 1953 929 2011 excutit..
961 1951 1040 2011 llaec
1055 1951 1091 2010 de
1107 1950 1335 2011 inartificialibus

345 2056 427 2115 quam
447 2037 616 2097 brevissime
639 2037 728 2114 potui.

590 2189 634 2239 DE
656 2186 861 2238 PROBATIONE
878 2187 1082 2240 nummolum

317 2276 320 2286 ⁴
425 2285 502 2346 vlll.
527 2285 596 2346 Pars
616 2285 706 2345 altera
727 2285 937 2363 probationum,
962 2303 1035 2362 quae
1057 2292 1102 2343 est
1121 2291 1181 2342 tota
1200 2284 1233 2342 iu
1251 2291 1330 2341 arte

346 2379 513 2447 constatque
533 2369 677 2430 rebusad
699 2369 857 2428 faciendam
878 2369 962 2429 tidem
981 2369 1137 2446 appositis,
1159 2366 1329 2445 plerumque

345 2464 392 2513 aut
418 2454 531 2512 omuino
554 2452 710 2528 negligitur
736 2462 783 2511 aut
805 2453 950 2512 levissime
971 2450 1172 2527 attingiturab
1194 2450 1253 2525 his,
1282 2454 1330 2528 qui

302 2598 306 2602 ,
345 2545 510 2614 argumenta
529 2536 609 2595 velut
629 2535 743 2594 horrida
764 2545 793 2595 et
822 2537 995 2612 confragosa
1015 2537 1137 2594 vitantes
1160 2535 1331 2593 amoeniori-

343 2620 397 2679 bus
418 2619 491 2678 locis
514 2619 660 2694 desident,
687 2635 782 2697 neque
810 2620 894 2679 aliter
916 2638 999 2697 quarn
1016 2619 1051 2693 ii,
1075 2620 1122 2696 qui
1145 2617 1291 2676 traduntur
1314 2636 1331 2676 a

344 2705 438 2781 poetis
460 2710 544 2779 gustu
572 2703 715 2762 cuiusdam
741 2702 815 2781 apud
833 2702 1018 2780 Lotophagos
1044 2703 1179 2778 graminis
1201 2710 1230 2760 et
1251 2701 1330 2759 Sire-

344 2805 409 2845 num
430 2794 511 2846 cantu
527 2785 644 2845 deleniti
661 2786 837 2864 voluptatem
853 2787 936 2846 saluti
951 2786 1134 2866 praetulisse,
1158 2785 1222 2844 dum
1236 2783 1330 2844 laudis

345 2871 473 2930 falsam
465 2871 615 2945 imaginem
637 2879 857 2948 persequuntur,
879 2873 953 2949 ipsa,
975 2878 1192 2968 propterquam
1214 2869 1329 2943 dicitur,

316 2955 464 3025 quictoria
487 2954 599 3013 cedunt.
635 2953 722 3032 Atqui
741 2963 849 3029 cetera,
870 2973 943 3032 quae
965 2955 1098 3014 continuo
1116 2952 1206 3028 magis
1222 2953 1329 3010 oratio·

344 3026 386 3096 nis
409 3046 500 3097 tractu
523 3037 693 3112 decurrunt,
718 3039 746 3096 in
765 3039 900 3097 auxilium
921 3047 1006 3114 atquc
1029 3045 1223 3096 ornamentum
1243 3052 1329 3110 argu·

343 3131 500 3181 mentorum
522 3083 730 3198 comparantur,
753 3122 908 3200 nervisque
930 3122 1003 3219 illis,
1027 3120 1128 3198 quibus
1151 3136 1237 3178 causa
1260 3135 1329 3177 con-

343 3207 457 3281 tinetur,
475 3205 607 3265 adiiciunt
621 3206 726 3265 inducti
741 3223 830 3282 super
849 3207 980 3282 eorporis
996 3207 1140 3283 speciem:
1157 3210 1197 3277 ut,
1216 3221 1240 3261 ει
1233 3202 1330 3261 forte

344 3288 409 3365 quid
432 3290 534 3348 lactum
550 3289 653 3349 traval
670 3297 745 3347 metu
760 3289 808 3348 vel
825 3289 978 3367 cupiditate
996 3289 1117 3362 dicatur,
1139 3287 1234 3359 latius,
1254 3303 1329 3363 quiae

345 3373 481 3448 cuiusque
498 3373 616 3433 allectus
629 3382 727 3432 natura
739 3374 786 3446 sit,
803 3390 1019 3450 prosequamur.
1051 3371 1155 3430 lisdem
1169 3368 1328 3444 laudamus,

343 3456 518 3531 incusamus,
547 3474 698 3532 augemus,
727 3458 891 3530 minuimus,
914 3455 1115 3529 describimus,
1137 3453 1327 3526 deterremus,

316 3540 498 3616 squerimur,
518 3541 710 3614 consolamur,
733 3539 886 3598 hortamur.
920 3539 978 3598 Sed
996 3538 1096 3598 horum
1111 3554 1177 3596 esse
1196 3554 1287 3615 opera
1301 3537 1328 3594 iu

299 3622 301 3628 ’
344 3622 430 3681 rebus
452 3631 499 3682 aut
522 3624 624 3697 certis,
653 3632 700 3682 aut
726 3622 761 3680 de
790 3622 892 3700 quibus
915 3631 1046 3700 tanquam
1068 3622 1154 3680 cartis
1176 3620 1327 3698 loquimur,

337 3715 449 3787 potest.
483 3705 545 3766 Neo
565 3706 710 3766 abnuerim
730 3723 795 3765 esse
812 3705 917 3784 aliquid
939 3708 967 3765 in
985 3705 1188 3781 delectatione,
1211 3704 1332 3766 multum.
