3184 4409
679 469 715 516 u.
727 468 805 516 nas.
819 467 1037 528 qumrmrmn

366 642 440 704 qnae
456 631 519 683 sunt
534 624 695 700 praesentis
712 622 870 700 temporis,
891 623 988 682 sinon
1003 623 1196 698 argumentis,
1214 639 1280 701 quae
1339 642 1358 691 n

365 727 450 768 cesse
466 717 509 765 est
525 709 740 784 praecessisse,
763 707 814 765 sed
831 704 923 764 oculis
940 705 1183 784 deprehendenda
1200 715 1276 782 sunt,
1341 733 1359 775 q

365 800 451 869 egent
467 791 647 850 coniectura:
675 799 704 848 ut
720 791 745 848 si
767 788 842 866 apud
856 787 1101 848 Lacedaemonios
1118 799 1283 867 quaeretur,
1298 784 1331 851 b

362 874 487 937 Athenis
505 877 584 934 mum
597 875 694 952 finnt?
737 872 795 932 Sed
812 880 841 931 et
854 871 940 949 illud,
963 872 1040 950 quod
1054 881 1153 950 potest
1168 873 1260 933 videri
1274 880 1333 933 em

363 959 435 1019 haec
460 960 599 1036 positum,
627 959 810 1016 coniecturae
835 973 944 1032 genus,
980 973 1043 1014 cum
1065 956 1101 1015 de
1124 956 1224 1034 aliquo
1245 957 1355 1017 bon'n'

363 1045 522 1122 quaeritur,
542 1039 597 1114 Qui
610 1042 661 1109 sit;
677 1049 708 1100 ut
723 1047 767 1098 est
784 1040 942 1116 quaesitum
957 1048 1057 1098 contra
1067 1038 1207 1099 Urbiniae
1222 1034 1335 1113 herold,

362 1127 412 1202 Si,
431 1128 482 1204 qui
494 1135 639 1202 tanquam
648 1125 729 1202 fildas
741 1123 864 1202 petebat
874 1123 970 1197 donn,
985 1121 1110 1201 Fiputos
1124 1132 1205 1184 essct
1221 1145 1265 1186 on
1274 1124 1336 1187 snut

335 1217 457 1288 opoter.
481 1208 551 1267 Nam
565 1217 594 1267 et
609 1207 765 1267 substantia
778 1208 840 1264 eius
856 1204 908 1263 sub
922 1205 1023 1264 oculos
1035 1208 1128 1283 venit,
1145 1215 1176 1266 ut
1192 1225 1254 1268 non
1267 1206 1340 1288 pud·

364 1294 478 1371 quaeri,
504 1291 549 1350 An
569 1294 622 1366 sit,
644 1290 787 1368 quomodo
805 1288 852 1347 An
872 1288 947 1348 ultra
966 1307 1119 1358 oceanum;
1143 1309 1200 1350 nec
1226 1291 1340 1366 Quidni

362 1396 418 1436 nec
432 1376 524 1450 Quale
540 1377 592 1450 sit,
611 1375 664 1434 sed
680 1373 734 1446 Qui
751 1370 808 1432 sit?
850 1370 958 1430 Verum
973 1372 1030 1432 boc
1047 1390 1162 1452 qnoque
1184 1393 1283 1451 genus
1301 1375 1341 1436 lib

364 1455 401 1519 'ex
418 1461 574 1538 praeterito
592 1458 714 1536 pendet,
731 1454 779 1516 An
793 1456 843 1516 bic
856 1456 896 1516 sil
912 1475 952 1516 ecc
965 1455 1091 1517 Urbinia
1101 1466 1194 1517 notus
1205 1457 1344 1521 Clusinius

362 1543 508 1622 Fipclcr?
535 1542 660 1601 Fuerunt
675 1549 768 1600 autem
783 1539 857 1599 tales
873 1541 979 1618 nostris
996 1541 1080 1599 etiam
1094 1542 1278 1618 temporibus
1294 1531 1359 1611 conl

364 1627 541 1700 troversiae,
568 1635 653 1702 atque
669 1624 782 1702 aliquae
798 1624 825 1681 in
841 1640 934 1682 meum
949 1641 1064 1701 quoque
1080 1626 1276 1701 patrocinium
1292 1618 1359 1686 inci'

336 1711 474 1774 oderunt.
508 1708 601 1768 Animi
619 1710 782 1768 coniectura
797 1723 854 1765 non
869 1706 954 1766 dubie
969 1709 997 1766 in
1012 1710 1105 1766 omnia
1120 1716 1256 1784 tempora
1275 1710 1348 1784 cadit

251 1811 254 1815 ·
365 1792 433 1866 Qun
449 1801 545 1854 mente
559 1791 702 1872 leporius
717 1793 749 1851 in
765 1787 878 1868 Africa
889 1791 1005 1868 faerit?
1027 1788 1095 1862 Qun
1108 1800 1209 1852 mente
1223 1792 1350 1874 Pyrrus

265 1954 268 1960 Ι
361 1879 471 1956 foedos
482 1879 588 1955 petet?
623 1875 777 1949 Quomodo
790 1876 911 1936 taturus
924 1876 964 1935 sit
976 1870 1110 1950 Cacsar,
1127 1875 1156 1935 si
1165 1873 1351 1940 Proteum

363 1959 535 2038 Pompeium
549 1962 716 2023 occiderit?

448 2042 601 2116 Quaeritur
619 2063 671 2123 per
693 2043 887 2102 coniecturam
902 2047 932 2100 et
947 2040 1112 2119 qualitatem
1132 2041 1213 2101 circa
1233 2042 1349 2118 modun,

364 2129 507 2207 speciem,
525 2147 685 2204 numerum,
701 2124 750 2186 An
767 2126 814 2186 sol
826 2125 925 2187 maior
940 2141 1030 2202 quom
1048 2127 1154 2187 terro?
1188 2124 1284 2188 Luna
1296 2129 1349 2206 plo·

337 2221 354 2276 7
362 2214 435 2275 bosa
450 2231 492 2272 an
504 2214 600 2290 plano
617 2233 657 2273 on
673 2211 787 2273 acuto?
817 2207 902 2269 Unus
918 2210 1049 2270 mundas
1063 2228 1103 2268 cn
1116 2209 1249 2287 plures?
1275 2209 1349 2270 Item-

364 2314 419 2375 que
443 2304 524 2356 extra
544 2297 687 2356 naturales
708 2295 911 2371 quaestiones,
938 2291 1039 2353 Maius
1060 2293 1170 2354 bellam
1194 2292 1350 2357 Troianam

363 2399 405 2442 on
426 2377 696 2458 Peloponnesium?
741 2375 848 2449 Qualis
874 2379 990 2456 clipeos
1012 2373 1159 2437 Aelnilio?
1205 2375 1256 2439 An
1281 2393 1351 2440 nnat

363 2462 533 2524 Hercules?
1014 2489 1018 2495 “

447 2545 478 2604 ln
494 2548 528 2605 iis
550 2554 661 2621 autem,
684 2564 757 2624 quae
774 2545 959 2606 accusatione
974 2561 1009 2604 ac
1026 2545 1194 2605 defensione
1215 2551 1353 2617 constant,

364 2647 447 2687 unum
463 2638 506 2687 est
521 2648 628 2706 genus,
651 2630 678 2687 in
695 2647 751 2707 quo
769 2632 960 2707 quaeritaret
978 2629 1014 2688 de
1029 2629 1105 2688 facto
1122 2628 1202 2686 etde
1221 2637 1353 2694 auctore;

364 2711 441 2789 quod
469 2714 579 2772 interim
602 2714 779 2774 coniunctam
802 2714 998 2790 quaestionem
1019 2712 1121 2786 babet,
1149 2720 1178 2770 et
1205 2720 1354 2788 utrumque

364 2797 473 2873 pariter
487 2805 621 2872 negatum
643 2798 754 2855 interim
765 2806 942 2876 separatam,
963 2814 1027 2855 cum
1039 2805 1067 2854 et
1080 2795 1186 2854 factum
1200 2796 1240 2854 sit
1254 2812 1354 2867 necne,

339 2888 396 2944 8et
417 2881 441 2937 si
462 2879 498 2938 de
519 2882 596 2939 lacto
615 2890 744 2956 constet,
764 2898 853 2958 aquo
870 2880 976 2939 lactum
987 2882 1040 2955 sit,
1056 2878 1217 2954 ambigitur.
1263 2878 1353 2957 Ipsum

366 2980 480 3042 quoque
501 2963 605 3024 iactum
626 2964 778 3040 aliquando
794 2964 953 3042 simplicem
975 2965 1172 3040 quaestionem
1187 2960 1293 3036 habet,
1315 2960 1354 3019 An

364 3048 449 3107 bomo
476 3049 609 3125 pe1·ierit;
645 3048 798 3125 aliquando
826 3047 984 3126 duplicem,
1013 3047 1132 3105 Veneno
1154 3062 1190 3103 an
1217 3044 1353 3104 cruditate

364 3133 492 3210 perierit.
537 3131 667 3190 Alterum
690 3141 734 3191 est
754 3149 845 3208 genus
867 3131 902 3190 de
925 3133 1002 3191 lacto
1024 3139 1146 3203 tantum,
1170 3145 1254 3203 cnm,
1285 3129 1311 3186 si
1331 3124 1354 3184 id

366 3225 474 3274 certum
494 3216 546 3291 sit,
568 3233 624 3274 non
649 3225 745 3292 potest
765 3216 801 3275 de
826 3224 945 3274 anctore
966 3213 1087 3273 dubitari
1095 3236 1102 3280 ;
1120 3213 1235 3271 tertium
1260 3212 1296 3271 de
1312 3227 1354 3270 au·

366 3307 446 3357 ctore
469 3308 589 3373 tantum,
612 3299 800 3359 comiaclum
821 3307 948 3373 constat,
971 3296 1039 3371 sed,
1064 3312 1158 3372 aquo
1181 3296 1217 3353 sit
1242 3296 1356 3367 iactum,

341 3381 393 3445 9in
416 3385 640 3443 controversiam
659 3386 747 3441 venit.
796 3381 834 3441 Et
859 3381 932 3457 boc,
963 3380 1040 3458 quod
1063 3382 1149 3438 tertio
1171 3378 1241 3437 loco
1263 3376 1356 3457 posui,

367 3482 424 3522 non
442 3474 486 3523 est
502 3468 633 3543 simplex.
672 3466 729 3525 Aut
746 3468 820 3525 enirn
840 3483 906 3524 reus
923 3466 1030 3524 fecisse
1050 3461 1242 3522 tantummodo
1260 3480 1292 3520 se
1309 3477 1357 3519 ne·

368 3557 418 3624 gat
432 3557 479 3607 aut
494 3550 578 3608 alium
592 3550 699 3609 iecisse
715 3550 790 3607 dicit.
830 3548 889 3608 Sed
903 3567 939 3607 ne
959 3550 987 3607 in
1002 3549 1122 3607 alterum
1136 3546 1253 3624 quidem
1268 3555 1357 3604 trans·

369 3633 479 3691 ferendi
502 3634 623 3692 criminis
644 3652 698 3692 una
719 3632 810 3691 forma
833 3640 885 3690 est.
923 3632 1066 3691 Interdum
1084 3632 1159 3690 enim
1180 3628 1359 3688 substituitur

368 3726 463 3777 mutua
490 3718 652 3794 accusatio,
679 3734 762 3795 quam
786 3715 888 3778 Graeci
903 3709 1146 3795 ἀντικατηγορῶν
1165 3721 1287 3789 vocant,
1309 3727 1359 3772 no-
