3184 4409
332 453 374 514 52
648 464 1006 526 trasumenum

333 621 456 698 denique
472 621 564 679 onmia
580 619 653 679 haec
672 621 707 679 ad
727 620 877 680 utilitatem
895 619 1043 680 causarum
1065 621 1156 681 solam
1170 621 1322 684 referenda

333 712 407 763 sunt.
452 701 535 763 Cultu
554 721 626 762 vero
645 713 730 780 atque
746 712 845 762 ornatu
860 722 894 763 se
915 722 1030 783 quoque
1054 705 1233 765 commendat
1248 709 1322 784 ipse,

334 789 382 865 qui
399 787 484 862 dicit,
501 796 529 845 et
545 790 574 846 in
588 790 692 846 ceteris
710 788 842 846 iudicium
857 787 1021 863 doctorum,
1039 789 1067 846 in
1082 787 1139 847 hoc
1154 806 1227 847 vero
1240 793 1323 848 etiam

304 871 501 949 3popularem
518 871 631 929 laudem
651 872 731 949 petit·
771 870 834 929 Nec
853 871 974 931 fortibus
989 872 1074 930 modo
1094 872 1147 931 sed
1169 874 1255 931 etiarn
1269 874 1322 932 ful·

332 953 465 1031 gentibus
481 956 565 1013 armis
581 954 739 1032 proeliatur
758 955 787 1013 in
803 972 889 1014 causa
905 953 1009 1014 Cicero
1026 953 1166 1022 Cornelii;
1196 957 1245 1035 qui
1268 974 1323 1015 non

331 1046 504 1097 consecutus
522 1047 601 1097 esset
620 1037 751 1097 docendo
773 1037 896 1097 iudicem
917 1047 1022 1098 tanturn
1038 1048 1067 1097 et
1086 1039 1193 1098 utiliter
1212 1041 1323 1099 demum

331 1139 364 1180 ac
379 1121 476 1180 Latine
498 1123 709 1200 perspicueque
732 1121 871 1197 dicendo,
892 1130 922 1180 ut
937 1123 1060 1200 populus
1075 1122 1219 1182 Romanus
1237 1125 1322 1184 admi·

330 1207 467 1263 rationem
493 1223 572 1263 suam
596 1223 653 1264 non
679 1206 885 1264 acclamatione
911 1214 1016 1265 tanturn
1039 1206 1091 1266 sed
1117 1208 1202 1265 etiarn
1221 1207 1323 1284 plausu

331 1289 524 1348 confiteretur.
564 1289 726 1352 Sublimitas
743 1289 876 1366 profecto
892 1298 921 1348 et
934 1289 1144 1366 magnificentia
1159 1292 1281 1349 et'nitcr
1296 1299 1324 1348 et

301 1375 486 1432 tauctoritas
507 1375 651 1449 expressit
672 1372 751 1431 illum
774 1373 929 1449 fragorem.
969 1373 1031 1432 Nec
1052 1382 1107 1433 tarn
1127 1374 1243 1433 insolita
1255 1375 1323 1433 'laus

330 1466 409 1514 esset
424 1465 579 1533 prosecuta
595 1457 753 1530 dicentem,
772 1457 796 1515 si
811 1459 913 1516 usitata
930 1465 959 1516 et
979 1459 1084 1516 ceteris
1104 1457 1204 1517 similis
1221 1457 1324 1516 fuisset

330 1541 433 1598 oratio.
474 1539 570 1615 Atque
594 1557 650 1615 ego
670 1540 737 1599 illos
754 1541 859 1615 credo,
878 1542 926 1619 qui
949 1540 1081 1615 aderant,
1107 1558 1161 1599 nec
1181 1543 1323 1616 sensisse,

330 1623 396 1700 quid
419 1623 563 1697 facerent,
589 1642 643 1682 nec
667 1631 770 1700 sponte
790 1624 954 1700 iudicioque
975 1625 1132 1702 plausisse;
1165 1625 1219 1684 sed
1244 1626 1325 1684 velut

328 1715 423 1764 mente
445 1715 545 1783 captos
566 1716 611 1780 et,
646 1723 701 1784 quo
724 1717 822 1766 essent
844 1709 873 1766 in
901 1707 985 1782 loco,
1008 1710 1125 1784 ignaros
1147 1709 1282 1786 erupisse
1298 1711 1325 1768 in

328 1789 403 1866 bunc
421 1789 577 1866 voluptatis
593 1791 734 1849 allectum.

300 1885 317 1937 5
412 1873 470 1932 Sed
485 1891 520 1931 ne
538 1892 642 1933 causae
659 1875 772 1951 quidem
787 1892 886 1952 pamm
901 1875 1013 1934 confert
1027 1874 1103 1934 idem
1117 1874 1164 1933 hic
1182 1876 1324 1934 orationis

328 1964 453 2015 ornatus.
490 1954 578 2033 Nam,
603 1960 649 2034 qui
669 1957 792 2017 libenter
807 1959 938 2033 audiunt,
960 1967 989 2018 et
1010 1961 1101 2035 magis
1122 1958 1273 2018 attendunt
1295 1968 1325 2018 et

326 2039 439 2099 facilius
451 2040 587 2115 credunt,
603 2042 772 2119 plerumque
787 2045 851 2120 ipsa
863 2042 1056 2101 delectatione
1073 2043 1238 2120 capiuntur,
1251 2059 1323 2101 non·

325 2142 466 2200 nunquam
482 2125 667 2184 admiratione
683 2126 857 2184 auferuntur.
895 2125 966 2186 Narn
986 2134 1015 2184 et
1031 2127 1137 2184 ferrum
1152 2125 1237 2184 affert
1253 2142 1322 2184 ocu·

327 2207 362 2266 lis
376 2210 495 2267 terroris
511 2208 633 2287 aliquid,
647 2218 675 2267 et
689 2208 806 2268 fulmina
820 2210 883 2284 ipsa
894 2227 951 2268 non
965 2218 1022 2270 tarn
1036 2227 1088 2268 nos
1102 2207 1322 2284 confunderent,

295 2293 351 2359 fisi
368 2293 412 2350 vis
429 2310 527 2351 eorum
543 2302 648 2352 tantum
663 2309 719 2350 non
735 2295 819 2352 etiam
834 2294 897 2370 ipse
912 2292 1010 2369 fulgor
1026 2295 1181 2351 timeretur.
1216 2291 1322 2352 Recte·

327 2393 382 2452 que
405 2373 508 2435 Cicero
531 2376 575 2435 his
597 2378 667 2453 ipsis
689 2376 724 2435 ad
746 2375 862 2434 Brutum
882 2376 979 2434 verbis
1004 2376 1124 2454 quadam
1143 2377 1172 2434 in
1196 2376 1322 2453 epistola

327 2457 442 2518 scribit:
466 2458 546 2520 Num
560 2461 776 2536 eloquentiam,
800 2477 880 2536 quae
893 2460 1126 2520 admirationem
1140 2478 1201 2519 mon
1221 2460 1323 2534 tabet,

326 2542 439 2602 nullam
459 2545 573 2604 iudico.
616 2543 745 2603 Eandem
762 2542 937 2603 Aristoteles
961 2561 1076 2622 quoque
1097 2542 1251 2622 petendam
1266 2560 1322 2601 ma·

325 2626 401 2683 xime
415 2636 503 2703 putat.

410 2710 468 2769 Sed
486 2710 533 2768 hic
550 2719 665 2769 ornatus
685 2711 829 2788 (repetam
843 2711 932 2789 enim)
952 2709 1043 2769 virilis
1060 2718 1089 2768 et
1107 2708 1190 2768 fortis
1213 2718 1243 2769 et
1259 2728 1323 2770 san·

327 2800 389 2850 ctus
404 2794 440 2851 sit
455 2796 509 2852 nec
526 2794 713 2852 effeminatam
726 2794 872 2853 levitatem
887 2803 915 2853 et
930 2794 997 2852 fuco
1013 2794 1176 2852 ementitum
1192 2794 1324 2852 colorem

297 2879 419 2950 iamet,
440 2879 578 2954 sanguine
600 2886 628 2936 et
652 2877 759 2936 viribus
782 2879 881 2936 niteat.
925 2877 988 2936 Hoc
1008 2886 1102 2970 augam
1122 2877 1196 2935 adeo
1222 2895 1323 2935 verum

327 2970 387 3034 est,
405 2970 449 3036 ut,
472 2979 534 3019 curn
548 2963 576 3018 in
590 2961 644 3019 hac
660 2964 786 3020 maxime
796 2970 878 3039 parte
895 2962 951 3019 sint
967 2962 1060 3019 vicina
1076 2959 1227 3018 virtutibus
1242 2962 1322 3034 vitia,

327 3046 425 3120 etiarn,
443 3048 489 3122 qui
506 3045 580 3104 vitiis
597 3054 725 3119 utuntur,
741 3045 874 3104 virtutum
889 3054 982 3103 tamen
998 3045 1031 3102 iis
1047 3060 1150 3102 nomen
1166 3046 1322 3121 imponant.

327 3127 422 3200 Quare
442 3145 525 3187 nemo
544 3146 580 3186 ex
597 3130 738 3205 corruptis
756 3129 847 3203 dicat,
870 3146 915 3187 me
935 3129 1077 3186 inimicum
1094 3145 1161 3185 esse
1182 3126 1260 3185 culte
1282 3126 1322 3185 di·

327 3211 465 3270 centibus.
503 3211 567 3270 Non
582 3212 655 3270 hanc
673 3230 739 3271 esse
755 3213 888 3270 virtutem
908 3228 1003 3288 nego,
1025 3211 1076 3269 sed
1100 3210 1158 3269 illis
1182 3228 1245 3269 eam
1265 3227 1323 3268 non

297 3294 429 3352 attribuo.
472 3296 516 3354 An
539 3313 595 3371 ego
617 3296 732 3355 fundum
756 3295 906 3355 cultiorem
921 3304 1034 3374 putem,
1055 3297 1082 3353 in
1101 3310 1158 3372 quo
1174 3293 1242 3353 mibi
1257 3294 1322 3372 quis

328 3378 484 3437 ostenderit
500 3379 555 3437 lilia
572 3389 600 3439 et
612 3379 703 3438 violas
720 3388 749 3437 et
763 3396 933 3453 anemonas,
950 3378 1045 3437 fontes
1055 3386 1225 3455 surgentes,
1238 3394 1323 3455 quam

326 3460 374 3518 ubi
390 3462 474 3537 plena
489 3464 591 3521 messis
610 3473 656 3521 aut
668 3481 773 3539 graves
791 3463 885 3521 fructu
901 3464 975 3521 vites
991 3458 1096 3521 erunt?
1117 3460 1247 3521 sterilem
1262 3460 1322 3538 pla·

327 3553 420 3602 tanum
436 3554 591 3622 tonsasque
603 3557 711 3620 myrtos
725 3564 808 3623 quam
818 3548 945 3605 maritam
960 3545 1064 3605 ulmum
1079 3554 1108 3604 et
1119 3543 1227 3604 uberes
1239 3545 1321 3605 oleas

326 3626 579 3705 praeoptaverim?
609 3629 738 3689 Habeant
758 3629 807 3688 illa
822 3630 940 3697 divites;
963 3629 1047 3696 licet:
1074 3629 1141 3706 quid
1157 3637 1273 3700 essent,
1297 3626 1320 3685 si

301 3711 406 3772 9aliud
428 3712 495 3771 nibil
514 3711 672 3771 baberent?
710 3713 851 3773 Nullusne
875 3730 946 3789 ergo
969 3714 1053 3772 etiarn
1074 3712 1223 3790 frugiferis
1244 3710 1320 3772 adlri·
