3184 4409
548 476 998 543 1rtsr.ounuoa.n1n.u111,4.
1220 471 1259 529 69

276 636 381 693 victam
400 632 598 692 continentiam
615 630 792 705 ostenderet,
812 648 885 707 quae
898 635 1040 709 corrumpi
1057 635 1260 710 speciosissimi

277 718 397 775 hominis
423 725 479 775 tam
501 714 584 774 obvia
609 715 755 773 voluntate
783 732 839 773 non
863 724 973 792 posset.
1006 715 1080 788 Quin
1101 736 1138 775 ex
1159 720 1303 780 instra-24

277 810 373 858 mento
391 816 506 876 quoque
528 798 646 857 heroum
666 799 779 856 illorum
801 798 963 875 magnitudo
986 801 1260 861 aestimandanobis

278 885 369 942 datur.
406 882 467 941 Huc
483 883 607 959 pertinet
630 883 741 958 clipeus
757 881 854 941 Aiacis
875 891 904 940 et
918 881 1013 940 Pelias
1028 882 1159 942 Achillis.
1198 885 1260 958 Qua

277 969 382 1025 virtute
404 968 522 1042 egregie
546 974 590 1024 cst
609 983 677 1024 usus
699 967 727 1023 in
749 963 880 1042 Cyclope
901 965 1056 1042 Vergilius.
1095 966 1166 1026 Nam
1185 968 1261 1044 quod

278 1049 348 1110 illud
364 1067 470 1127 corpus
485 1058 579 1108 mente
597 1050 765 1126 concipiam,
783 1051 862 1108 cuius

505 1131 627 1192 Trunca
641 1151 761 1192 maniam
777 1134 871 1210 pinus
886 1135 986 1210 repit?
1002 1163 1042 1179 -·

280 1213 374 1288 Quid?
397 1234 460 1275 cum
478 1219 531 1276 cia
546 1218 672 1277 loricam
693 1217 753 1276 duo
775 1218 967 1294 mitltiplicem
989 1218 1111 1278 coaaici
1130 1219 1302 1280 temerasse

277 1300 391 1379 feroci,
408 1309 528 1375 quantus
544 1299 710 1374 Demoleos,
727 1301 774 1376 qui
789 1300 901 1359 indutus
917 1319 951 1359 ea

480 1417 517 1428 -
542 1402 634 1445 cursa
649 1384 789 1461 palantes
807 1382 902 1444 Troas
923 1384 1057 1462 apebat?

281 1464 376 1540 Quid?
401 1462 437 1526 tt.
457 1466 564 1526 Tullius
588 1467 623 1526 de
637 1465 675 1525 Μ.
690 1464 807 1527 'Antonii
829 1466 938 1526 luxuria
959 1476 1064 1526 tantum
1080 1466 1188 1544 lingere
1207 1467 1262 1526 sal·

280 1560 337 1608 tem
352 1552 509 1627 potuisset,
536 1560 667 1627 quantum
683 1551 807 1610 ostendit
828 1551 966 1625 dicendo,
989 1550 1190 1630 conchyliatis
1209 1549 1262 1611 Ca.

283 1632 412 1712 Pompeii
432 1636 651 1712 peristromatis
664 1654 820 1696 seroorcm
838 1636 870 1695 ia
886 1637 969 1696 cellis
984 1643 1096 1697 stratos
1116 1636 1208 1695 lectos
1220 1636 1263 1695 ci·

281 1720 394 1778 dares?
431 1716 616 1793 Conchyliata
647 1719 848 1795 peristromata
878 1728 907 1778 et
938 1717 990 1778 Gn
1018 1719 1145 1796 Pompeii
1170 1727 1264 1778 terunt

281 1803 357 1859 servi
374 1811 402 1859 et
420 1803 517 1861 cellis:
540 1802 608 1861 nihil
630 1801 685 1861 dici
702 1802 902 1900 potestultra,
925 1812 1093 1862 etnecesse
1110 1811 1264 1862 esttamen

281 1885 388 1943 inlicito
404 1886 492 1966 plus
484 1904 512 1944 nr
532 1885 644 1944 domino
663 1887 801 1961 cogitare.
846 1884 899 1945 Est
919 1886 975 1945 hoc
995 1887 1087 1945 simile
1107 1886 1165 1961 illi,
1188 1886 1306 1964 quodid

281 1967 405 2044 ἔμφασις
426 1969 539 2035 dicitur;
563 1969 613 2034 sed
635 1969 684 2028 illa
707 1987 743 2028 ex
762 1968 853 2030 verbo
879 1969 935 2029 boc
962 1987 998 2027 ex
1019 1988 1052 2028 re
1072 1971 1264 2029 coniecturam

282 2052 351 2111 iacit
368 2061 502 2129 tantoque
518 2052 582 2130 plus
596 2052 689 2125 valet,
713 2062 817 2129 quanto
832 2070 880 2111 res
897 2055 959 2130 ipsa
973 2052 1070 2112 verbis
1087 2062 1131 2112 est
1148 2053 1263 2112 tirmior.

365 2135 464 2195 Potest
483 2136 587 2195 ascribi
610 2135 819 2213 amplificationi
842 2137 1038 2213 congeries
1060 2152 1175 2214 quoque
1200 2156 1263 2195 ver·

281 2217 382 2276 borum
405 2237 439 2278 ac
459 2222 660 2278 sententiarum
685 2218 758 2277 idem
780 2219 1006 2296 significantium.
1051 2219 1132 2292 Nam,
1155 2221 1264 2280 etiamsi

281 2319 339 2359 non
354 2321 406 2380 per
420 2302 525 2380 gradus
543 2303 712 2377 ascendant,
734 2311 828 2362 tamen
842 2303 921 2362 velut
936 2320 1041 2362 acervo
1058 2303 1180 2380 quodam
1195 2303 1264 2362 alle·

281 2394 398 2445 vantur:
431 2384 511 2458 Ouid
531 2388 609 2448 caim
633 2387 780 2461 tausille,
806 2385 940 2464 Tubero,
965 2389 1128 2447 destrictus
1148 2389 1180 2447 ia
1197 2391 1306 2448 aciebi

282 2467 464 2530 Pharsalica
476 2472 599 2549 plautius
610 2471 742 2548 apellat?
759 2472 845 2531 cuias
855 2473 896 2532 lat
898 2491 935 2531 as
948 2473 999 2532 ille
1009 2489 1113 2532 mucro
1126 2472 1266 2548 petebant

282 2554 335 2630 qui
348 2573 455 2614 sensus
472 2564 537 2614 erat
554 2573 707 2616 armorum
724 2557 865 2620 tuorum?
877 2571 957 2632 quae
973 2563 1026 2615 toa
1040 2558 1145 2616 meras?
1163 2555 1265 2616 oculi?

280 2639 412 2698 manos?
434 2640 531 2699 ardor
544 2627 665 2698 animi?
687 2639 761 2714 qaid
775 2640 951 2737 capiebas?
958 2640 1033 2716 ataid
1048 2640 1196 2717 optabas?
1222 2641 1265 2699 Si·

281 2721 348 2779 mile
370 2730 414 2780 est
434 2720 490 2780 hoc
504 2721 627 2798 figurae,
650 2739 732 2819 quam
754 2713 974 2822 συναθροισμὸν
992 2732 1111 2789 vocant;
1135 2724 1186 2782 sed
1206 2723 1266 2784 illic

283 2804 405 2882 plurium
425 2822 520 2863 rerum
544 2813 588 2864 est
610 2806 780 2882 congeries,
796 2805 843 2864 bic
857 2825 938 2867 unius
950 2807 1157 2884 multiplicatio
1187 2804 1266 2866 llaec

283 2889 366 2946 etiam
382 2906 516 2947 crescere
528 2889 603 2947 solet
617 2889 714 2949 verbis
732 2889 861 2948 omnibus
875 2891 958 2950 altius
971 2900 1056 2968 atque
1072 2890 1184 2950 altius'
1176 2908 1265 2949 rusur-

281 2971 415 3048 gentibus
426 2993 432 3030 :
445 2969 563 3032 Aderat
572 2975 683 3034 iurator
700 2975 849 3048 carceris,
863 2976 1004 3053 carnifex
1010 2976 1175 3052 praetoris,
1186 2991 1267 3034 mors

282 3065 440 3132 terrorque
456 3059 606 3125 sociorum
626 3065 654 3119 ct
668 3059 776 3118 daiam
795 3056 1013 3132 Romanorum,
1029 3059 1117 3118 lictis
1133 3056 1265 3120 Sestias.

367 3138 475 3198 Eadem
500 3139 563 3198 iere
592 3149 637 3198 est
665 3141 737 3199 ratio
768 3141 919 3200 minuendi.
964 3140 1036 3200 Nam
1063 3141 1180 3200 totidem
1204 3149 1309 3204 euntis

282 3222 503 3282 ascendentibus
533 3233 601 3301 quot
628 3222 867 3282 descendentibus
892 3224 1007 3300 gradus.
1056 3222 1183 3302 ldeoque
1208 3242 1265 3283 uno

273 3322 335 3364 'ero
360 3306 494 3384 exemplo
515 3315 663 3366 contentus
687 3307 748 3366 eius
770 3306 843 3380 loci,
872 3324 929 3384 quo
952 3305 1057 3366 Cicero
1080 3306 1116 3365 de
1137 3309 1266 3368 oratione

283 3389 359 3449 Rulli
374 3390 447 3449 haec
462 3390 544 3450 dicit:
566 3388 663 3451 Pauci
675 3399 790 3467 tamon,
809 3391 861 3468 qai
870 3391 1004 3469 proximi
1019 3392 1193 3467 astiterant,
1212 3411 1266 3453 ae·

266 3476 347 3534 scio
369 3473 443 3551 quid
466 3476 549 3534 iliam
568 3475 607 3534 de
630 3477 695 3552 layo
717 3477 848 3551 cararia
865 3475 979 3536 calciso
1003 3475 1106 3536 dicere
1127 3477 1267 3555 suspica·

282 3557 403 3621 doctor
444 3555 527 3630 Quod
549 3558 572 3614 si
593 3557 628 3616 ad
645 3557 821 3618 intellectum
835 3557 962 3634 referas,
982 3559 1097 3617 minutio
1114 3570 1173 3628 est;
1194 3561 1218 3619 si
1232 3559 1268 3618 ad

284 3640 523 3714 obscuritatem,
515 3651 727 3700 incrementum.

370 3726 437 3784 Scio
467 3741 554 3804 posse
577 3725 668 3786 videri
695 3724 860 3805 quibusdam
884 3694 1012 3804 speciem
1042 3726 1309 3805 amplificationem
