3184 4409
560 465 979 534 rusr.ounr0a.n113.x‚1.
995 466 1020 516 t.
1229 435 1296 539 tot

294 638 356 680 runt
373 621 531 681 insectator
545 621 607 681 fuit.
637 620 744 682 Multae
760 623 789 680 iu
801 637 837 680 eo
850 622 1005 699 claraeque
1016 625 1187 698 sententiae,
1203 623 1291 682 multa

296 706 379 764 etiarn
395 723 503 764 morum
519 708 611 782 gratia
627 706 765 783 legenda;
784 705 837 764 sed
853 707 881 763 in
897 705 1060 785 eloquendo
1077 716 1211 784 corrupta
1227 708 1290 784 ple·

294 805 384 864 raque
401 798 487 866 atquc
501 807 536 848 eo
549 790 803 868 perniciosissima,
821 789 897 865 quod
908 790 1049 849 abundant
1061 791 1192 850 dulcibus
1205 793 1289 849 vitiis.

295 871 395 931 Velles
413 892 476 932 eum
489 891 541 932 suo
557 875 672 950 ingenio
684 873 803 948 dixisse,
820 872 913 933 alieno
927 874 1041 933 iudicio.
1070 873 1141 933 Nam
1156 876 1180 932 si
1196 875 1290 952 aliqua
1299 890 1350 944 130

297 959 529 1035 contempsisset,
548 959 572 1015 si
589 966 699 1035 partem
715 975 771 1015 nou
787 958 988 1035 concupisset,
1014 959 1039 1016 si
1059 975 1116 1016 non
1132 960 1224 1016 omnia
1239 975 1290 1016 sua

295 1049 436 1117 amasset,
459 1041 483 1098 si
505 1058 600 1100 rerum
623 1041 752 1119 pondera
774 1042 966 1100 minutissimis
988 1043 1136 1100 sententiis
1159 1058 1215 1099 nou
1234 1040 1290 1100 ire-

294 1124 402 1198 gisset:
436 1141 579 1185 consensu
601 1126 696 1203 potius
717 1124 891 1185 eruditorum
912 1142 995 1202 quam
1017 1142 1170 1204 puerorum
1193 1142 1291 1183 amore

294 1206 542 1284 comprobaretur.
570 1206 677 1268 Verum
693 1209 736 1268 sic
752 1225 868 1287 quoque
888 1209 943 1268 iarn
956 1209 1081 1268 robustis
1098 1210 1128 1269 e't
1141 1209 1290 1268 severiore
1298 1223 1347 1276 131

292 1307 404 1365 genere
419 1294 490 1351 satis
507 1292 623 1352 firmatis
636 1291 776 1368 legendus
788 1293 837 1352 vel
848 1292 925 1368 ideo,
942 1293 1018 1372 quod
1035 1310 1175 1353 exercere
1193 1301 1291 1371 potest

293 1375 426 1450 utrinque
442 1376 586 1435 iudicium.
614 1375 702 1436 Multa
714 1378 799 1451 enim,
815 1385 845 1435 ut
857 1376 925 1454 dixi,
941 1376 1090 1455 probanda
1101 1378 1129 1435 iu
1140 1393 1187 1451 eo,
1204 1375 1291 1434 multa

293 1457 379 1516 etiarn
394 1458 557 1519 admiranda
580 1469 661 1535 suut,
684 1460 796 1538 eligere
817 1462 903 1520 rnodo
920 1479 1006 1520 curae
1020 1463 1070 1529 sit:
1095 1461 1171 1537 quod
1185 1460 1291 1518 utinam

292 1543 357 1618 ipse
378 1541 508 1603 iecisset.
536 1542 630 1620 Digna
644 1546 717 1604 enim
729 1545 782 1605 fuit
793 1545 842 1605 illa
854 1554 963 1621 natura,
975 1563 1048 1623 quae
1059 1545 1178 1605 meliora
1188 1543 1289 1618 vellet,

293 1628 368 1702 quae
384 1626 460 1703 quod
475 1627 567 1687 voluit
583 1628 689 1689 effecit.

662 1823 705 1872 DE
721 1823 921 1873 lMlTATIONE.

377 1926 413 1988 Π.
446 1926 492 1988 Ex
507 1928 553 1992 bis
569 1934 735 2012 ceterisque
751 1934 878 1994 lectione
894 1935 986 2010 dignis
1003 1933 1166 2006 auctoribus
1181 1943 1210 1993 et
1224 1953 1289 1994 ver·

291 2017 394 2095 borum
410 2017 545 2078 sumenda
559 2020 643 2096 copia
659 2028 704 2078 est
722 2027 750 2078 et
759 2021 884 2078 varietas
899 2019 1051 2094 ligurarum
1063 2026 1092 2076 et
1101 2017 1290 2095 componendi

291 2103 383 2176 ratio,
406 2110 465 2160 turn
486 2100 522 2160 ad
544 2102 707 2180 exemplum
725 2103 859 2162 virtutum
879 2102 1001 2160 omnium
1023 2118 1103 2158 mens
1128 2099 1286 2176 dirigenda.

291 2185 395 2263 Neque
410 2186 484 2244 enim
498 2185 620 2246 dubitari
637 2195 752 2264 potest,
775 2187 841 2263 quin
856 2185 925 2244 artis
940 2202 1007 2263 pars
1025 2202 1126 2260 magna
1143 2186 1287 2243 continea-

291 2279 337 2328 tur
351 2270 568 2329 imitatione.
604 2268 676 2330 Nam
692 2279 722 2329 ut
738 2271 867 2330 invenire
883 2271 1001 2348 primurn
1020 2268 1072 2327 fuit
1087 2277 1189 2344 estque
1204 2285 1287 2344 prae·

293 2352 426 2430 cipuurn:
444 2354 487 2412 sic
504 2371 548 2428 ea,
566 2371 640 2432 quae
662 2353 737 2414 bene
752 2356 867 2414 inventa
883 2362 962 2427 sunt,
980 2351 1050 2411 utile
1066 2353 1158 2428 sequi.
1191 2350 1316 2429 Atqueo

292 2438 384 2495 omnis
400 2439 477 2496 vitae
501 2439 574 2496 ratio
597 2439 640 2497 sio
660 2447 792 2514 constat,
815 2446 846 2497 ut
867 2454 940 2515 quae
955 2434 1109 2515 probamus
1125 2436 1152 2494 in
1166 2433 1230 2494 aliis
1245 2435 1286 2495 ia-

292 2539 361 2579 cere
383 2521 438 2599 ipsi
462 2520 593 2580 velimus.
631 2523 680 2581 Sic
702 2522 859 2583 litterarum
884 2519 1002 2594 ductus,
1023 2528 1055 2579 ut
1074 2517 1217 2578 scribendi
1239 2518 1287 2578 liat

291 2623 370 2679 usus,
393 2605 475 2683 pueri
489 2614 660 2682 sequuntur:
677 2606 721 2664 sio
735 2606 835 2665 musici
849 2621 952 2663 vocem
967 2602 1138 2677 docentium,
1158 2605 1287 2681 pictores

291 2705 383 2767 opera
408 2690 549 2766 priorum,
577 2691 677 2750 rustici
698 2690 847 2768 probatam
873 2689 1070 2766 experimento
1096 2687 1233 2748 culturam
1258 2686 1288 2743 iu

292 2771 455 2848 exemplum
471 2772 626 2842 intuentum
644 2776 733 2834 omnis
751 2773 876 2850 denique
893 2771 1062 2850 disciplinae
1077 2772 1154 2831 initia
1169 2769 1204 2830 ad
1219 2785 1285 2847 pro-

291 2857 415 2933 positum
441 2855 495 2915 sibi
516 2859 726 2935 praescriptum
748 2857 864 2917 formari
880 2856 1018 2916 videmus.
1051 2854 1088 2915 Et
1102 2854 1221 2915 hercule
1236 2867 1315 2922 ue·3

292 2957 377 2999 cesse
392 2948 436 2998 est
454 2948 500 2999 aut
511 2941 619 3000 similes
635 2951 683 3002 aut
694 2941 847 3001 dissimiles
860 2939 942 2999 bonis
956 2942 1053 2999 simus.
1083 2938 1209 2999 Similem
1218 2951 1285 2995 raro

291 3032 391 3083 natura
413 3034 558 3101 praestat,
581 3025 749 3103 frequenter
768 3025 897 3084 imitatio.
927 3024 985 3084 Sed
1007 3023 1063 3083 hoo
1084 3024 1186 3101 ipsum,
1209 3018 1287 3096 quod

291 3115 370 3164 tanto
384 3106 544 3167 faciliorem
559 3107 641 3168 nobis
662 3110 802 3168 rationem
825 3109 946 3166 omnium
972 3107 1040 3167 iacit
1061 3123 1143 3182 quam
1166 3103 1218 3162 iuit
1238 3103 1283 3178 iis,

293 3189 340 3265 qni
356 3189 424 3247 nihil
440 3191 516 3267 quod
531 3201 722 3269 sequerentur
740 3189 916 3266 babuerunt,
941 3193 995 3250 nisi
1013 3196 1099 3249 caute
1118 3197 1147 3246 et
1164 3205 1227 3247 cum
1242 3186 1283 3244 in·

292 3271 367 3329 dicio
385 3274 617 3351 apprehenditur,
635 3284 731 3334 nocet.
803 3320 805 3325 ,

375 3368 450 3428 Ante
467 3372 559 3431 omnia
580 3372 667 3448 igitur
687 3373 804 3433 imitatio
821 3391 875 3453 per
888 3389 922 3432 se
935 3372 998 3450 ipsa
1018 3387 1075 3429 non
1090 3368 1211 3444 suflicit,
1234 3367 1312 3428 vell

293 3452 358 3529 quia
376 3453 450 3530 pigri
466 3463 510 3513 est
533 3456 639 3531 ingenii
662 3464 825 3517 contentum
847 3475 914 3518 esse
936 3456 986 3528 iis,
1011 3472 1084 3533 quae
1098 3455 1154 3512 sint
1167 3450 1203 3511 ab
1219 3452 1282 3511 aliis

292 3539 416 3595 inventa.
449 3535 523 3610 Quid
538 3540 611 3607 enirn
627 3540 750 3600 futurum
770 3550 832 3601 erat
848 3538 1024 3618 temporibus
1039 3537 1112 3613 iliis,
1133 3554 1206 3615 quae
1220 3536 1283 3593 sine

292 3621 427 3699 exemplo
442 3621 566 3698 fuerunt,
578 3625 604 3684 si
614 3624 743 3685 homines
754 3624 834 3700 nibil,
845 3626 899 3684 nisi
912 3622 1054 3702 quodiam
1067 3620 1281 3698 cognovissent,

291 3704 451 3767 faciendum
466 3705 520 3766 sibi
541 3715 589 3768 aut
604 3708 786 3788 cogitandum
805 3705 973 3790 putassent?
1001 3704 1114 3784 Nempe
1127 3704 1196 3764 nibil
1212 3703 1281 3764 luis·
