<?xml version="1.0" encoding="UTF-8"?>
<!DOCTYPE html PUBLIC "-//W3C//DTD XHTML 1.0 Transitional//EN"
    "http://www.w3.org/TR/xhtml1/DTD/xhtml1-transitional.dtd">
<html xmlns="http://www.w3.org/1999/xhtml" xml:lang="en" lang="en">
 <head>
  <title>
</title>
<meta http-equiv="Content-Type" content="text/html;charset=utf-8" />
  <meta name='ocr-system' content='tesseract 3.04.00' />
  <meta name='ocr-capabilities' content='ocr_page ocr_carea ocr_par ocr_line ocrx_word'/>
</head>
<body>
  <div class='ocr_page' id='page_1' title='image "./mfabiiquintilia02quingoog_0246.png"; bbox 0 0 3184 4409; ppageno 0'>
   <div class='ocr_carea' id='block_1_1' title="bbox 341 435 1015 540">
    <p class='ocr_par' dir='ltr' id='par_1_1' title="bbox 341 435 1015 540">
     <span class='ocr_line' id='line_1_1' title="bbox 341 435 1015 540; baseline 0.001 -13"><span class='ocrx_word' id='word_1_1' title='bbox 341 464 402 528; x_wconf 85' lang='lat'>218</span> <span class='ocrx_word' id='word_1_2' title='bbox 654 435 1015 540; x_wconf 59' lang='lat' dir='ltr'>unuscunrrnmru</span> 
     </span>
    </p>
   </div>
   <div class='ocr_carea' id='block_1_2' title="bbox 280 632 1338 3810">
    <p class='ocr_par' dir='ltr' id='par_1_2' title="bbox 280 632 1338 3810">
     <span class='ocr_line' id='line_1_2' title="bbox 340 632 1338 713; baseline 0.004 -21"><span class='ocrx_word' id='word_1_3' title='bbox 340 650 521 712; x_wconf 80' lang='lat' dir='ltr'>quassaque</span> <span class='ocrx_word' id='word_1_4' title='bbox 538 633 696 711; x_wconf 75' lang='lat' dir='ltr'><strong>generatim</strong></span> <span class='ocrx_word' id='word_1_5' title='bbox 710 632 826 698; x_wconf 78' lang='lat' dir='ltr'><strong>tradere</strong></span> <span class='ocrx_word' id='word_1_6' title='bbox 838 643 882 694; x_wconf 89' lang='lat' dir='ltr'>sat</span> <span class='ocrx_word' id='word_1_7' title='bbox 894 643 957 710; x_wconf 91' lang='lat' dir='ltr'>est,</span> <span class='ocrx_word' id='word_1_8' title='bbox 974 653 1037 695; x_wconf 90' lang='lat' dir='ltr'>cum</span> <span class='ocrx_word' id='word_1_9' title='bbox 1050 653 1088 694; x_wconf 84' lang='lat' dir='ltr'>ex</span> <span class='ocrx_word' id='word_1_10' title='bbox 1099 632 1229 713; x_wconf 82' lang='lat' dir='ltr'>qualibet</span> <span class='ocrx_word' id='word_1_11' title='bbox 1241 633 1338 696; x_wconf 80' lang='lat' dir='ltr'>earum</span> 
     </span>
     <span class='ocr_line' id='line_1_3' title="bbox 330 716 1336 797; baseline 0.004 -23"><span class='ocrx_word' id='word_1_12' title='bbox 330 716 552 777; x_wconf 88' lang='lat' dir='ltr'>innumerabilis</span> <span class='ocrx_word' id='word_1_13' title='bbox 574 725 806 793; x_wconf 85' lang='lat' dir='ltr'>argumentorum</span> <span class='ocrx_word' id='word_1_14' title='bbox 827 719 912 796; x_wconf 90' lang='lat' dir='ltr'>copia</span> <span class='ocrx_word' id='word_1_15' title='bbox 937 719 1059 787; x_wconf 87' lang='lat' dir='ltr'>oriatur;</span> <span class='ocrx_word' id='word_1_16' title='bbox 1084 736 1180 796; x_wconf 87' lang='lat' dir='ltr'>neque</span> <span class='ocrx_word' id='word_1_17' title='bbox 1200 736 1255 797; x_wconf 91' lang='lat' dir='ltr'>per</span> <span class='ocrx_word' id='word_1_18' title='bbox 1281 721 1336 778; x_wconf 88' lang='lat' dir='ltr'>sin-</span> 
     </span>
     <span class='ocr_line' id='line_1_4' title="bbox 339 800 1337 881; baseline 0.002 -21"><span class='ocrx_word' id='word_1_19' title='bbox 339 800 422 878; x_wconf 88' lang='lat' dir='ltr'>gulas</span> <span class='ocrx_word' id='word_1_20' title='bbox 444 802 559 880; x_wconf 88' lang='lat' dir='ltr'>species</span> <span class='ocrx_word' id='word_1_21' title='bbox 581 803 687 878; x_wconf 84' lang='lat' dir='ltr'><strong>exequi</strong></span> <span class='ocrx_word' id='word_1_22' title='bbox 709 801 834 878; x_wconf 89' lang='lat' dir='ltr'>patiatur</span> <span class='ocrx_word' id='word_1_23' title='bbox 853 810 953 863; x_wconf 87' lang='lat' dir='ltr'>natura</span> <span class='ocrx_word' id='word_1_24' title='bbox 973 819 1084 878; x_wconf 91' lang='lat' dir='ltr'>rerum,</span> <span class='ocrx_word' id='word_1_25' title='bbox 1109 803 1186 881; x_wconf 87' lang='lat' dir='ltr'>qnod</span> <span class='ocrx_word' id='word_1_26' title='bbox 1207 803 1337 881; x_wconf 86' lang='lat' dir='ltr'>quisunt</span> 
     </span>
     <span class='ocr_line' id='line_1_5' title="bbox 338 882 1335 963; baseline 0.002 -19"><span class='ocrx_word' id='word_1_27' title='bbox 338 885 437 945; x_wconf 87' lang='lat' dir='ltr'>iacere</span> <span class='ocrx_word' id='word_1_28' title='bbox 460 885 571 959; x_wconf 87' lang='lat' dir='ltr'>conati,</span> <span class='ocrx_word' id='word_1_29' title='bbox 598 883 653 944; x_wconf 89' lang='lat' dir='ltr'>duc</span> <span class='ocrx_word' id='word_1_30' title='bbox 675 882 785 963; x_wconf 86' lang='lat' dir='ltr'>parite&#39;r</span> <span class='ocrx_word' id='word_1_31' title='bbox 807 884 955 944; x_wconf 88' lang='lat' dir='ltr'>subierunt</span> <span class='ocrx_word' id='word_1_32' title='bbox 974 886 1170 962; x_wconf 86' lang='lat' dir='ltr'>incommoda,</span> <span class='ocrx_word' id='word_1_33' title='bbox 1192 895 1223 945; x_wconf 89' lang='lat' dir='ltr'>ut</span> <span class='ocrx_word' id='word_1_34' title='bbox 1244 894 1276 946; x_wconf 88' lang='lat' dir='ltr'>et</span> <span class='ocrx_word' id='word_1_35' title='bbox 1296 888 1335 946; x_wconf 88' lang='lat' dir='ltr'>ni·</span> 
     </span>
     <span class='ocr_line' id='line_1_6' title="bbox 281 968 1335 1047; baseline 0.002 -20"><span class='ocrx_word' id='word_1_36' title='bbox 281 975 329 1028; x_wconf 89' lang='lat'>101</span> <span class='ocrx_word' id='word_1_37' title='bbox 338 969 421 1027; x_wconf 89' lang='lat' dir='ltr'>mium</span> <span class='ocrx_word' id='word_1_38' title='bbox 439 970 569 1028; x_wconf 75' lang='lat' dir='ltr'>dicerent</span> <span class='ocrx_word' id='word_1_39' title='bbox 589 986 644 1028; x_wconf 90' lang='lat' dir='ltr'>uec</span> <span class='ocrx_word' id='word_1_40' title='bbox 664 977 760 1027; x_wconf 89' lang='lat' dir='ltr'>tamen</span> <span class='ocrx_word' id='word_1_41' title='bbox 779 976 879 1027; x_wconf 89' lang='lat' dir='ltr'>totum.</span> <span class='ocrx_word' id='word_1_42' title='bbox 923 968 992 1028; x_wconf 94' lang='lat' dir='ltr'>lnde</span> <span class='ocrx_word' id='word_1_43' title='bbox 1007 970 1137 1047; x_wconf 82' lang='lat' dir='ltr'>plurimi,</span> <span class='ocrx_word' id='word_1_44' title='bbox 1158 987 1223 1029; x_wconf 89' lang='lat' dir='ltr'>cum</span> <span class='ocrx_word' id='word_1_45' title='bbox 1238 971 1268 1028; x_wconf 93' lang='lat' dir='ltr'>in</span> <span class='ocrx_word' id='word_1_46' title='bbox 1282 969 1335 1029; x_wconf 84' lang='lat' dir='ltr'>laos</span> 
     </span>
     <span class='ocr_line' id='line_1_7' title="bbox 338 1050 1335 1130; baseline 0.001 -18"><span class='ocrx_word' id='word_1_47' title='bbox 338 1052 559 1129; x_wconf 82' lang='lat' dir='ltr'>inexplicabiles</span> <span class='ocrx_word' id='word_1_48' title='bbox 581 1050 702 1129; x_wconf 87' lang='lat' dir='ltr'>laqueos</span> <span class='ocrx_word' id='word_1_49' title='bbox 723 1052 897 1128; x_wconf 90' lang='lat' dir='ltr'>inciderunt,</span> <span class='ocrx_word' id='word_1_50' title='bbox 926 1069 1054 1127; x_wconf 86' lang='lat' dir='ltr'>omnem,</span> <span class='ocrx_word' id='word_1_51' title='bbox 1085 1054 1168 1112; x_wconf 91' lang='lat' dir='ltr'>etiam</span> <span class='ocrx_word' id='word_1_52' title='bbox 1190 1069 1277 1130; x_wconf 82' lang='lat' dir='ltr'>quem</span> <span class='ocrx_word' id='word_1_53' title='bbox 1300 1072 1335 1114; x_wconf 84' lang='lat' dir='ltr'>ex</span> 
     </span>
     <span class='ocr_line' id='line_1_8' title="bbox 337 1134 1336 1213; baseline 0.003 -19"><span class='ocrx_word' id='word_1_54' title='bbox 337 1138 453 1213; x_wconf 89' lang='lat' dir='ltr'>iugenio</span> <span class='ocrx_word' id='word_1_55' title='bbox 476 1153 529 1195; x_wconf 90' lang='lat' dir='ltr'>suc</span> <span class='ocrx_word' id='word_1_56' title='bbox 551 1144 684 1213; x_wconf 89' lang='lat' dir='ltr'>poterant</span> <span class='ocrx_word' id='word_1_57' title='bbox 704 1134 829 1210; x_wconf 87' lang='lat' dir='ltr'>habere,</span> <span class='ocrx_word' id='word_1_58' title='bbox 855 1144 987 1195; x_wconf 88' lang='lat' dir='ltr'>conatum</span> <span class='ocrx_word' id='word_1_59' title='bbox 1007 1137 1088 1196; x_wconf 85' lang='lat' dir='ltr'>velut</span> <span class='ocrx_word' id='word_1_60' title='bbox 1110 1137 1220 1196; x_wconf 89' lang='lat' dir='ltr'>astricti</span> <span class='ocrx_word' id='word_1_61' title='bbox 1247 1138 1336 1197; x_wconf 88' lang='lat' dir='ltr'>certia</span> 
     </span>
     <span class='ocr_line' id='line_1_9' title="bbox 338 1218 1333 1297; baseline 0.002 -18"><span class='ocrx_word' id='word_1_62' title='bbox 338 1220 435 1296; x_wconf 86' lang='lat' dir='ltr'>legum</span> <span class='ocrx_word' id='word_1_63' title='bbox 450 1220 572 1279; x_wconf 89' lang='lat' dir='ltr'>vinculis</span> <span class='ocrx_word' id='word_1_64' title='bbox 586 1218 787 1297; x_wconf 89' lang='lat' dir='ltr'>perdiderunt,</span> <span class='ocrx_word' id='word_1_65' title='bbox 813 1227 841 1278; x_wconf 88' lang='lat' dir='ltr'>et</span> <span class='ocrx_word' id='word_1_66' title='bbox 855 1221 1021 1296; x_wconf 89' lang='lat' dir='ltr'>magistrum</span> <span class='ocrx_word' id='word_1_67' title='bbox 1042 1221 1234 1297; x_wconf 78' lang='lat' dir='ltr'>respicientes</span> <span class='ocrx_word' id='word_1_68' title='bbox 1256 1229 1333 1280; x_wconf 84' lang='lat' dir='ltr'>natu·</span> 
     </span>
     <span class='ocr_line' id='line_1_10' title="bbox 280 1300 1335 1382; baseline -0.001 -19"><span class='ocrx_word' id='word_1_69' title='bbox 280 1310 398 1363; x_wconf 75' lang='lat' dir='ltr'>miram</span> <span class='ocrx_word' id='word_1_70' title='bbox 421 1303 523 1363; x_wconf 90' lang='lat' dir='ltr'>ducem</span> <span class='ocrx_word' id='word_1_71' title='bbox 538 1304 632 1382; x_wconf 78' lang='lat' dir='ltr'>‘sequi</span> <span class='ocrx_word' id='word_1_72' title='bbox 656 1302 812 1362; x_wconf 89' lang='lat' dir='ltr'>desierunt.</span> <span class='ocrx_word' id='word_1_73' title='bbox 856 1300 929 1362; x_wconf 90' lang='lat' dir='ltr'>Nam</span> <span class='ocrx_word' id='word_1_74' title='bbox 952 1311 984 1362; x_wconf 90' lang='lat' dir='ltr'>ut</span> <span class='ocrx_word' id='word_1_75' title='bbox 1002 1321 1057 1380; x_wconf 90' lang='lat' dir='ltr'>per</span> <span class='ocrx_word' id='word_1_76' title='bbox 1076 1320 1110 1362; x_wconf 90' lang='lat' dir='ltr'>se</span> <span class='ocrx_word' id='word_1_77' title='bbox 1130 1320 1188 1362; x_wconf 88' lang='lat' dir='ltr'>nou</span> <span class='ocrx_word' id='word_1_78' title='bbox 1210 1304 1335 1364; x_wconf 84' lang='lat' dir='ltr'>sufficiet</span> 
     </span>
     <span class='ocr_line' id='line_1_11' title="bbox 338 1385 1334 1466; baseline 0 -20"><span class='ocrx_word' id='word_1_79' title='bbox 338 1389 430 1462; x_wconf 86' lang='lat' dir='ltr'>scine,</span> <span class='ocrx_word' id='word_1_80' title='bbox 458 1403 557 1446; x_wconf 87' lang='lat' dir='ltr'>ornnes</span> <span class='ocrx_word' id='word_1_81' title='bbox 580 1385 766 1464; x_wconf 83' lang='lat' dir='ltr'>probationes</span> <span class='ocrx_word' id='word_1_82' title='bbox 789 1394 838 1445; x_wconf 91' lang='lat' dir='ltr'>ant</span> <span class='ocrx_word' id='word_1_83' title='bbox 859 1403 876 1445; x_wconf 94' lang='lat' dir='ltr'>a</span> <span class='ocrx_word' id='word_1_84' title='bbox 896 1388 1029 1465; x_wconf 88' lang='lat' dir='ltr'>personis</span> <span class='ocrx_word' id='word_1_85' title='bbox 1051 1395 1099 1446; x_wconf 89' lang='lat' dir='ltr'>ant</span> <span class='ocrx_word' id='word_1_86' title='bbox 1120 1404 1136 1447; x_wconf 90' lang='lat' dir='ltr'>a</span> <span class='ocrx_word' id='word_1_87' title='bbox 1156 1386 1246 1446; x_wconf 89' lang='lat' dir='ltr'>rebus</span> <span class='ocrx_word' id='word_1_88' title='bbox 1264 1389 1334 1466; x_wconf 90' lang='lat' dir='ltr'>peti,</span> 
     </span>
     <span class='ocr_line' id='line_1_12' title="bbox 339 1469 1336 1550; baseline 0.001 -20"><span class='ocrx_word' id='word_1_89' title='bbox 339 1473 404 1549; x_wconf 86' lang='lat' dir='ltr'>quia</span> <span class='ocrx_word' id='word_1_90' title='bbox 425 1479 576 1550; x_wconf 88' lang='lat' dir='ltr'>utrumque</span> <span class='ocrx_word' id='word_1_91' title='bbox 596 1471 625 1530; x_wconf 93' lang='lat' dir='ltr'>in</span> <span class='ocrx_word' id='word_1_92' title='bbox 644 1469 727 1548; x_wconf 89' lang='lat' dir='ltr'>plura</span> <span class='ocrx_word' id='word_1_93' title='bbox 752 1469 901 1529; x_wconf 81' lang='lat' dir='ltr'>dividitur:</span> <span class='ocrx_word' id='word_1_94' title='bbox 927 1472 966 1530; x_wconf 89' lang='lat' dir='ltr'>ita</span> <span class='ocrx_word' id='word_1_95' title='bbox 989 1489 1027 1530; x_wconf 84' lang='lat' dir='ltr'>ex</span> <span class='ocrx_word' id='word_1_96' title='bbox 1047 1469 1287 1530; x_wconf 84' lang='lat' dir='ltr'>antecedentibus</span> <span class='ocrx_word' id='word_1_97' title='bbox 1308 1480 1336 1531; x_wconf 88' lang='lat' dir='ltr'>et</span> 
     </span>
     <span class='ocr_line' id='line_1_13' title="bbox 338 1552 1335 1633; baseline 0 -19"><span class='ocrx_word' id='word_1_98' title='bbox 338 1555 441 1614; x_wconf 86' lang='lat' dir='ltr'>iunctis</span> <span class='ocrx_word' id='word_1_99' title='bbox 457 1563 486 1613; x_wconf 90' lang='lat' dir='ltr'>et</span> <span class='ocrx_word' id='word_1_100' title='bbox 501 1553 687 1632; x_wconf 86' lang='lat' dir='ltr'>sequentibus</span> <span class='ocrx_word' id='word_1_101' title='bbox 705 1552 842 1612; x_wconf 90' lang='lat' dir='ltr'>trahenda</span> <span class='ocrx_word' id='word_1_102' title='bbox 858 1571 925 1613; x_wconf 88' lang='lat' dir='ltr'>esse</span> <span class='ocrx_word' id='word_1_103' title='bbox 936 1564 1104 1631; x_wconf 91' lang='lat' dir='ltr'>argumenta</span> <span class='ocrx_word' id='word_1_104' title='bbox 1115 1555 1162 1632; x_wconf 88' lang='lat' dir='ltr'>qui</span> <span class='ocrx_word' id='word_1_105' title='bbox 1174 1555 1335 1633; x_wconf 89' lang='lat' dir='ltr'>acceperit,</span> 
     </span>
     <span class='ocr_line' id='line_1_14' title="bbox 340 1638 1336 1717; baseline 0.001 -20"><span class='ocrx_word' id='word_1_106' title='bbox 340 1657 405 1697; x_wconf 92' lang='lat' dir='ltr'>num</span> <span class='ocrx_word' id='word_1_107' title='bbox 421 1641 549 1715; x_wconf 86' lang='lat' dir='ltr'>protinus</span> <span class='ocrx_word' id='word_1_108' title='bbox 564 1640 593 1697; x_wconf 97' lang='lat' dir='ltr'>in</span> <span class='ocrx_word' id='word_1_109' title='bbox 610 1638 667 1697; x_wconf 89' lang='lat' dir='ltr'>lrcc</span> <span class='ocrx_word' id='word_1_110' title='bbox 683 1639 720 1696; x_wconf 89' lang='lat' dir='ltr'>sit</span> <span class='ocrx_word' id='word_1_111' title='bbox 735 1639 906 1714; x_wconf 89' lang='lat' dir='ltr'>instructus,</span> <span class='ocrx_word' id='word_1_112' title='bbox 928 1646 975 1714; x_wconf 87' lang='lat' dir='ltr'>ut,</span> <span class='ocrx_word' id='word_1_113' title='bbox 999 1638 1067 1717; x_wconf 88' lang='lat' dir='ltr'>qnid</span> <span class='ocrx_word' id='word_1_114' title='bbox 1081 1639 1109 1697; x_wconf 94' lang='lat' dir='ltr'>in</span> <span class='ocrx_word' id='word_1_115' title='bbox 1121 1655 1237 1715; x_wconf 85' lang='lat' dir='ltr'>quaque</span> <span class='ocrx_word' id='word_1_116' title='bbox 1248 1656 1336 1699; x_wconf 85' lang='lat' dir='ltr'>causa</span> 
     </span>
     <span class='ocr_line' id='line_1_15' title="bbox 280 1717 1335 1802; baseline -0.001 -18"><span class='ocrx_word' id='word_1_117' title='bbox 280 1729 330 1784; x_wconf 85' lang='lat'>103</span> <span class='ocrx_word' id='word_1_118' title='bbox 339 1721 498 1781; x_wconf 89' lang='lat' dir='ltr'>ducendum</span> <span class='ocrx_word' id='word_1_119' title='bbox 514 1723 551 1781; x_wconf 91' lang='lat' dir='ltr'>sit</span> <span class='ocrx_word' id='word_1_120' title='bbox 566 1740 605 1780; x_wconf 86' lang='lat' dir='ltr'>ex</span> <span class='ocrx_word' id='word_1_121' title='bbox 621 1721 683 1797; x_wconf 90' lang='lat' dir='ltr'>his,</span> <span class='ocrx_word' id='word_1_122' title='bbox 706 1717 801 1781; x_wconf 74' lang='lat' dir='ltr'>sciat?</span> <span class='ocrx_word' id='word_1_123' title='bbox 824 1723 1011 1799; x_wconf 88' lang='lat' dir='ltr'>praesertim,</span> <span class='ocrx_word' id='word_1_124' title='bbox 1034 1740 1097 1781; x_wconf 91' lang='lat' dir='ltr'>cum</span> <span class='ocrx_word' id='word_1_125' title='bbox 1113 1722 1253 1800; x_wconf 87' lang='lat' dir='ltr'>plurimae</span> <span class='ocrx_word' id='word_1_126' title='bbox 1269 1739 1335 1802; x_wconf 88' lang='lat' dir='ltr'>pro·</span> 
     </span>
     <span class='ocr_line' id='line_1_16' title="bbox 336 1804 1336 1884; baseline 0.001 -20"><span class='ocrx_word' id='word_1_127' title='bbox 336 1805 468 1865; x_wconf 91' lang='lat' dir='ltr'>bationes</span> <span class='ocrx_word' id='word_1_128' title='bbox 490 1807 518 1864; x_wconf 93' lang='lat' dir='ltr'>in</span> <span class='ocrx_word' id='word_1_129' title='bbox 537 1807 602 1883; x_wconf 87' lang='lat' dir='ltr'>ipsc</span> <span class='ocrx_word' id='word_1_130' title='bbox 622 1822 772 1865; x_wconf 79' lang='lat' dir='ltr'>causamn</span> <span class='ocrx_word' id='word_1_131' title='bbox 787 1804 942 1884; x_wconf 88' lang='lat' dir='ltr'>complexu</span> <span class='ocrx_word' id='word_1_132' title='bbox 958 1807 1156 1883; x_wconf 87' lang='lat' dir='ltr'>reperiantur,</span> <span class='ocrx_word' id='word_1_133' title='bbox 1178 1806 1217 1864; x_wconf 91' lang='lat' dir='ltr'>ita</span> <span class='ocrx_word' id='word_1_134' title='bbox 1232 1814 1264 1865; x_wconf 93' lang='lat' dir='ltr'>nt</span> <span class='ocrx_word' id='word_1_135' title='bbox 1282 1809 1336 1866; x_wconf 86' lang='lat' dir='ltr'>sint</span> 
     </span>
     <span class='ocr_line' id='line_1_17' title="bbox 336 1889 1335 1967; baseline 0 -19"><span class='ocrx_word' id='word_1_136' title='bbox 336 1907 401 1948; x_wconf 90' lang='lat' dir='ltr'>cum</span> <span class='ocrx_word' id='word_1_137' title='bbox 421 1889 476 1949; x_wconf 92' lang='lat' dir='ltr'>alia</span> <span class='ocrx_word' id='word_1_138' title='bbox 497 1889 548 1948; x_wconf 89' lang='lat' dir='ltr'>lite</span> <span class='ocrx_word' id='word_1_139' title='bbox 567 1889 644 1949; x_wconf 91' lang='lat' dir='ltr'>nulla</span> <span class='ocrx_word' id='word_1_140' title='bbox 666 1907 847 1964; x_wconf 89' lang='lat' dir='ltr'>communes,</span> <span class='ocrx_word' id='word_1_141' title='bbox 869 1906 982 1967; x_wconf 87' lang='lat' dir='ltr'>eaeque</span> <span class='ocrx_word' id='word_1_142' title='bbox 997 1890 1054 1948; x_wconf 89' lang='lat' dir='ltr'>sint</span> <span class='ocrx_word' id='word_1_143' title='bbox 1069 1897 1098 1948; x_wconf 90' lang='lat' dir='ltr'>et</span> <span class='ocrx_word' id='word_1_144' title='bbox 1116 1889 1335 1966; x_wconf 86' lang='lat' dir='ltr'>potentissimae</span> 
     </span>
     <span class='ocr_line' id='line_1_18' title="bbox 340 1972 1334 2051; baseline 0 -19"><span class='ocrx_word' id='word_1_145' title='bbox 340 1982 369 2032; x_wconf 91' lang='lat' dir='ltr'>et</span> <span class='ocrx_word' id='word_1_146' title='bbox 389 1975 501 2032; x_wconf 90' lang='lat' dir='ltr'>minime</span> <span class='ocrx_word' id='word_1_147' title='bbox 520 1973 639 2048; x_wconf 88' lang='lat' dir='ltr'>obviae,</span> <span class='ocrx_word' id='word_1_148' title='bbox 665 1973 731 2051; x_wconf 88' lang='lat' dir='ltr'>quia</span> <span class='ocrx_word' id='word_1_149' title='bbox 749 1972 908 2033; x_wconf 86' lang='lat' dir='ltr'>communia</span> <span class='ocrx_word' id='word_1_150' title='bbox 922 1990 960 2032; x_wconf 83' lang='lat' dir='ltr'>ex</span> <span class='ocrx_word' id='word_1_151' title='bbox 974 1973 1140 2051; x_wconf 87' lang='lat' dir='ltr'>praeceptis</span> <span class='ocrx_word' id='word_1_152' title='bbox 1156 1973 1334 2050; x_wconf 86' lang='lat' dir='ltr'>accepimns,</span> 
     </span>
     <span class='ocr_line' id='line_1_19' title="bbox 282 2055 1336 2135; baseline -0.003 -16"><span class='ocrx_word' id='word_1_153' title='bbox 282 2058 457 2135; x_wconf 73' lang='lat' dir='ltr'>impropria</span> <span class='ocrx_word' id='word_1_154' title='bbox 484 2057 654 2117; x_wconf 88' lang='lat' dir='ltr'>invenienda</span> <span class='ocrx_word' id='word_1_155' title='bbox 678 2065 752 2115; x_wconf 90' lang='lat' dir='ltr'>sunt.</span> <span class='ocrx_word' id='word_1_156' title='bbox 801 2055 865 2116; x_wconf 86' lang='lat' dir='ltr'>Hoc</span> <span class='ocrx_word' id='word_1_157' title='bbox 888 2073 980 2132; x_wconf 88' lang='lat' dir='ltr'>genus</span> <span class='ocrx_word' id='word_1_158' title='bbox 1007 2065 1240 2133; x_wconf 85' lang='lat' dir='ltr'>argumentorum</span> <span class='ocrx_word' id='word_1_159' title='bbox 1266 2075 1336 2118; x_wconf 91' lang='lat' dir='ltr'>sane</span> 
     </span>
     <span class='ocr_line' id='line_1_20' title="bbox 339 2136 1336 2218; baseline 0.001 -19"><span class='ocrx_word' id='word_1_160' title='bbox 339 2136 466 2200; x_wconf 88' lang='lat' dir='ltr'>dicamus</span> <span class='ocrx_word' id='word_1_161' title='bbox 488 2160 531 2200; x_wconf 87' lang='lat' dir='ltr'>ex</span> <span class='ocrx_word' id='word_1_162' title='bbox 554 2141 847 2215; x_wconf 85' lang='lat' dir='ltr'>circumstantia,</span> <span class='ocrx_word' id='word_1_163' title='bbox 870 2141 935 2217; x_wconf 85' lang='lat' dir='ltr'>quia</span> <span class='ocrx_word' id='word_1_164' title='bbox 948 2139 1118 2218; x_wconf 77' lang='grc' dir='ltr'>περίστασιν</span> <span class='ocrx_word' id='word_1_165' title='bbox 1134 2140 1234 2200; x_wconf 90' lang='lat' dir='ltr'>dicere</span> <span class='ocrx_word' id='word_1_166' title='bbox 1250 2139 1336 2200; x_wconf 89' lang='lat' dir='ltr'>aliter</span> 
     </span>
     <span class='ocr_line' id='line_1_21' title="bbox 333 2223 1336 2303; baseline 0 -19"><span class='ocrx_word' id='word_1_167' title='bbox 333 2242 396 2296; x_wconf 15' lang='lat' dir='ltr'>,non</span> <span class='ocrx_word' id='word_1_168' title='bbox 422 2242 591 2303; x_wconf 90' lang='lat' dir='ltr'>possumus,</span> <span class='ocrx_word' id='word_1_169' title='bbox 619 2223 667 2284; x_wconf 84' lang='lat' dir='ltr'>vel</span> <span class='ocrx_word' id='word_1_170' title='bbox 694 2242 731 2284; x_wconf 84' lang='lat' dir='ltr'>ex</span> <span class='ocrx_word' id='word_1_171' title='bbox 749 2225 800 2300; x_wconf 90' lang='lat' dir='ltr'>iis,</span> <span class='ocrx_word' id='word_1_172' title='bbox 830 2241 904 2302; x_wconf 85' lang='lat' dir='ltr'>quae</span> <span class='ocrx_word' id='word_1_173' title='bbox 925 2225 1064 2301; x_wconf 88' lang='lat' dir='ltr'>cuiusque</span> <span class='ocrx_word' id='word_1_174' title='bbox 1088 2241 1194 2284; x_wconf 90' lang='lat' dir='ltr'>causae</span> <span class='ocrx_word' id='word_1_175' title='bbox 1216 2225 1336 2303; x_wconf 89' lang='lat' dir='ltr'>propria</span> 
     </span>
     <span class='ocr_line' id='line_1_22' title="bbox 339 2307 1335 2386; baseline -0.002 -18"><span class='ocrx_word' id='word_1_176' title='bbox 339 2317 418 2368; x_wconf 88' lang='lat' dir='ltr'>sunt:</span> <span class='ocrx_word' id='word_1_177' title='bbox 441 2318 471 2368; x_wconf 92' lang='lat' dir='ltr'>ut</span> <span class='ocrx_word' id='word_1_178' title='bbox 486 2311 515 2368; x_wconf 91' lang='lat' dir='ltr'>in</span> <span class='ocrx_word' id='word_1_179' title='bbox 529 2309 581 2368; x_wconf 88' lang='lat' dir='ltr'>illo</span> <span class='ocrx_word' id='word_1_180' title='bbox 595 2308 726 2368; x_wconf 88' lang='lat' dir='ltr'>adultero</span> <span class='ocrx_word' id='word_1_181' title='bbox 741 2307 910 2382; x_wconf 88' lang='lat' dir='ltr'>sacerdote,</span> <span class='ocrx_word' id='word_1_182' title='bbox 934 2309 982 2386; x_wconf 80' lang='lat' dir='ltr'>qni</span> <span class='ocrx_word' id='word_1_183' title='bbox 997 2307 1080 2384; x_wconf 94' lang='lat' dir='ltr'>lege,</span> <span class='ocrx_word' id='word_1_184' title='bbox 1104 2325 1160 2386; x_wconf 86' lang='lat' dir='ltr'>qua</span> <span class='ocrx_word' id='word_1_185' title='bbox 1175 2309 1259 2367; x_wconf 88' lang='lat' dir='ltr'>nnius</span> <span class='ocrx_word' id='word_1_186' title='bbox 1274 2326 1335 2368; x_wconf 89' lang='lat' dir='ltr'>ser·</span> 
     </span>
     <span class='ocr_line' id='line_1_23' title="bbox 338 2389 1337 2470; baseline -0.001 -19"><span class='ocrx_word' id='word_1_187' title='bbox 338 2394 423 2452; x_wconf 81' lang='lat' dir='ltr'>randi</span> <span class='ocrx_word' id='word_1_188' title='bbox 438 2389 610 2470; x_wconf 83' lang='lat' dir='ltr'>potestatem</span> <span class='ocrx_word' id='word_1_189' title='bbox 631 2391 772 2468; x_wconf 90' lang='lat' dir='ltr'>habebat,</span> <span class='ocrx_word' id='word_1_190' title='bbox 795 2410 828 2450; x_wconf 88' lang='lat' dir='ltr'>se</span> <span class='ocrx_word' id='word_1_191' title='bbox 844 2393 908 2469; x_wconf 91' lang='lat' dir='ltr'>ipse</span> <span class='ocrx_word' id='word_1_192' title='bbox 923 2409 1042 2451; x_wconf 86' lang='lat' dir='ltr'>servare</span> <span class='ocrx_word' id='word_1_193' title='bbox 1057 2390 1166 2464; x_wconf 82' lang='lat' dir='ltr'>voluit,</span> <span class='ocrx_word' id='word_1_194' title='bbox 1188 2393 1337 2470; x_wconf 89' lang='lat' dir='ltr'>proprium</span> 
     </span>
     <span class='ocr_line' id='line_1_24' title="bbox 340 2472 1336 2550; baseline 0.001 -15"><span class='ocrx_word' id='word_1_195' title='bbox 340 2477 557 2535; x_wconf 82' lang='lat' dir='ltr'>coutroversiae</span> <span class='ocrx_word' id='word_1_196' title='bbox 580 2484 625 2534; x_wconf 93' lang='lat' dir='ltr'>est</span> <span class='ocrx_word' id='word_1_197' title='bbox 645 2476 759 2549; x_wconf 88' lang='lat' dir='ltr'>dicere,</span> <span class='ocrx_word' id='word_1_198' title='bbox 789 2472 858 2536; x_wconf 80' lang='lat' dir='ltr'>Noa</span> <span class='ocrx_word' id='word_1_199' title='bbox 882 2494 976 2536; x_wconf 82' lang='lat' dir='ltr'>acum</span> <span class='ocrx_word' id='word_1_200' title='bbox 995 2482 1153 2536; x_wconf 78' lang='lat' dir='ltr'>nocentem</span> <span class='ocrx_word' id='word_1_201' title='bbox 1171 2476 1336 2550; x_wconf 67' lang='lat' dir='ltr'>servatas,</span> 
     </span>
     <span class='ocr_line' id='line_1_25' title="bbox 339 2557 1337 2638; baseline -0.001 -20"><span class='ocrx_word' id='word_1_202' title='bbox 339 2560 413 2638; x_wconf 82' lang='lat' dir='ltr'>quic</span> <span class='ocrx_word' id='word_1_203' title='bbox 440 2567 469 2619; x_wconf 89' lang='lat' dir='ltr'>te</span> <span class='ocrx_word' id='word_1_204' title='bbox 497 2559 622 2620; x_wconf 81' lang='lat' dir='ltr'>dimisso</span> <span class='ocrx_word' id='word_1_205' title='bbox 643 2559 816 2619; x_wconf 84' lang='lat' dir='ltr'>adulterum</span> <span class='ocrx_word' id='word_1_206' title='bbox 846 2561 989 2620; x_wconf 84' lang='lat' dir='ltr'>occidere</span> <span class='ocrx_word' id='word_1_207' title='bbox 1013 2578 1074 2619; x_wconf 80' lang='lat' dir='ltr'>nora</span> <span class='ocrx_word' id='word_1_208' title='bbox 1100 2560 1222 2621; x_wconf 82' lang='lat' dir='ltr'>licebat.</span> <span class='ocrx_word' id='word_1_209' title='bbox 1272 2557 1337 2618; x_wconf 88' lang='lat' dir='ltr'>Hoc</span> 
     </span>
     <span class='ocr_line' id='line_1_26' title="bbox 341 2641 1336 2721; baseline -0.001 -19"><span class='ocrx_word' id='word_1_210' title='bbox 341 2644 415 2702; x_wconf 91' lang='lat' dir='ltr'>enim</span> <span class='ocrx_word' id='word_1_211' title='bbox 436 2650 631 2719; x_wconf 85' lang='lat' dir='ltr'>argumentum</span> <span class='ocrx_word' id='word_1_212' title='bbox 652 2641 702 2701; x_wconf 91' lang='lat' dir='ltr'>lex</span> <span class='ocrx_word' id='word_1_213' title='bbox 723 2642 812 2718; x_wconf 88' lang='lat' dir='ltr'>iacit,</span> <span class='ocrx_word' id='word_1_214' title='bbox 841 2659 915 2719; x_wconf 84' lang='lat' dir='ltr'>quae</span> <span class='ocrx_word' id='word_1_215' title='bbox 935 2642 1072 2721; x_wconf 86' lang='lat' dir='ltr'>prohibet</span> <span class='ocrx_word' id='word_1_216' title='bbox 1093 2642 1251 2702; x_wconf 89' lang='lat' dir='ltr'>adulteram</span> <span class='ocrx_word' id='word_1_217' title='bbox 1272 2644 1336 2701; x_wconf 90' lang='lat' dir='ltr'>sine</span> 
     </span>
     <span class='ocr_line' id='line_1_27' title="bbox 283 2723 1336 2804; baseline -0.004 -16"><span class='ocrx_word' id='word_1_218' title='bbox 283 2736 331 2788; x_wconf 79' lang='lat'>105</span> <span class='ocrx_word' id='word_1_219' title='bbox 341 2724 472 2785; x_wconf 86' lang='lat' dir='ltr'>adultero</span> <span class='ocrx_word' id='word_1_220' title='bbox 495 2726 641 2784; x_wconf 88' lang='lat' dir='ltr'>cecidere.</span> <span class='ocrx_word' id='word_1_221' title='bbox 684 2723 722 2785; x_wconf 86' lang='lat' dir='ltr'>Et</span> <span class='ocrx_word' id='word_1_222' title='bbox 743 2725 810 2800; x_wconf 89' lang='lat' dir='ltr'>illa,</span> <span class='ocrx_word' id='word_1_223' title='bbox 834 2725 861 2783; x_wconf 93' lang='lat' dir='ltr'>in</span> <span class='ocrx_word' id='word_1_224' title='bbox 883 2744 938 2804; x_wconf 87' lang='lat' dir='ltr'>qua</span> <span class='ocrx_word' id='word_1_225' title='bbox 959 2725 1016 2786; x_wconf 89' lang='lat' dir='ltr'>lata</span> <span class='ocrx_word' id='word_1_226' title='bbox 1037 2726 1087 2786; x_wconf 88' lang='lat' dir='ltr'>lex</span> <span class='ocrx_word' id='word_1_227' title='bbox 1101 2734 1163 2801; x_wconf 89' lang='lat' dir='ltr'>est,</span> <span class='ocrx_word' id='word_1_228' title='bbox 1184 2735 1215 2785; x_wconf 93' lang='lat' dir='ltr'>ut</span> <span class='ocrx_word' id='word_1_229' title='bbox 1232 2743 1336 2802; x_wconf 90' lang='lat' dir='ltr'>argen-</span> 
     </span>
     <span class='ocr_line' id='line_1_28' title="bbox 338 2808 1337 2887; baseline 0 -19"><span class='ocrx_word' id='word_1_230' title='bbox 338 2809 403 2868; x_wconf 90' lang='lat' dir='ltr'>tarii</span> <span class='ocrx_word' id='word_1_231' title='bbox 422 2808 564 2868; x_wconf 92' lang='lat' dir='ltr'>dimidium</span> <span class='ocrx_word' id='word_1_232' title='bbox 584 2827 622 2867; x_wconf 87' lang='lat' dir='ltr'>ex</span> <span class='ocrx_word' id='word_1_233' title='bbox 641 2825 694 2883; x_wconf 87' lang='lat' dir='ltr'>ee,</span> <span class='ocrx_word' id='word_1_234' title='bbox 724 2808 802 2887; x_wconf 85' lang='lat' dir='ltr'>quad</span> <span class='ocrx_word' id='word_1_235' title='bbox 823 2808 983 2885; x_wconf 87' lang='lat' dir='ltr'>debebant,</span> <span class='ocrx_word' id='word_1_236' title='bbox 1009 2810 1173 2877; x_wconf 88' lang='lat' dir='ltr'>solverent;</span> <span class='ocrx_word' id='word_1_237' title='bbox 1197 2808 1337 2869; x_wconf 83' lang='lat' dir='ltr'>creditum</span> 
     </span>
     <span class='ocr_line' id='line_1_29' title="bbox 340 2892 1337 2970; baseline 0 -18"><span class='ocrx_word' id='word_1_238' title='bbox 340 2910 420 2952; x_wconf 92' lang='lat' dir='ltr'>suum</span> <span class='ocrx_word' id='word_1_239' title='bbox 440 2902 531 2952; x_wconf 85' lang='lat' dir='ltr'>totum</span> <span class='ocrx_word' id='word_1_240' title='bbox 554 2895 714 2968; x_wconf 82' lang='lat' dir='ltr'>exigerent.</span> <span class='ocrx_word' id='word_1_241' title='bbox 743 2892 949 2969; x_wconf 71' lang='lat' dir='ltr'>‘Argentarius</span> <span class='ocrx_word' id='word_1_242' title='bbox 971 2892 1006 2953; x_wconf 90' lang='lat' dir='ltr'>ab</span> <span class='ocrx_word' id='word_1_243' title='bbox 1029 2895 1194 2970; x_wconf 89' lang='lat' dir='ltr'>argentario</span> <span class='ocrx_word' id='word_1_244' title='bbox 1212 2893 1337 2952; x_wconf 87' lang='lat' dir='ltr'>solidum</span> 
     </span>
     <span class='ocr_line' id='line_1_30' title="bbox 340 2976 1337 3056; baseline 0.001 -21"><span class='ocrx_word' id='word_1_245' title='bbox 340 2979 422 3056; x_wconf 90' lang='lat' dir='ltr'>petit.</span> <span class='ocrx_word' id='word_1_246' title='bbox 466 2976 616 3054; x_wconf 92' lang='lat' dir='ltr'>Proprium</span> <span class='ocrx_word' id='word_1_247' title='bbox 637 2994 675 3035; x_wconf 85' lang='lat' dir='ltr'>ex</span> <span class='ocrx_word' id='word_1_248' title='bbox 695 2977 813 3036; x_wconf 89' lang='lat' dir='ltr'>materia</span> <span class='ocrx_word' id='word_1_249' title='bbox 828 2985 874 3036; x_wconf 90' lang='lat' dir='ltr'>est</span> <span class='ocrx_word' id='word_1_250' title='bbox 889 2988 1085 3054; x_wconf 80' lang='lat' dir='ltr'>argumentum</span> <span class='ocrx_word' id='word_1_251' title='bbox 1101 2976 1271 3051; x_wconf 90' lang='lat' dir='ltr'>creditoris,</span> <span class='ocrx_word' id='word_1_252' title='bbox 1296 2976 1337 3036; x_wconf 92' lang='lat' dir='ltr'>id·</span> 
     </span>
     <span class='ocr_line' id='line_1_31' title="bbox 340 3060 1336 3137; baseline 0 -17"><span class='ocrx_word' id='word_1_253' title='bbox 340 3063 420 3121; x_wconf 87' lang='lat' dir='ltr'>circc</span> <span class='ocrx_word' id='word_1_254' title='bbox 442 3061 583 3120; x_wconf 90' lang='lat' dir='ltr'>adiectum</span> <span class='ocrx_word' id='word_1_255' title='bbox 604 3078 671 3119; x_wconf 87' lang='lat' dir='ltr'>esse</span> <span class='ocrx_word' id='word_1_256' title='bbox 685 3062 714 3119; x_wconf 90' lang='lat' dir='ltr'>in</span> <span class='ocrx_word' id='word_1_257' title='bbox 729 3060 814 3137; x_wconf 87' lang='lat' dir='ltr'>lege,</span> <span class='ocrx_word' id='word_1_258' title='bbox 836 3069 867 3119; x_wconf 95' lang='lat' dir='ltr'>ut</span> <span class='ocrx_word' id='word_1_259' title='bbox 881 3063 1060 3137; x_wconf 88' lang='lat' dir='ltr'>argentarius</span> <span class='ocrx_word' id='word_1_260' title='bbox 1078 3070 1167 3120; x_wconf 85' lang='lat' dir='ltr'>tatum</span> <span class='ocrx_word' id='word_1_261' title='bbox 1185 3061 1336 3136; x_wconf 85' lang='lat' dir='ltr'>exigeret;</span> 
     </span>
     <span class='ocr_line' id='line_1_32' title="bbox 340 3144 1336 3222; baseline 0 -18"><span class='ocrx_word' id='word_1_262' title='bbox 340 3146 480 3204; x_wconf 84' lang='lat' dir='ltr'>adversus</span> <span class='ocrx_word' id='word_1_263' title='bbox 498 3144 572 3204; x_wconf 91' lang='lat' dir='ltr'>alios</span> <span class='ocrx_word' id='word_1_264' title='bbox 590 3145 663 3203; x_wconf 91' lang='lat' dir='ltr'>euim</span> <span class='ocrx_word' id='word_1_265' title='bbox 678 3161 735 3203; x_wconf 88' lang='lat' dir='ltr'>non</span> <span class='ocrx_word' id='word_1_266' title='bbox 751 3161 824 3222; x_wconf 91' lang='lat' dir='ltr'>opus</span> <span class='ocrx_word' id='word_1_267' title='bbox 840 3144 930 3203; x_wconf 86' lang='lat' dir='ltr'>luisse</span> <span class='ocrx_word' id='word_1_268' title='bbox 946 3144 1031 3221; x_wconf 88' lang='lat' dir='ltr'>lege,</span> <span class='ocrx_word' id='word_1_269' title='bbox 1055 3161 1119 3204; x_wconf 93' lang='lat' dir='ltr'>cnm</span> <span class='ocrx_word' id='word_1_270' title='bbox 1137 3161 1236 3203; x_wconf 89' lang='lat' dir='ltr'>omnes</span> <span class='ocrx_word' id='word_1_271' title='bbox 1251 3160 1336 3221; x_wconf 88' lang='lat' dir='ltr'>prae-</span> 
     </span>
     <span class='ocr_line' id='line_1_33' title="bbox 283 3225 1337 3306; baseline -0.005 -16"><span class='ocrx_word' id='word_1_272' title='bbox 283 3235 332 3290; x_wconf 85' lang='lat'>106</span> <span class='ocrx_word' id='word_1_273' title='bbox 341 3238 471 3306; x_wconf 88' lang='lat' dir='ltr'>terquam</span> <span class='ocrx_word' id='word_1_274' title='bbox 492 3228 527 3287; x_wconf 92' lang='lat' dir='ltr'>ab</span> <span class='ocrx_word' id='word_1_275' title='bbox 550 3229 719 3306; x_wconf 83' lang='lat' dir='ltr'>argentariis</span> <span class='ocrx_word' id='word_1_276' title='bbox 739 3237 831 3288; x_wconf 91' lang='lat' dir='ltr'>totum</span> <span class='ocrx_word' id='word_1_277' title='bbox 854 3228 988 3304; x_wconf 87' lang='lat' dir='ltr'>exigendi</span> <span class='ocrx_word' id='word_1_278' title='bbox 1008 3230 1051 3288; x_wconf 90' lang='lat' dir='ltr'>ins</span> <span class='ocrx_word' id='word_1_279' title='bbox 1068 3227 1218 3287; x_wconf 85' lang='lat' dir='ltr'>haberent.</span> <span class='ocrx_word' id='word_1_280' title='bbox 1265 3225 1337 3287; x_wconf 83' lang='lat' dir='ltr'>Cum</span> 
     </span>
     <span class='ocr_line' id='line_1_34' title="bbox 338 3312 1336 3390; baseline -0.001 -19"><span class='ocrx_word' id='word_1_281' title='bbox 338 3313 425 3372; x_wconf 89' lang='lat' dir='ltr'>multa</span> <span class='ocrx_word' id='word_1_282' title='bbox 440 3322 534 3372; x_wconf 90' lang='lat' dir='ltr'>autem</span> <span class='ocrx_word' id='word_1_283' title='bbox 549 3323 689 3373; x_wconf 88' lang='lat' dir='ltr'>novantur</span> <span class='ocrx_word' id='word_1_284' title='bbox 702 3313 730 3370; x_wconf 93' lang='lat' dir='ltr'>in</span> <span class='ocrx_word' id='word_1_285' title='bbox 745 3312 820 3371; x_wconf 92' lang='lat' dir='ltr'>omni</span> <span class='ocrx_word' id='word_1_286' title='bbox 835 3329 945 3388; x_wconf 90' lang='lat' dir='ltr'>genere</span> <span class='ocrx_word' id='word_1_287' title='bbox 956 3313 1095 3372; x_wconf 85' lang='lat' dir='ltr'>materiae</span> <span class='ocrx_word' id='word_1_288' title='bbox 1106 3320 1164 3371; x_wconf 92' lang='lat' dir='ltr'>tum</span> <span class='ocrx_word' id='word_1_289' title='bbox 1177 3313 1336 3390; x_wconf 88' lang='lat' dir='ltr'>praecipue</span> 
     </span>
     <span class='ocr_line' id='line_1_35' title="bbox 339 3396 1336 3475; baseline 0 -21"><span class='ocrx_word' id='word_1_290' title='bbox 339 3396 368 3454; x_wconf 92' lang='lat' dir='ltr'>in</span> <span class='ocrx_word' id='word_1_291' title='bbox 386 3398 421 3454; x_wconf 91' lang='lat' dir='ltr'>iis</span> <span class='ocrx_word' id='word_1_292' title='bbox 443 3396 674 3473; x_wconf 85' lang='lat' dir='ltr'>quaestiouibus,</span> <span class='ocrx_word' id='word_1_293' title='bbox 703 3413 777 3473; x_wconf 88' lang='lat' dir='ltr'>quae</span> <span class='ocrx_word' id='word_1_294' title='bbox 797 3397 907 3475; x_wconf 89' lang='lat' dir='ltr'>scripto</span> <span class='ocrx_word' id='word_1_295' title='bbox 930 3405 1078 3472; x_wconf 86' lang='lat' dir='ltr'>constant,</span> <span class='ocrx_word' id='word_1_296' title='bbox 1099 3397 1165 3473; x_wconf 85' lang='lat' dir='ltr'>quia</span> <span class='ocrx_word' id='word_1_297' title='bbox 1185 3412 1292 3454; x_wconf 87' lang='lat' dir='ltr'>vocum</span> <span class='ocrx_word' id='word_1_298' title='bbox 1307 3404 1336 3454; x_wconf 93' lang='lat' dir='ltr'>et</span> 
     </span>
     <span class='ocr_line' id='line_1_36' title="bbox 340 3479 1333 3557; baseline -0.001 -20"><span class='ocrx_word' id='word_1_299' title='bbox 340 3479 370 3537; x_wconf 89' lang='lat' dir='ltr'>in</span> <span class='ocrx_word' id='word_1_300' title='bbox 384 3479 504 3555; x_wconf 88' lang='lat' dir='ltr'>singulis</span> <span class='ocrx_word' id='word_1_301' title='bbox 521 3480 689 3557; x_wconf 82' lang='lat' dir='ltr'>ambiguitas</span> <span class='ocrx_word' id='word_1_302' title='bbox 704 3480 842 3556; x_wconf 81' lang='lat' dir='ltr'>frequens</span> <span class='ocrx_word' id='word_1_303' title='bbox 858 3488 888 3538; x_wconf 87' lang='lat' dir='ltr'>et</span> <span class='ocrx_word' id='word_1_304' title='bbox 903 3480 996 3540; x_wconf 90' lang='lat' dir='ltr'>adhuc</span> <span class='ocrx_word' id='word_1_305' title='bbox 1013 3482 1041 3541; x_wconf 91' lang='lat' dir='ltr'>in</span> <span class='ocrx_word' id='word_1_306' title='bbox 1056 3480 1216 3539; x_wconf 89' lang='lat' dir='ltr'>coniunctis</span> <span class='ocrx_word' id='word_1_307' title='bbox 1232 3480 1333 3555; x_wconf 89' lang='lat' dir='ltr'>magis.</span> 
     </span>
     <span class='ocr_line' id='line_1_37' title="bbox 284 3560 1334 3641; baseline -0.006 -15"><span class='ocrx_word' id='word_1_308' title='bbox 284 3569 333 3625; x_wconf 80' lang='lat'>107</span> <span class='ocrx_word' id='word_1_309' title='bbox 341 3560 379 3622; x_wconf 86' lang='lat' dir='ltr'>Et</span> <span class='ocrx_word' id='word_1_310' title='bbox 398 3563 472 3622; x_wconf 89' lang='lat' dir='ltr'>haec</span> <span class='ocrx_word' id='word_1_311' title='bbox 493 3564 554 3640; x_wconf 89' lang='lat' dir='ltr'>ipsa</span> <span class='ocrx_word' id='word_1_312' title='bbox 575 3565 697 3641; x_wconf 90' lang='lat' dir='ltr'>plurium</span> <span class='ocrx_word' id='word_1_313' title='bbox 718 3563 815 3638; x_wconf 86' lang='lat' dir='ltr'>legum</span> <span class='ocrx_word' id='word_1_314' title='bbox 835 3561 994 3623; x_wconf 87' lang='lat' dir='ltr'>aliorumve</span> <span class='ocrx_word' id='word_1_315' title='bbox 1008 3565 1181 3641; x_wconf 88' lang='lat' dir='ltr'>scriptorum</span> <span class='ocrx_word' id='word_1_316' title='bbox 1199 3562 1249 3622; x_wconf 88' lang='lat' dir='ltr'>vel</span> <span class='ocrx_word' id='word_1_317' title='bbox 1267 3578 1334 3622; x_wconf 85' lang='lat' dir='ltr'>cen·</span> 
     </span>
     <span class='ocr_line' id='line_1_38' title="bbox 340 3645 1333 3725; baseline -0.002 -19"><span class='ocrx_word' id='word_1_318' title='bbox 340 3649 502 3724; x_wconf 88' lang='lat' dir='ltr'>gruentium</span> <span class='ocrx_word' id='word_1_319' title='bbox 518 3647 566 3705; x_wconf 89' lang='lat' dir='ltr'>vel</span> <span class='ocrx_word' id='word_1_320' title='bbox 580 3648 796 3725; x_wconf 87' lang='lat' dir='ltr'>repugnantium</span> <span class='ocrx_word' id='word_1_321' title='bbox 812 3645 965 3722; x_wconf 86' lang='lat' dir='ltr'>complexu</span> <span class='ocrx_word' id='word_1_322' title='bbox 980 3649 1126 3706; x_wconf 86' lang='lat' dir='ltr'>varientur</span> <span class='ocrx_word' id='word_1_323' title='bbox 1140 3663 1265 3705; x_wconf 88' lang='lat' dir='ltr'>necesse</span> <span class='ocrx_word' id='word_1_324' title='bbox 1278 3654 1333 3716; x_wconf 83' lang='lat' dir='ltr'>est,</span> 
     </span>
     <span class='ocr_line' id='line_1_39' title="bbox 335 3727 1335 3810; baseline -0.001 -20"><span class='ocrx_word' id='word_1_325' title='bbox 335 3750 402 3791; x_wconf 87' lang='lat' dir='ltr'>cum</span> <span class='ocrx_word' id='word_1_326' title='bbox 420 3749 471 3791; x_wconf 89' lang='lat' dir='ltr'>res</span> <span class='ocrx_word' id='word_1_327' title='bbox 490 3730 536 3792; x_wconf 91' lang='lat' dir='ltr'>rei</span> <span class='ocrx_word' id='word_1_328' title='bbox 559 3739 607 3792; x_wconf 95' lang='lat' dir='ltr'>aut</span> <span class='ocrx_word' id='word_1_329' title='bbox 627 3732 671 3791; x_wconf 91' lang='lat' dir='ltr'>ius</span> <span class='ocrx_word' id='word_1_330' title='bbox 686 3730 755 3790; x_wconf 88' lang='lat' dir='ltr'>iuris</span> <span class='ocrx_word' id='word_1_331' title='bbox 772 3730 854 3810; x_wconf 90' lang='lat' dir='ltr'>quasi</span> <span class='ocrx_word' id='word_1_332' title='bbox 868 3729 979 3806; x_wconf 91' lang='lat' dir='ltr'>signum</span> <span class='ocrx_word' id='word_1_333' title='bbox 994 3739 1049 3789; x_wconf 89' lang='lat' dir='ltr'>est.</span> <span class='ocrx_word' id='word_1_334' title='bbox 1092 3727 1161 3792; x_wconf 84' lang='lat' dir='ltr'>Noa</span> <span class='ocrx_word' id='word_1_335' title='bbox 1175 3729 1268 3792; x_wconf 79' lang='lat' dir='ltr'>debui</span> <span class='ocrx_word' id='word_1_336' title='bbox 1282 3729 1335 3791; x_wconf 85' lang='lat' dir='ltr'>tibi</span> 
     </span>
    </p>
   </div>
   <div class='ocr_carea' id='block_1_3' title="bbox 0 0 1596 4409">
    <p class='ocr_par' dir='ltr' id='par_1_3' title="bbox 0 0 1596 4409">
     <span class='ocr_line' id='line_1_40' title="bbox 0 0 1596 4409; baseline 0 0"><span class='ocrx_word' id='word_1_337' title='bbox 0 0 1596 4409; x_wconf 95' lang='lat' dir='ltr'> </span> 
     </span>
    </p>
   </div>
  </div>
 </body>
</html>
