3184 4409
450 455 917 520 1usr.onnron.u1s.xu,1o
1131 441 1191 502 269

282 613 370 673 lienis
390 609 505 685 verbis,
531 626 594 668 cum
617 627 669 669 sua
691 610 794 687 cuique
818 611 873 669 sint
896 611 1041 686 assignata
1059 605 1193 669 nomina?

282 715 330 774 que
352 695 576 772 antiquissimum
595 711 743 772 quemque·
755 695 878 753 maxime
894 695 1050 753 secundum
1067 703 1235 756 naturamoa

282 800 306 839 te
326 779 515 842 contendunt:
537 794 606 835 mox
626 779 722 855 poetis
742 778 896 837 similiores
914 780 1061 853 extitisse,
1084 779 1194 837 etiamsi

282 883 330 939 us,
358 863 442 922 simili
467 871 562 921 tamen
586 865 714 937 ratione,
740 862 815 922 ialsa
842 870 872 920 et
896 863 1053 940 impropria
1074 863 1194 920 virtutes

282 959 347 1007 rtes.
377 945 439 1019 Qua
454 948 482 1004 in
497 946 689 1023 disputatione
704 945 831 1005 nonnihil
845 947 908 1004 veri
925 955 980 1021 est,
996 946 1122 1024 ideoque
1138 961 1195 1003 non

282 1030 396 1111 procul,
419 1049 502 1108 quam
524 1030 554 1089 lit
575 1047 591 1089 a
609 1030 794 1109 quibusdam,
821 1029 1016 1089 recedendum
1038 1029 1195 1106 apropriis

282 1141 285 1171 e
302 1114 506 1174 communibus.
541 1115 571 1173 Si
588 1117 651 1191 quis
667 1123 776 1189 tamen,
799 1117 873 1173 utin
894 1114 961 1174 loco
978 1114 1036 1174 dixi
1053 1113 1238 1190 composi-'43

282 1221 301 1276 ι,
324 1200 359 1259 ad
375 1200 557 1272 necessaria,
575 1198 677 1275 quibus
695 1197 763 1258 nihil
780 1200 872 1257 minus
889 1208 950 1274 est,
972 1197 1080 1275 aliquid
1094 1197 1197 1256 melius

285 1285 354 1344 erit:
375 1300 432 1342 non
450 1284 503 1341 erit
518 1280 573 1340 hac
589 1282 730 1341 calumnia
745 1282 1011 1360 reprehendendus.
1043 1281 1115 1340 Nam
1130 1279 1197 1339 mihi

282 1421 283 1426 ,
300 1367 438 1445 quandam
457 1366 570 1425 videtur
587 1365 695 1435 habere
715 1374 842 1426 naturam
858 1384 954 1426 sermo
969 1366 1099 1442 vulgaris
1114 1364 1198 1423 aliam

282 1452 434 1529 loquentis
453 1452 559 1519 oratio;
588 1452 634 1509 cui
650 1452 673 1510 si
692 1469 740 1510 res
760 1450 846 1509 modo
868 1451 996 1510 indicare
1014 1450 1084 1509 satis
1103 1456 1196 1507 esset:

290 1531 365 1595 ultra
382 1534 536 1594 verborum
555 1536 763 1613 proprietatem
787 1521 967 1603 elabordret;
991 1533 1043 1592 sed
1065 1551 1128 1592 cum
1149 1531 1198 1590 de·

285 1620 451 1693 delectare,
473 1636 609 1693 movere,
633 1621 660 1679 in
676 1617 819 1698 ‘plurimas
838 1621 959 1679 animum
974 1618 1116 1679 audientis
1131 1633 1197 1694 spe·

282 1703 446 1782 impellere:
475 1710 571 1762 utetur
589 1703 633 1761 his
655 1712 772 1781 qnoque
793 1703 958 1778 adiutoriis,
986 1720 1060 1780 quae
1083 1699 1198 1760 suntab

282 1807 302 1846 n
317 1787 399 1845 nobis
417 1803 558 1846 concessa
574 1796 683 1847 natissa.
714 1787 786 1846 Nam
802 1796 831 1847 et
846 1787 974 1847 lacertos
990 1786 1241 1845 exercitationem

282 1872 402 1947 ringere
427 1881 455 1929 et
481 1889 589 1947 augere
611 1873 690 1931 vires
712 1879 742 1930 et
764 1871 894 1930 colorem
914 1870 1046 1944 trahere,
1068 1867 1199 1928 naturale

287 1955 417 2033 ldeoque
433 1957 460 2013 in
477 1954 607 2012 omnibus
625 1954 760 2031 gentibus
783 1954 855 2014 alius
872 1955 929 2014 alio
947 1954 1097 2014 facundior
1111 1951 1199 2012 halre-

282 2049 292 2098 t
308 2039 454 2117 loquendo
471 2038 563 2107 dulcis
578 2041 680 2115 magis.
714 2037 799 2111 Quod
814 2040 839 2096 si
854 2056 912 2097 non
930 2040 1076 2098 eveniret:
1100 2053 1199 2095 omnes

282 2142 287 2180 t
304 2131 413 2198 essent,
431 2132 459 2182 et
472 2122 548 2181 idem
563 2139 662 2181 omnes
678 2123 811 2189 deceret;
829 2132 857 2182 at
872 2122 1026 2200 loquuntur
1038 2130 1068 2180 et
1084 2127 1201 2178 servant
1290 2136 1293 2142 ’

282 2225 389 2266 inarum
406 2207 569 2266 discrimen.
596 2205 649 2281 lta,
666 2224 723 2284 quo
740 2208 863 2283 quisque
881 2206 946 2284 plus
963 2205 1053 2264 elficit
1065 2202 1198 2277 dicendo,

282 2294 364 2367 uagis
381 2291 537 2348 secundum
554 2299 681 2349 naturam
698 2291 883 2368 eloquentiae
900 2290 978 2349 dicit.
1016 2287 1243 2366 Quapropter45

282 2376 313 2433 lis
332 2375 445 2452 quidem
462 2375 575 2432 nimium
591 2391 740 2452 repugno,
757 2375 805 2452 qui
822 2373 943 2433 dandum
960 2381 1060 2451 putant
1075 2370 1202 2430 nonnihil

282 2479 287 2516 ι
311 2456 490 2535 temporibus
515 2467 601 2534 atque
628 2458 744 2518 auribus
767 2458 883 2517 nitidius
900 2456 1009 2536 aliquid
1025 2465 1111 2534 atque
1132 2456 1201 2514 elle·

301 2540 524 2618 postulantibus.
561 2541 661 2620 ltaque
686 2560 744 2602 non
769 2542 863 2601 solum
890 2542 925 2602 ad
951 2543 1066 2620 priores
1091 2538 1202 2598 Catone

282 2625 401 2702 chisque
419 2625 471 2683 sed
495 2643 531 2682 ue
548 2625 582 2684 ad
604 2626 657 2684 hos
679 2627 794 2704 quidem
817 2627 899 2704 ipsos
921 2633 1066 2684 oratorem
1083 2624 1202 2701 alligan-

287 2718 366 2787 puto.
397 2708 494 2786 Atque
510 2710 537 2768 id
553 2710 669 2768 fecisse
680 2707 718 2768 Μ.
733 2709 856 2769 Tullium
871 2709 969 2785 video,
985 2718 1016 2769 ut
1029 2727 1092 2768 cunr
1110 2711 1203 2768 omnia

282 2794 316 2852 ati
329 2802 386 2852 tum
398 2803 508 2871 partem
523 2793 663 2870 quandam
675 2794 862 2853 delectationi
878 2793 974 2861 daret:
992 2812 1055 2852 curn
1068 2803 1097 2852 et
1110 2795 1203 2871 ipsam

282 2895 311 2936 m
327 2895 416 2954 agere
432 2877 554 2953 diceret,
572 2887 674 2954 ageret
691 2888 784 2937 autem
800 2880 923 2937 maxime
939 2878 1103 2954 litigatoris.
1133 2876 1205 2935 Nam

282 2964 341 3038 ipso
357 2961 505 3040 proderat,
522 2962 600 3040 quod
616 2962 761 3040 placebat.
792 2961 839 3022 Ad
853 2963 936 3022 cuius
954 2962 1119 3039 voluptates
1136 2957 1246 3017 nihillo

282 3045 336 3104 lem
353 3046 430 3124 quod
446 3046 511 3105 addi
527 3047 621 3123 possit
636 3048 767 3123 invenio,
784 3047 839 3106 nisi
854 3055 884 3105 ut
900 3063 1003 3104 sensus
1019 3061 1072 3102 nos
1090 3043 1205 3121 quidem

282 3147 329 3187 nus
347 3130 457 3208 plures.
495 3130 598 3208 Neque
622 3133 696 3190 enim
717 3148 775 3190 non
796 3130 859 3190 deri
883 3137 981 3207 pote’st
1004 3128 1085 3187 salva
1100 3135 1204 3185 tracta·

302 3232 407 3273 causae
431 3224 459 3273 et
475 3214 589 3273 dicendi
611 3216 801 3289 auctoritate,
826 3216 850 3271 si
872 3229 929 3270 non
953 3210 1056 3270 crebra
1073 3211 1147 3279 haec
1163 3210 1204 3269 ln·

299 3306 327 3356 et
350 3300 482 3357 continua
504 3299 610 3357 luerint
631 3308 660 3357 et
676 3299 799 3357 invicem
821 3297 982 3355 offecerint.
1017 3294 1076 3354 Sed
1091 3300 1137 3353 me
1155 3295 1246 3354 hali

281 3400 305 3439 rs
320 3381 470 3440 cedentem
483 3399 568 3441 nemo
580 3384 749 3460 insequatur
763 3382 847 3440 ultra.
869 3379 916 3439 Do
931 3382 1067 3457 tempori,
1083 3398 1119 3438 ue
1131 3378 1203 3439 hirta

295 3469 347 3540 sit,
373 3482 430 3524 non
454 3475 484 3525 ut
506 3468 614 3534 serica;
641 3485 677 3525 ne
699 3468 843 3524 intonsum
858 3472 960 3542 caput,
983 3480 1040 3523 non
1055 3465 1083 3522 in
1098 3463 1204 3540 gradus

282 3568 291 3608 s
312 3550 413 3608 anulos
436 3561 594 3627 comptum;
622 3568 685 3610 cum
710 3566 746 3609 eo
765 3549 860 3626 quod,
882 3548 907 3607 si
928 3565 986 3606 non
1007 3548 1042 3608 ad
1065 3548 1205 3608 luxuriam

282 3634 399 3693 ridinem
415 3633 544 3709 referas,
569 3635 670 3694 eadem
688 3634 869 3712 speciosiora
893 3648 1010 3711 quoque
1032 3634 1104 3706 sint,
1131 3647 1204 3709 quae

284 3719 381 3778 stiora.
417 3717 552 3778 Ceterum
574 3719 646 3796 hoc,
670 3718 748 3798 quod
770 3718 859 3796 vulgo
883 3717 1096 3777 sententias
1117 3720 1248 3773 voca-48
