3184 4409
342 295 402 358 246
450 377 453 383 .
651 304 1012 367 u.rsr³.Qurur1n1uu1

311 462 452 530 evidetur
466 463 494 519 in
510 463 697 540 possessione
713 480 809 521 earum
823 478 918 520 rerum
937 459 1040 518 luisse.
1074 459 1157 522 Hinc
1180 465 1265 523 etiam
1278 460 1313 522 ill

341 556 402 621 est,
426 546 503 623 quod
520 544 623 604 Cicero
643 545 772 623 pluribus
788 554 817 604 et
831 544 911 604 libris
931 552 960 602 et
979 543 1128 621 epistolis
1144 546 1313 622 testatur,l'r

340 629 424 689 cendi
443 629 610 689 facultatem
630 649 667 689 ex
686 631 789 688 intimis
805 629 964 706 sapientiae
979 627 1118 687 fontibus
1136 630 1253 710 fluere,
1271 629 1312 690 itu

340 731 396 791 que
428 713 599 791 aliquamdiu
622 723 831 791 praeceptores
854 711 972 771 eosdem
997 710 1097 772 inisse
1124 732 1247 775 morum
1267 723 1312 791 atq

340 798 463 858 dicendi.
501 795 685 876 Quapropter
705 798 779 856 haec
803 796 965 855 exhortatio
987 812 1054 854 mea
1072 813 1136 856 non
1160 816 1202 858 eo
1219 801 1311 878 pertint

272 882 274 891 ’
339 891 370 940 ut
385 900 452 940 esse
469 890 614 939 oratorem
635 881 840 959 philosophum
855 879 957 954 velim,
979 879 1101 956 quando
1120 899 1187 941 non
1205 883 1262 943 alia
1275 883 1311 940 ria

339 974 420 1025 secta
445 964 558 1040 longius
581 983 597 1023 a
614 964 745 1023 civilibus
761 965 865 1023 ciliciis
882 973 968 1040 atque
983 963 1018 1021 ab
1043 967 1128 1024 omni
1148 984 1272 1027 munere
1284 981 1312 1024 on

311 1051 410 1108 'ltoris
432 1050 566 1107 recessit.
602 1046 675 1107 Nam
696 1049 759 1126 quis
780 1046 1020 1126 philosophorum
1036 1057 1091 1106 aut
1106 1050 1139 1109 in
1162 1049 1313 1111 iuutctsh

340 1151 431 1211 quens
452 1141 500 1191 aut
522 1132 616 1191 clarus
638 1134 666 1190 in
689 1131 869 1191 contionibus
885 1126 958 1189 tuit?
987 1129 1060 1202 Quis
1078 1130 1220 1212 denique
1235 1137 1262 1194 in
1275 1135 1313 1211 ipa

340 1234 423 1293 quam
438 1218 559 1274 maxime
575 1215 708 1294 plerique
724 1217 920 1293 praecipiunt,
943 1213 1147 1292 reipublicae
1172 1218 1314 1278 administn

339 1302 417 1358 tione
434 1309 566 1359 uersatus
585 1297 652 1359 est?
682 1300 770 1378 Atqui
786 1317 843 1376 ego
862 1298 960 1374 illum,
975 1315 1063 1375 quem
1082 1300 1232 1379 instituo,
1248 1301 1315 1362 Rom

338 1403 404 1443 num
427 1384 567 1460 quendam
585 1384 673 1443 velim
696 1402 763 1442 esse
785 1385 960 1462 sapientem,
986 1383 1118 1459 quinon
1142 1383 1316 1446 secrettstt

338 1466 532 1545 putationibus
559 1468 611 1527 sed
637 1485 732 1526 rerum
760 1467 964 1546 experimentis
988 1475 1078 1544 atque
1107 1469 1317 1546 operibusve!

309 1550 453 1611 &civilem
469 1552 559 1609 virum
578 1550 721 1610 exhibeat.
752 1552 811 1613 Sed
826 1553 894 1630 quia
911 1551 1027 1610 deserta
1039 1549 1087 1608 —ab
1103 1550 1174 1628 his,
1203 1555 1252 1633 qui
1266 1548 1318 1613 scel

339 1635 533 1712 eloquentiam
559 1634 756 1710 contulerunt,
777 1636 870 1696 studia
891 1634 1051 1713 sapientiae
1074 1652 1137 1694 non
1157 1638 1219 1697 iam
1240 1641 1318 1698 trau

339 1735 392 1777 suo
414 1727 499 1795 atque
520 1720 549 1777 in
570 1717 624 1776 hac
647 1719 701 1779 iori
725 1719 790 1778 luce
808 1727 960 1779 versantur
980 1717 1032 1776 sed
1055 1719 1086 1777 in
1106 1724 1252 1798 porticus
1271 1720 1319 1781 eti

338 1804 485 1878 gymnasia
500 1803 635 1879 primum,
650 1819 717 1860 mox
731 1804 760 1862 in
777 1812 935 1862 conventus
950 1800 1119 1862 scholarum
1137 1811 1318 1866 recessemd:

337 1886 383 1961 id,
401 1887 478 1964 quod
495 1895 539 1944 est
559 1888 667 1944 oratori
683 1887 880 1946 necessarium
895 1904 949 1945 nec
965 1904 982 1945 a
997 1885 1116 1947 dicendi
1140 1887 1318 1969 praeceptor}

339 1969 393 2028 bus
411 1971 549 2045 traditur,
571 1969 605 2028 ab
624 1970 658 2027 iis
674 1980 776 2047 petere
791 1972 919 2030 nimirum
937 1987 1061 2029 necesse
1085 1979 1155 2048 est,
1180 1975 1260 2053 apud
1273 1986 1318 2052 qun

340 2055 490 2129 remansit,
508 2053 675 2112 evolvendis
689 2055 802 2131 penitus
817 2053 992 2128 auctoribus,
1012 2055 1061 2130 qui
1078 2054 1116 2114 de
1133 2059 1251 2118 virtute
1263 2072 1318 2137 prat

340 2139 462 2214 cipiunt;
493 2146 523 2195 ut
548 2139 671 2196 oratoris
693 2140 751 2196 vita
778 2155 841 2197 cum
861 2138 981 2197 scientia
999 2137 1167 2199 divinarum
1190 2138 1320 2201 resumsit

310 2221 578 2298 9humarrarumque
600 2223 760 2280 coniuncta.
801 2220 882 2293 Quae
904 2223 986 2299 ipsae
1014 2231 1124 2299 quanto
1155 2228 1320 2286 maioresrt

339 2304 521 2381 pulchriores
537 2305 719 2379 viderentur,
741 2306 764 2363 si
781 2304 880 2364 illasii
896 2305 1044 2378 docerent,
1065 2307 1116 2382 qui
1138 2311 1233 2369 etiam
1249 2304 1319 2384 eloqt'

340 2391 583 2464 praestantissime
600 2385 741 2467 possenti
760 2387 931 2465 Utinamque
947 2389 984 2446 sit
997 2397 1111 2465 tempus
1127 2409 1271 2470 unquam,
1284 2404 1319 2468 qt·

340 2471 488 2548 perlectus
510 2472 628 2550 aliquis,
652 2473 766 2549 qualem
782 2481 931 2550 optamus,
963 2480 1060 2530 orator
1078 2471 1160 2533 hanc
1187 2487 1276 2537 artem
1291 2491 1319 2532 su·

341 2554 431 2632 perho
448 2557 560 2614 nomine
584 2565 612 2614 et
633 2559 709 2615 vitiis
727 2557 903 2634 quorundam
921 2553 996 2614 bona
1014 2555 1077 2613 eius
1094 2559 1320 2639 corrumpentur

340 2640 459 2697 invisam
473 2639 598 2698 vindicet
613 2640 667 2698 sibi
683 2658 727 2714 ac,
744 2640 826 2699 velut
840 2638 927 2697 rebus
942 2639 1086 2716 repetitiS,
1105 2641 1136 2698 in
1154 2660 1269 2723 corpus
1281 2641 1320 2701 ela

291 2726 474 2802 ‘10qucntiae
495 2723 625 2782 adducat.
661 2722 741 2796 Quae
762 2723 875 2799 quidem
897 2741 960 2781 cum
979 2723 1015 2781 sit
1036 2722 1065 2780 iu
1086 2725 1260 2788 trisdivisa
1278 2742 1321 2804 par

341 2819 402 2883 tes,
426 2806 645 2882 naturalem,
671 2807 859 2880 moralem,
880 2805 1115 2866 rationalem:
1147 2826 1212 2887 qua
1233 2809 1322 2872 tandco

341 2901 457 2952 nonest
473 2909 535 2950 cum
552 2892 675 2949 oratoris
691 2908 781 2967 opere
798 2886 969 2949 coniuncta?

424 2975 496 3034 Nam
512 2983 541 3033 ut
556 2975 684 3033 ordinem
699 2983 777 3033 retro
794 2990 921 3050 agamus,
937 2972 973 3033 de
987 2971 1085 3032 ultima
1103 2974 1175 3051 illa,
1193 2995 1269 3056 quae
1282 2981 1323 3034 tou

341 3070 472 3121 versatur
485 3061 513 3117 in
527 3058 639 3134 verbis,
656 3075 739 3117 nemo
755 3057 937 3133 dubitaverit,
954 3058 978 3115 si
993 3065 1023 3116 et
1037 3061 1247 3135 proprietates
1261 3056 1322 3119 voci

344 3147 481 3223 cuiusque
504 3154 591 3202 nosse
615 3151 643 3201 et
668 3141 798 3217 ambigua
821 3142 934 3219 aperire
957 3149 986 3199 et
1002 3140 1147 3218 perplexa
1172 3145 1322 3205 discemert

345 3230 423 3289 etde
441 3229 521 3288 falsis
543 3227 669 3286 iudicare
691 3235 719 3284 et
736 3225 876 3301 colligere
897 3242 932 3283 ac
950 3225 1121 3301 resolvere,
1153 3246 1235 3306 quae
1256 3225 1320 3285 velit

306 3323 488 3378 lloratorum
512 3321 566 3371 est.
600 3311 766 3388 Quanquam
781 3327 816 3368 ea
831 3326 887 3366 non
902 3317 958 3367 tarn
980 3317 1024 3367 est
1037 3310 1146 3368 minute
1166 3323 1257 3391 atque
1272 3325 1320 3369 cor

347 3400 406 3459 cise
423 3399 450 3455 in
466 3394 623 3455 actionibus
639 3395 772 3453 utendum
789 3410 873 3470 quam
888 3393 915 3450 in
930 3392 1186 3470 disputationibus,
1204 3397 1320 3474 quianon
1350 3394 1352 3435 ἵ

349 3484 455 3543 docere
471 3480 555 3539 nrodo
568 3480 619 3538 sed
635 3495 751 3536 movere
766 3478 849 3535 etiam
865 3493 898 3535 ac
914 3475 1060 3535 delectare
1079 3475 1237 3539 audientes
1252 3475 1320 3538 debet

349 3576 460 3646 orator,
488 3564 522 3626 ad
545 3563 621 3644 quod
642 3564 748 3641 impetu
773 3578 888 3639 quoque
913 3576 948 3620 ac
969 3557 1076 3619 viribus
1101 3568 1131 3620 et
1159 3561 1271 3625 decore
1290 3562 1321 3619 etl

316 3714 378 3885 N
