3184 4409
341 479 362 539 4
650 490 687 536 m.
704 489 782 535 sne.
801 487 1020 547 cornutorum

341 645 460 705 fundare
475 642 605 720 legibus,
628 643 779 702 emendare
795 643 907 703 iudiciis
923 643 1032 720 possit,
1053 658 1109 701 non
1126 641 1175 699 alb

299 741 330 792 11
341 729 419 788 fecto
441 746 523 806 quam
546 736 652 787 orator.
689 727 803 803 Quare,
823 729 936 789 tametsi
957 745 1002 784 me
1022 726 1117 785 fateor
1139 745 1172 782 us

340 813 474 887 busdam,
501 829 574 889 quae
595 812 839 890 philosophorum
859 811 941 871 libris
962 814 1160 883 continentur,

341 899 402 956 iure
419 914 548 974 vereque
570 897 764 956 contenderim
787 915 854 954 esse
875 897 973 972 operis
996 897 1087 953 nostri
1105 911 1176 971 prop

300 990 430 1050 laertem
446 982 599 1039 oratoriam
614 983 770 1058 pertinere.
794 980 857 1053 nin,
876 982 901 1038 si
918 978 1176 1057 frequentissime(

341 1065 524 1140 fortitudine,
554 1067 741 1142 temperantia
775 1066 940 1141 ceterisque
974 1063 1113 1121 similibus
1140 1062 1176 1120 dis

342 1158 410 1224 est,·
425 1148 498 1208 adeo
513 1158 543 1208 ut
559 1151 608 1208 vix
622 1149 682 1208 ulla
697 1149 790 1226 possit
805 1166 891 1208 causa
908 1150 1046 1224 reperiri,
1070 1149 1098 1205 in
1117 1164 1176 1222 quat

342 1250 396 1310 qua
418 1250 455 1292 ex
475 1233 519 1292 his
541 1233 647 1293 incidat
669 1234 818 1309 quaestio,
842 1250 935 1308 eaque
952 1233 1044 1290 omnia
1067 1232 1172 1289 inventi

342 1317 507 1376 elocutione
534 1326 599 1375 sunt
622 1316 809 1394 explicanda:
834 1315 1023 1390 dubitabitur,
1046 1315 1176 1390 ubicunq·

340 1403 417 1478 genii
440 1410 469 1460 et
489 1404 573 1478 copia
595 1400 708 1460 dicendi
728 1401 909 1479 postulatur,
935 1399 973 1458 ibi
996 1407 1093 1477 partes
1120 1416 1176 1456 orat

299 1497 332 1551 13
341 1481 534 1563 praecipuas?
558 1483 741 1562 Fueruntque
757 1485 847 1558 haec,
870 1493 900 1542 ut
922 1482 1027 1542 Cicero
1049 1483 1173 1560 apertiss

340 1571 392 1645 git,
411 1569 645 1646 quemadmodum
661 1570 755 1628 iuncta
769 1577 867 1627 natura
883 1569 926 1627 sic
941 1567 1039 1626 cilicio
1059 1584 1174 1644 quoque

341 1661 371 1711 ut
381 1653 466 1712 iidem
480 1654 627 1729 sapientes
640 1662 725 1730 atque
742 1654 916 1729 eloquentes
926 1652 1109 1711 haberentur.
1131 1652 1176 1709 Sci

341 1754 375 1793 se
397 1735 536 1812 studium,
559 1746 645 1814 atquc
667 1739 768 1795 inertia
785 1737 891 1796 factum
913 1745 973 1811 est,
997 1745 1028 1794 ut
1049 1745 1127 1794 artes
1150 1752 1176 1791 es

341 1820 516 1879 viderentur.
552 1818 623 1879 Nam
646 1830 676 1879 ut
699 1824 818 1898 primum
839 1820 937 1896 lingua
959 1838 1025 1878 esse
1047 1821 1145 1895 coepit
1166 1822 1173 1876 i

341 1905 554 1981 institutumque
571 1905 755 1982 eloquentiae
769 1904 852 1963 bouis
867 1905 941 1963 male
958 1905 1012 1962 uti:
1037 1921 1133 1962 curam
1147 1920 1173 1959 m

300 1987 442 2049 lidiserti
458 1988 650 2063 habebantur,
671 1989 859 2066 reliquerunt.
892 1987 934 2046 Ea
954 2005 1025 2046 vero
1046 1987 1176 2045 destitute

341 2072 420 2131 ribus
442 2074 564 2149 ingeniis
585 2073 664 2132 velut
687 2073 813 2151 praedae
831 2073 893 2132 fuit.
928 2071 997 2131 lnde
1020 2072 1148 2148 quidam,
1172 2095 1176 2123 t

342 2156 555 2217 benedicendi
581 2157 699 2232 labore,
726 2158 761 2217 ad
786 2156 951 2216 iormandos
979 2158 1087 2215 animos
1114 2165 1176 2213 stati

341 2244 418 2300 vitae
434 2241 517 2318 leges
533 2244 662 2319 regressi
685 2251 795 2320 partem
815 2241 929 2319 quidem
944 2242 1102 2319 potiorem,
1124 2242 1147 2296 si
1168 2259 1175 2297 c

342 2335 403 2401 set,
423 2329 614 2393 retinuerunt;
636 2343 740 2384 nomen
757 2336 850 2385 tamen
872 2325 927 2384 sibi
948 2325 1172 2383 insolentissimu

342 2419 458 2484 verunt,
480 2419 511 2468 ut
532 2411 588 2469 soli
610 2411 768 2488 sapientiae
789 2410 911 2468 studiosi
932 2418 1124 2481 vocarentur,
1148 2425 1175 2484 qr

342 2494 442 2552 summi
458 2495 648 2570 imperatores
673 2511 768 2571 neque
788 2495 817 2551 in
839 2492 967 2551 consiliis
988 2511 1082 2552 rerum
1102 2494 1176 2550 maxi

342 2579 430 2637 totius
446 2576 688 2636 administratione
709 2579 751 2636 rei
767 2576 903 2655 publicae
919 2578 1078 2636 clarissime
1094 2594 1176 2633 versa

343 2679 427 2738 quam
448 2662 593 2720 vindicare
614 2670 679 2720 sunt
701 2663 771 2720 ausi.
813 2659 925 2720 Facere
947 2664 1021 2719 enim
1040 2663 1145 2738 optima
1169 2679 1176 2717 r

301 2760 334 2812 15
342 2746 455 2804 mittere
471 2745 640 2804 maluerunt.
667 2745 712 2805 Ac
732 2753 862 2804 veterum
883 2747 997 2823 quidem
1012 2747 1172 2823 sapientiae

342 2847 404 2887 rum
418 2829 523 2888 multos
539 2838 568 2888 et
583 2829 705 2888 honesta
720 2831 909 2908 praecepisse
924 2839 963 2903 et,
979 2839 1009 2887 ut
1024 2847 1176 2906 praecepet

341 2914 469 2987 vixisse,
495 2913 582 2974 facile
609 2916 820 2981 concesserim;
854 2916 961 2973 nostris
983 2931 1055 2972 vcro
1082 2923 1176 2990 tempo

342 2997 398 3056 hoc
419 2999 532 3057 nominc
549 3000 669 3057 maxima
691 3000 719 3056 in
739 2998 887 3075 plerisque
908 3000 976 3057 vitia
999 2999 1150 3057 latuerunt.

342 3083 447 3141 virtute
462 3099 495 3140 ac
511 3081 627 3157 studiis,
648 3092 678 3141 ut
693 3082 869 3141 haberentur
883 3082 1066 3161 philosophi,
1090 3081 1172 3140 labor

267 3206 271 3214 .
341 3165 450 3225 vultum
473 3174 501 3224 ct
521 3167 663 3226 tristitiam
685 3176 713 3225 et
733 3167 951 3232 dissentientem
966 3185 983 3225 a
1001 3169 1107 3225 ceteris
1130 3165 1176 3223 hal

301 3249 421 3314 resimis
442 3249 570 3309 moribus
590 3250 827 3329 praetendebant.
858 3250 938 3310 llaec
954 3260 1065 3324 autem,
1089 3267 1163 3327 quae

343 3335 405 3410 pria
420 3334 621 3413 philosophiae
638 3344 820 3410 asseruntur,
836 3338 943 3412 passim
959 3344 1112 3394 tractamus
1129 3351 1175 3392 om

343 3419 417 3477 enim
438 3436 496 3477 non
518 3417 554 3477 de
574 3423 666 3494 iusto,
689 3437 783 3496 aequo
804 3437 838 3492 ac
858 3419 953 3493 bono,
975 3419 1061 3478 modo
1084 3436 1141 3476 non
1164 3436 1176 3475 e

342 3501 445 3579 simus,
474 3501 621 3580 loquitur?
643 3506 706 3581 quis
722 3521 779 3561 non
794 3506 879 3562 etiam
895 3502 1068 3562 rusticorum
1083 3503 1176 3579 aliqua

342 3586 518 3646 naturalibus
534 3586 665 3664 quaerit?
688 3606 751 3646 nam
772 3587 927 3646 verborum
948 3590 1112 3665 proprietas
1131 3605 1165 3645 ac

240 3729 244 3733 .
343 3671 491 3745 omnibus,
526 3674 573 3748 qui
599 3690 760 3732 sermonem
787 3689 874 3731 curae
901 3671 1022 3746 habent,
1056 3670 1144 3731 debet
1170 3691 1176 3726 r

302 3759 442 3817 limunis.
477 3755 535 3817 Sed
557 3766 641 3816 caet
664 3759 737 3830 sciet
759 3757 867 3834 optime
885 3764 915 3814 et
935 3756 1088 3833 eloquetur
1110 3764 1173 3816 orat
