3184 4409
576 496 1003 562 ruspounnomnrmmn.
1222 478 1282 547 'tos

294 657 360 712 iere
374 651 497 712 dicimus
513 667 596 727 quam
611 668 685 728 quoe
700 650 841 727 tingimus,
859 651 967 710 credet.
999 651 1069 710 Sunt
1086 650 1199 729 quidem
1214 651 1322 730 hae,35

293 753 361 814 ques
381 751 472 813 supro
495 734 597 809 retuli,
619 736 741 793 virtutes
763 735 880 793 aliarum
901 751 1016 812 quoque
1033 737 1166 813 partium.
1209 736 1281 796 Nam

292 829 319 880 ct
328 836 386 898 per
399 826 492 878 totum
506 819 648 878 actionem
661 818 774 877 vitanda
788 826 833 876 est
846 818 1007 876 obscuritas
1020 827 1049 876 et
1063 819 1163 878 modus
1175 820 1290 899 ubique¹

292 901 508 977 custodiendus,
525 910 554 960 et
569 900 718 961 credibilia
732 919 800 960 esse
812 903 903 960 omnia
920 911 1036 978 oportet
1050 920 1125 980 quae
1140 903 1280 963 dicuntur.

291 984 414 1046 llnxime
427 993 522 1044 umen
536 984 609 1044 hoec
620 987 649 1043 in
661 1002 694 1044 ea
709 994 792 1063 parte
810 985 996 1044 custodienda
1011 994 1086 1060 sunt,
1103 1003 1177 1062 quae
1192 990 1282 1065 prima

291 1069 414 1129 indicem
429 1067 532 1137 docct;
554 1071 583 1127 in
605 1086 659 1146 qne
674 1071 699 1127 si
714 1068 869 1144 acciderit,
892 1077 922 1126 ut
942 1078 989 1127 aut
1006 1086 1062 1127 non
1078 1069 1219 1146 intelligat
1234 1081 1282 1130 aut

291 1170 345 1212 non
354 1153 521 1211 meminerit
536 1161 583 1212 out
597 1152 774 1226 concredat,
791 1151 896 1211 frustra
909 1152 936 1209 in
949 1151 1066 1229 reliquis
1078 1152 1281 1212 laborabimus

289 1234 351 1296 Erit
365 1244 463 1295 cutem
478 1237 603 1294 narratio
624 1244 750 1314 operta
770 1243 856 1312 atque
875 1235 1050 1311 dilucida,
1073 1237 1098 1294 si
1118 1236 1204 1295 luerit
1224 1239 1322 1314 pri-36

289 1336 364 1379 mum
385 1321 520 1397 exposita
539 1319 636 1378 verbis
655 1321 780 1397 propriis
802 1327 832 1377 et
850 1318 1074 1395 significantibus
1096 1328 1125 1378 et
1147 1337 1204 1379 non
1218 1338 1285 1379 sor--

290 1403 363 1463 didis
379 1401 495 1480 quidem
513 1419 570 1461 non
590 1412 684 1462 tamen
706 1402 856 1479 exquisitis
887 1410 916 1461 et
937 1402 973 1462 ab
995 1421 1048 1463 usu
1067 1405 1200 1473 remotis;
1224 1413 1282 1463 tum

291 1485 426 1546 distincto
447 1485 552 1562 rebus,
576 1488 724 1564 personis,
751 1485 945 1563 temporibus,
967 1486 1056 1562 locis,
1084 1489 1194 1563 crnrsis,
1217 1489 1281 1566 ipsc

291 1571 378 1630 etium
396 1571 629 1647 pronuntiatione
654 1572 681 1628 in
701 1568 758 1628 lroc
779 1570 1010 1645 accommodate,
1032 1571 1184 1647 utiudex,
1207 1588 1281 1649 quae
1325 1622 1328 1629 .

291 1652 433 1728 dicentur,
453 1670 535 1730 quam
549 1653 684 1712 facillime
699 1654 842 1730 accipiet·
860 1651 940 1725 Quae
957 1654 1070 1731 quidem
1084 1657 1173 1713 virtus
1189 1653 1322 1732 negti-tt

290 1738 368 1814 gitur
384 1753 401 1796 c
420 1735 564 1814 plurimis,
587 1739 635 1815 qni
651 1738 686 1796 ad
701 1736 854 1795 clamorem
869 1738 1028 1815 dispositae
1042 1737 1091 1796 vel
1107 1740 1190 1797 etiam
1204 1739 1280 1798 iorte

291 1819 485 1880 circumfusae
496 1821 681 1880 multitudinis
693 1822 845 1897 compositi
859 1837 915 1878 non
926 1821 1020 1879 ierunt
1034 1822 1103 1881 illud
1117 1823 1281 1881 intentionis

291 1903 438 1964 silentium
452 1921 508 1963 nec
523 1904 577 1963 sibi
593 1904 693 1963 diserti
706 1904 855 1978 videntur,
869 1906 922 1962 nisi
938 1906 1029 1963 omnia
1047 1906 1165 1964 tumulto
1181 1915 1210 1964 et
1229 1922 1280 1964 vo·

246 2024 247 2045 r
292 1987 465 2047 ciferatione
484 1991 697 2055 concusserint;
720 2005 781 2046 rem
801 1987 927 2046 indicare
941 1989 1082 2046 sermonis
1104 1988 1238 2048 cotidiani
1253 1998 1282 2048 et

291 2073 320 2130 in
342 2088 544 2149 quemcunque
568 2073 652 2130 etiarn
673 2071 851 2130 indoctorum
871 2071 998 2129 cadentis
1019 2072 1196 2140 existimant;
1218 2090 1282 2133 com

290 2155 422 2229 interim,
446 2154 523 2232 quod
548 2164 680 2232 tanquam
704 2153 790 2212 facile
812 2162 1008 2229 contemnunt,
1038 2157 1168 2229 nescies,
1197 2173 1280 2233 pree·

246 2302 248 2313 1
293 2248 372 2299 stare
385 2239 478 2296 minus
495 2238 637 2297 velint‘crr
651 2239 771 2315 possint.
805 2236 908 2314 Neque
923 2239 996 2295 enim
1010 2237 1086 2296 aliud
1101 2239 1129 2295 in
1143 2238 1323 2317 eloquen-38

293 2324 348 2397 tis,
379 2330 482 2380 cuncta
505 2324 633 2400 experti,
663 2320 806 2380 difficilius
822 2323 969 2398 reperient
987 2339 1069 2398 quarn
1090 2321 1134 2396 id,
1157 2321 1233 2398 quod
1248 2339 1281 2380 se

292 2406 385 2464 inisse
398 2404 527 2465 dicturos
542 2422 640 2463 ornnes
653 2413 767 2485 putent,
786 2413 938 2483 postquam
958 2406 1121 2480 audierunt,
1145 2407 1281 2483 quianon

292 2489 367 2549 lona
389 2487 515 2547 iudicant
537 2507 604 2551 esse
625 2491 675 2551 itta
693 2490 745 2549 sed
764 2507 843 2548 vera.
881 2488 950 2547 'lum
971 2490 1063 2547 cutem
1085 2490 1190 2566 optIme
1214 2488 1282 2549 dicit

294 2581 409 2652 orator,
433 2593 497 2635 cum
516 2577 629 2636 uidetur
649 2592 719 2632 vere
740 2574 848 2633 dicere.
884 2572 923 2631 At
944 2590 1033 2647 nuno,
1052 2572 1132 2630 velut
1153 2583 1323 2651 campum39

294 2662 369 2721 moti
390 2661 598 2738 expositionis,
619 2658 665 2717 hic
686 2659 863 2736 potissimum
881 2665 909 2715 et
924 2673 1025 2714 vocem
1041 2655 1158 2714 flectunt
1174 2665 1203 2713 et
1219 2674 1280 2715 cer·

293 2748 385 2805 ricem
397 2753 541 2822 reponunt
557 2753 586 2802 et
599 2741 744 2802 brachium
759 2743 787 2800 in
802 2741 875 2799 letus
890 2741 995 2798 iactant
1010 2747 1129 2816 totoque
1144 2749 1173 2798 et
1187 2758 1281 2799 rernm

293 2837 320 2887 et
346 2827 507 2887 verborum
535 2836 563 2886 et
590 2826 806 2903 compositionis
832 2841 942 2900 genere
968 2823 1134 2890 lasciviunt;
1167 2823 1281 2900 deinde,

294 2912 370 2990 qnod
384 2913 425 2970 sit
438 2919 566 2969 monstro
581 2911 689 2983 simile,
705 2908 802 2986 placet
818 2909 909 2982 actio,
929 2924 1014 2966 causa
1030 2923 1087 2965 non
1102 2906 1280 2984 intelligitur.

292 2994 400 3054 llcrum
416 2994 489 3054 haec
506 2997 679 3067 omittemus,
698 3010 734 3050 ne
749 2994 839 3050 minus
857 2993 966 3066 gratiae
982 2989 1187 3068 praecipiendo
1201 2999 1282 3048 recta

293 3096 377 3158 pom
391 3078 521 3137 offensae
536 3075 775 3155 reprehendendo
788 3091 877 3153 prava
890 3092 1058 3133 mereamur.
1087 3073 1212 3131 Brevis
1228 3074 1324 3137 eritdo

292 3161 421 3223 namatio
436 3170 501 3221 ante
518 3163 625 3235 omnia,
642 3162 666 3218 si
681 3159 746 3217 inde
762 3160 943 3235 coeperimus
958 3176 1018 3217 rem
1033 3173 1191 3234 exponere,
1207 3155 1281 3215 unde

291 3248 325 3306 cd
339 3245 468 3307 iudicem
482 3247 616 3321 pertinet
635 3242 748 3317 deinde,
764 3245 788 3300 si
804 3241 871 3301 nihil
887 3251 968 3300 extra
984 3258 1098 3300 causam
1112 3239 1280 3305 dixerimus;

291 3330 469 3403 tumetium,
490 3329 513 3385 si
529 3327 716 3387 reciderimus
734 3327 841 3400 omnic,
866 3325 967 3402 quibus
988 3323 1107 3382 sublatis
1121 3341 1216 3400 neque
1231 3340 1279 3382 co

290 3413 416 3490 gnitioni
443 3413 594 3489 quidquam
619 3427 714 3487 neque
741 3409 854 3468 utilitati
879 3407 1052 3468 detrahatur.
1100 3407 1183 3467 Solet
1208 3408 1320 3471 enim41

291 3496 434 3575 quaedam
456 3512 523 3554 esse
546 3495 667 3572 partium
687 3493 834 3567 brevitas,
853 3509 927 3570 quse
948 3491 1062 3567 longam
1079 3498 1173 3550 temen
1193 3490 1282 3549 eflicit

291 3598 440 3640 summam.
473 3577 511 3639 in
524 3587 645 3656 portum
658 3578 743 3653 oeni,
764 3594 873 3638 nocem
888 3576 1049 3653 prospexi,
1071 3577 1176 3653 quanti
1191 3574 1281 3634 oede-

291 3673 338 3726 ret
363 3663 571 3740 interropcci,
598 3663 637 3722 de
655 3662 755 3740 pretio
770 3661 923 3732 convenit,
942 3659 1124 3734 conscendi,
1142 3657 1282 3716 sublatae

293 3756 365 3810 mot
380 3763 535 3823 ancorae,
556 3745 700 3807 solvimus
712 3760 815 3820 mom,
832 3742 966 3822 profecti
986 3759 1100 3804 sumus.
1131 3738 1209 3798 Nihil
1230 3737 1280 3796 ho-
