3184 4409
569 469 1025 538 suan.oanr0a.c1n.mn,a
1256 458 1296 520 73

385 626 443 685 Sed
471 626 572 685 horum
593 627 707 703 quidem
730 644 869 703 generum
890 635 918 685 et
940 625 1034 686 bonae
1057 628 1112 688 dici
1130 636 1251 706 possunt
1267 637 1296 687 et

301 710 403 770 malae.
437 708 507 769 lllae
524 727 640 787 semper
653 712 776 770 vitiosae
798 728 814 768 a
834 708 965 768 verbo:
987 708 1096 773 Patres
1111 714 1277 790 conscripti
1282 721 1338 780 :20

300 797 346 855 sic
369 796 448 855 enim
470 795 676 872 incipiendum
700 804 743 854 est
772 793 860 869 mibi,
891 802 924 854 ut
949 797 1143 855 memineritis
1161 805 1294 873 potinam.

301 877 387 938 Peius
407 876 514 952 adhuc,
540 893 597 954 quo
620 879 709 954 magis
725 877 827 936 ialsum
848 886 892 936 est
908 886 937 935 et
953 877 1066 954 longius
1080 880 1209 956 petitum,
1226 897 1294 939 cou-

300 970 343 1021 tra
360 960 480 1019 eandem
496 977 626 1019 sororem
642 962 824 1038 gladiatoris,
842 962 922 1020 cuins
933 962 1018 1021 modo
1033 961 1091 1021 ieci
1106 960 1293 1022 mentionem:

300 1042 351 1105 Aa
366 1047 491 1122 dipitam
503 1047 648 1123 paparoni.
680 1044 733 1103 Est
749 1047 834 1103 etiam
848 1047 965 1120 generis
981 1045 1126 1120 eiusdem,
1143 1048 1242 1106 nescio
1260 1055 1335 1109 antl

300 1130 525 1202 vitiosissimum,
544 1131 676 1205 quotiens
688 1127 842 1187 verborum
859 1128 1025 1205 ambiguitas
1038 1146 1206 1188 cumrerum
1221 1129 1294 1190 falsa

301 1212 425 1289 quadam
440 1211 623 1271 similitudine
639 1214 770 1288 iungitur.
811 1210 924 1270 Clarum
946 1221 1092 1272 auctorem
1112 1214 1223 1271 iuvenis
1245 1231 1293 1272 au·

301 1296 375 1369 divi,
399 1313 463 1354 cnm
482 1295 558 1354 lecta
572 1297 599 1353 in
614 1298 708 1374 capite
724 1295 870 1354 cuiusdam
887 1313 955 1355 ossa
970 1298 1129 1356 sententiae
1144 1297 1235 1374 gratia
1251 1306 1293 1355 te-

300 1377 393 1438 nenda
409 1380 490 1437 matri
507 1378 649 1438 dedisset:
671 1378 886 1457 laseb‘cistima
907 1381 1038 1456 femina,
1058 1382 1191 1441 nondum
1208 1391 1294 1441 eatu-

299 1464 362 1524 iisti
385 1463 481 1540 filiam
510 1464 628 1523 etiam.
641 1482 713 1524 ossa
733 1465 840 1542 lepisti.
873 1462 919 1522 Ad
939 1462 996 1522 hoc
1017 1463 1149 1542 plerique
1173 1465 1292 1523 minimis
1301 1473 1336 1526 22

300 1549 387 1607 etiam
407 1546 626 1605 inventiunculis
647 1546 788 1623 gaudent,
811 1565 885 1624 quae
907 1565 1050 1606 excussae
1073 1549 1160 1606 risum
1176 1547 1292 1622 habent,
1322 1565 1324 1568 ⁴

299 1632 434 1689 inventae
451 1629 526 1688 facie
542 1632 648 1705 ingenii
663 1630 852 1690 blandiuntur.
890 1629 934 1688 De
951 1647 1002 1707 eo,
1026 1633 1073 1709 qni
1093 1630 1247 1708 naufragus
1264 1639 1293 1691 ct

299 1723 366 1773 ante
384 1731 519 1790 agrorum
535 1715 686 1773 sterilitate
700 1711 822 1773 vexatus
835 1716 862 1773 in
875 1713 983 1773 scholis
997 1715 1111 1791 tingitur
1122 1733 1155 1774 se
1171 1733 1291 1792 suspen-

299 1798 396 1857 disse:
422 1796 516 1869 Ouem
538 1817 596 1858 nec
619 1808 704 1859 terra
726 1800 836 1875 recipit
850 1817 907 1858 aec
922 1817 1021 1874 more,
1036 1801 1179 1876 pendeat.
1220 1799 1335 1862 liutans

300 1880 394 1941 simile
410 1882 438 1939 in
453 1881 519 1954 illo,
544 1881 580 1940 de
605 1899 661 1957 qno
682 1899 769 1959 supra
785 1882 861 1956 dixi,
884 1883 929 1940 cni
945 1891 1028 1960 pater
1045 1900 1096 1941 sua
1111 1882 1236 1950 membra
1251 1883 1290 1942 la·

299 1965 409 2024 cenanti
431 1982 571 2022 venenum
593 1964 683 2024 dedit:
710 1963 771 2036 Qui
789 1966 867 2026 baec
885 1966 964 2040 edit,
989 1967 1076 2026 debet
1100 1966 1156 2026 boc
1179 1966 1291 2028 bibere.

296 2047 335 2108 Et
350 2050 379 2106 in
394 2047 580 2122 luxuriosum,
599 2049 646 2124 qni
658 2039 888 2127 ἆποκαρτέρησιν
903 2049 1052 2108 simulasse
1064 2049 1181 2108 dicitur:
1197 2047 1292 2112 Necte

297 2134 450 2209 loqueum,
462 2132 567 2206 babae,
588 2134 669 2208 quod
681 2133 826 2212 faucibus
841 2134 901 2192 tais
914 2134 1088 2200 irascaris,·
1104 2152 1188 2194 sume
1201 2152 1290 2194 cene·

296 2234 384 2289 nam,
409 2217 496 2275 decet
510 2217 700 2279 turmariorum
715 2217 845 2276 bibendo
863 2217 948 2275 mori.
985 2216 1050 2275 Alia
1070 2233 1158 2275 vana:
1179 2225 1209 2275 nt
1228 2226 1333 2280 sua-24

299 2299 396 2366 dentis
418 2301 601 2377 purpuratis,
623 2308 653 2358 ut
673 2298 868 2359 Alexandrum
883 2297 1039 2373 Babylonis
1054 2299 1186 2358 incendio
1205 2317 1290 2378 sepe·

299 2381 388 2456 liant,
418 2380 630 2443 Alexandrum
659 2386 771 2460 sepelio
778 2406 792 2452 ‚·
824 2385 880 2443 boc
909 2385 1068 2460 qaisquam
1096 2383 1246 2461 spectabit
1269 2402 1290 2445 a

297 2468 397 2527 tecto?
412 2465 499 2538 Quasi
514 2483 585 2525 vero
600 2467 628 2526 id
641 2467 677 2525 sit
692 2468 720 2524 in
733 2484 765 2525 re
781 2475 841 2525 tota
853 2466 1084 2543 indignissimum.
1109 2467 1174 2526 Alia
1189 2468 1288 2527 nimia:

297 2557 329 2608 nt
346 2548 383 2608 de
399 2548 545 2609 Germanis
563 2549 703 2609 dicentem
720 2550 858 2627 quendam
875 2551 984 2625 andivi,
1008 2547 1107 2628 Caput
1122 2552 1291 2613 nesciendi

295 2634 489 2710 impositam
511 2642 539 2692 et
562 2634 598 2693 de
620 2635 683 2692 viro
705 2632 788 2708 lorti,
810 2631 898 2694 Belia
912 2635 1039 2695 umbone
1051 2637 1201 2713 propellit.
1232 2635 1330 2697 Sedet

297 2715 362 2775 linis
380 2734 436 2775 non
453 2718 517 2790 erit,
533 2719 557 2775 si
573 2716 700 2794 singulas
717 2727 917 2795 corruptorum
932 2734 1093 2794 persequar
1108 2718 1226 2778 formas.

382 2798 454 2860 lllud
470 2802 581 2878 potius,
606 2801 682 2878 quod
709 2809 754 2860 est
772 2801 864 2877 magis
884 2803 1088 2860 necessarium.
1123 2801 1205 2862 Duae
1224 2810 1289 2861 sont

297 2883 431 2943 diversae
449 2885 615 2963 opiniones,
639 2884 758 2943 aliorum
778 2885 933 2943 sententias
949 2885 1028 2944 solas
1045 2903 1138 2963 paene
1156 2893 1287 2965 spectan-

296 2969 376 3042 tium,
395 2968 514 3027 aliorum
530 2969 643 3027 omniuo
657 2967 859 3034 damnantium:
882 2985 1001 3044 quornm
1015 2969 1080 3028 mihi
1095 2978 1224 3029 nentrum
1238 2968 1287 3027 ad·

295 3051 410 3110 modum
425 3051 530 3128 placet.
572 3050 706 3111 Densitas
730 3068 827 3110 aarum
849 3052 945 3111 obstat
964 3054 1100 3119 invicem:
1128 3061 1157 3110 ut
1176 3054 1204 3110 in
1218 3053 1329 3116 satisne

298 3133 428 3193 omnibus
444 3134 642 3213 fructibusque
659 3133 792 3195 arborum
813 3134 882 3193 nihil
903 3135 937 3195 ad
953 3137 1053 3194 iustam
1068 3135 1287 3212 magnitudinem

296 3218 469 3279 adolescere
486 3228 599 3296 potest,
622 3218 698 3297 quod
716 3219 801 3292 loco,
818 3220 945 3296 inquam
961 3228 1088 3293 crescat,
1106 3228 1193 3278 caret.
1222 3217 1286 3279 Nec

296 3303 419 3379 pictura,
442 3304 470 3361 in
486 3320 541 3380 qua
558 3302 627 3361 nihil
646 3302 833 3361 circumlitum
848 3311 903 3377 est,
926 3305 1039 3361 eminet.
1076 3302 1204 3380 Ideoque
1219 3303 1285 3362 arti·

297 3385 368 3445 lices
391 3388 491 3459 etiam,
515 3405 577 3446 cnm
599 3387 682 3465 plura
702 3386 731 3444 in
752 3403 835 3445 unam
850 3385 973 3445 tabulam
988 3403 1078 3464 opera
1093 3386 1285 3462 contulerunt,

298 3471 399 3547 spatiis
417 3470 607 3546 distinguunt,
629 3487 665 3529 ne
680 3469 797 3528 umbrae
812 3471 841 3528 in
855 3486 977 3547 corpora
995 3470 1105 3529 cadant.
1144 3469 1225 3530 Facit
1238 3476 1326 3531 resti

297 3553 398 3613 eadem
419 3556 563 3612 concisam
589 3571 704 3631 quoqne
725 3555 891 3613 orationem.
934 3552 1068 3613 Subsistit
1095 3555 1169 3613 anim
1194 3555 1285 3614 omnis

296 3638 450 3712 sententia,
471 3637 595 3713 ideoque
611 3646 678 3714 post
693 3649 755 3696 eam
771 3638 868 3713 utique
889 3636 964 3696 alind
985 3646 1029 3697 est
1052 3639 1168 3697 initium.
1203 3637 1285 3698 Unde

297 3720 393 3781 soluta
408 3721 472 3782 iere
488 3722 580 3780 oratio
599 3729 627 3780 et
643 3739 659 3780 c
674 3721 794 3798 singulis
810 3737 867 3780 non
882 3715 1021 3781 'membris
1044 3721 1095 3782 sed
1110 3721 1208 3782 inustis
1223 3719 1284 3782 col·
