3184 4409
346 469 387 534 82
550 510 551 515 κ
660 485 786 534 uuna
800 486 1019 546 cummanum

385 648 388 653 “
429 638 493 699 Sed
511 659 565 701 uos
579 642 755 700 immensum
770 641 871 718 spolio
886 639 1070 718 confecimus
1088 658 1215 719 aequor,

431 721 549 784 Etiam
572 732 687 803 tempus
708 740 817 801 equum
835 724 988 801 [amantio
1007 726 1126 786 soluere
1149 728 1239 789 eollo.

303 810 413 873 [resine
429 808 613 866 translatione
630 824 700 866 vero
717 809 744 865 in
758 806 904 866 Bucolicis

389 890 477 952 Certe
493 894 630 968 equidem
646 883 824 965 audieram,
846 908 908 968 quu
927 910 962 952 se
979 893 1154 953 subducere
1169 895 1264 954 colles

385 975 538 1054 Incipiunt
560 976 699 1052 mollique
715 977 819 1053 iuqum
837 976 994 1037 demittere
1010 978 1087 1037 clioo

389 1057 489 1137 Usque
504 1061 547 1120 ud
561 1077 673 1136 uquum
685 1067 713 1119 et
723 1059 836 1119 ueteris
850 1061 912 1119 ium
924 1059 1030 1136 fructu
1045 1061 1207 1120 cacumina
1222 1061 1304 1138 supi,

389 1142 496 1203 Omniu
512 1144 699 1203 terminibus
712 1151 845 1203 oestrum
859 1160 1001 1204 seruasse
1015 1141 1189 1204 Menalcan.

302 1229 405 1291 47H0c
427 1230 501 1286 enim
524 1226 590 1285 loco
617 1235 733 1304 praeter
753 1243 856 1284 nomeu
879 1235 977 1285 cetera
1003 1228 1129 1304 propriis
1151 1227 1254 1287 decisa
1282 1239 1342 1288 sunt

343 1312 455 1386 verbis,
472 1329 570 1368 verum
585 1327 642 1368 uon
659 1319 758 1386 pastor
775 1308 921 1368 Menalcas
939 1310 992 1370 sed
1008 1309 1156 1385 Vergilius
1175 1319 1220 1369 est
1236 1313 1340 1372 iutelli-

343 1395 463 1473 gendus,
499 1394 592 1452 Habet
616 1413 695 1452 usum
718 1393 782 1452 talis
802 1393 962 1468 allegoriae
984 1394 1153 1470 frequenter
1174 1396 1269 1453 oratio
1293 1396 1342 1455 sed

342 1497 408 1539 raro
425 1479 526 1542 totius:
549 1478 718 1556 plerumque
736 1479 844 1555 apertis
860 1479 1002 1554 permixta
1018 1486 1072 1536 est.
1115 1476 1188 1536 Tota
1204 1481 1284 1555 apud
1299 1477 1341 1538 Ci-

344 1581 479 1623 ceronem
496 1561 560 1619 talis
577 1571 635 1620 est:
668 1559 731 1621 Hoc
745 1562 858 1636 miror,
875 1560 931 1621 ltoe
947 1578 1074 1639 queror,
1093 1577 1277 1639 quemquam
1291 1564 1341 1623 lio-

342 1649 450 1708 mr'nem
464 1648 508 1705 itu
522 1647 725 1722 pessumdare
739 1646 868 1705 alterum
881 1647 973 1720 uelle,
995 1653 1028 1704 ut
1042 1647 1131 1706 etium
1145 1660 1257 1706 nouem
1269 1665 1341 1724 per-

299 1739 334 1793 48
340 1733 431 1809 foret,
443 1732 474 1789 in
487 1747 549 1806 quu
559 1731 625 1806 ipse
639 1730 768 1806 nouiqet.
782 1727 858 1789 Illud
870 1730 1051 1787 commixtum
1064 1729 1340 1806 frequentissimum:

341 1812 491 1892 Equidem
509 1821 629 1874 ceteros
645 1821 836 1891 tempestates
858 1819 888 1872 et
900 1814 1051 1888 procellos
1065 1815 1097 1873 in
1111 1814 1173 1873 illis
1190 1813 1342 1875 duntaxat

340 1895 482 1974 fluctibus
498 1899 667 1958 contionum
684 1916 803 1975 semper
821 1893 926 1956 Miloni
942 1898 1052 1975 putaui
1071 1915 1138 1957 esse
1154 1897 1341 1959 subeundos.

340 1981 402 2041 Nisi
418 1982 572 2040 adiecisset
590 1983 740 2042 duntouat
756 1978 900 2057 tractibus
920 1982 1108 2041 contionum.-
1131 1989 1211 2039 esset
1227 1981 1340 2058 allego·

340 2069 398 2133 ria;
421 2084 495 2124 nunc
513 2084 575 2123 eam
594 2066 713 2124 miscuit.
755 2063 818 2136 Quo
835 2064 862 2122 in
878 2082 988 2140 genere
1006 2073 1035 2123 et
1050 2065 1165 2141 species
1190 2082 1227 2122 ex
1244 2081 1339 2124 arces-

298 2152 401 2212 49sitis
419 2150 516 2208 verbis
532 2152 615 2207 venit
625 2158 652 2206 et
669 2149 833 2207 intellectus
850 2166 887 2206 ex
904 2149 1039 2225 propriis.
1067 2147 1142 2206 lllud
1161 2164 1235 2205 vero
1253 2149 1339 2225 longe

341 2235 586 2311 speciosissimum
607 2251 698 2308 genus
723 2232 878 2306 orationis,
907 2233 935 2289 in
956 2249 1012 2308 quo
1030 2233 1119 2295 trium,
1133 2233 1278 2308 permixta
1299 2241 1340 2292 est

340 2319 447 2394 gratia,
467 2317 671 2391 similitudinis,
688 2316 865 2392 allegoriae,
881 2315 1091 2374 translationis:
1117 2313 1208 2387 Quod
1216 2316 1339 2392 fretum,

340 2418 426 2477 quem
443 2400 609 2478 Euripum,
627 2410 667 2460 tot
681 2408 793 2474 moires,
812 2407 929 2475 lautos,
948 2408 1010 2460 ium
1024 2401 1131 2459 corilus
1145 2400 1261 2460 liobere
1277 2419 1341 2461 ere

339 2487 411 2545 ditis
428 2487 623 2563 uqitotiones,
647 2485 904 2559 commutationes,
920 2480 1048 2559 ducum,
1068 2492 1202 2560 quantus
1212 2492 1340 2560 pertur-

339 2570 473 2629 bationes
496 2577 525 2629 et
546 2576 675 2644 quantos
691 2577 793 2628 aestus
808 2567 897 2627 liniet
914 2569 993 2628 ratio
1015 2569 1225 2629 comitiorum?
1267 2566 1341 2629 Dies

338 2653 528 2712 intermissus
549 2671 628 2711 unias
652 2660 705 2713 uut
726 2669 788 2712 noar
809 2648 988 2729 interpositu
1012 2669 1106 2728 saepe
1126 2659 1154 2710 et
1178 2653 1342 2728 perturbat

338 2737 438 2796 omnio
464 2744 493 2795 et
515 2743 606 2795 totum
630 2737 798 2813 opinionem
823 2753 924 2812 porou
942 2752 1156 2812 nonuunquam
1178 2743 1341 2797 commutat

296 2836 330 2883 50
338 2838 419 2880 uteru
434 2821 575 2879 rumoris.
620 2819 691 2878 Nam
708 2820 734 2878 id
753 2836 868 2895 quoque
885 2820 1025 2897 inprimis
1047 2828 1092 2877 est
1110 2819 1339 2893 custodiendum,

339 2914 385 2977 ut,
404 2921 459 2980 quo
474 2921 631 2978 exgenere
645 2905 780 2980 coeperis
797 2902 1007 2977 translatiuum,
1024 2901 1081 2961 hoc
1096 2903 1221 2962 desinas.
1260 2901 1340 2961 Multi

339 2998 449 3061 autem,
472 3006 534 3045 cum
556 2988 663 3045 initium
689 3004 705 3044 a
724 2995 894 3063 tempestate
915 2996 1113 3063 sumpserunt,
1139 2985 1276 3044 incendio
1295 2993 1340 3044 aut

295 3075 416 3138 51ruiua
429 3072 540 3136 liniunt;
561 3089 634 3147 quae
652 3080 696 3129 est
711 3072 947 3146 inconsequentia
963 3088 1057 3128 rerum
1074 3070 1252 3129 foedissima.
1282 3067 1338 3134 ,Ge-

338 3165 429 3214 terum
450 3156 591 3231 allegoria
614 3157 709 3231 parvis
727 3172 843 3231 quoque
859 3155 980 3230 ingeniis
1002 3163 1030 3211 et
1046 3155 1190 3212 cotidiano
1213 3152 1339 3212 sermoni

337 3241 568 3316 frequentissime
581 3241 678 3297 servit.
714 3237 784 3297 Nam
800 3239 849 3297 illa
865 3240 892 3296 iu
908 3239 1027 3314 agendis
1044 3239 1137 3296 causis
1154 3239 1210 3295 iam
1223 3232 1336 3307 detrita,

337 3322 448 3382 Pedem
473 3325 614 3401 coruferre
637 3332 664 3380 et
679 3321 820 3399 luqulum
832 3330 938 3399 petere
959 3331 988 3380 et
1007 3320 1194 3399 Sorrquiaem
1209 3323 1335 3393 mittere,

337 3407 402 3464 inde
415 3417 495 3481 sunt,
513 3426 567 3465 uec
584 3408 729 3466 offendunt
743 3415 846 3463 tamen.
877 3403 929 3464 Est
941 3407 1015 3464 enim
1030 3415 1112 3480 grata
1127 3406 1155 3462 in
1171 3404 1336 3481 eloquendo

337 3491 447 3546 novitas
471 3500 499 3548 et
516 3494 668 3565 emulatio,
690 3499 718 3548 et
738 3491 828 3565 magis
847 3491 991 3567 inopinata
1007 3489 1161 3548 delectant.
1208 3487 1335 3567 Ideoque

337 3575 437 3631 iamin
459 3573 501 3630 his
528 3576 670 3633 amisimus
693 3573 805 3631 modum
823 3582 852 3631 et
868 3575 988 3649 gratiam
1004 3574 1046 3631 rei
1068 3574 1150 3631 nimia
1172 3573 1335 3665 captaqique

295 3664 328 3715 52
338 3658 573 3734 consumpsimus.
610 3659 662 3716 Est
683 3660 710 3715 in
734 3657 875 3734 exemplis
893 3657 1051 3733 allegoria,
1073 3657 1097 3715 si
1114 3673 1172 3714 non
1187 3654 1335 3733 praedicta

335 3742 446 3800 ratione
467 3751 617 3820 ponantur.
662 3741 732 3800 Nam
757 3750 785 3801 ut
810 3740 985 3820 Dionysium
1009 3737 1145 3801 Corinthi
1165 3758 1250 3816 esse,
1279 3751 1334 3816 quo
