3184 4409
305 399 363 463 152
646 410 1009 472 u.rne.oumnm1su1

259 567 376 632 bliulsc
392 567 550 633 existimat;
575 574 604 626 et
618 564 712 627 Pollio
731 573 760 625 et
772 563 899 627 Messala
912 565 1108 627 defenderunt
1125 569 1270 650 eosdem,
1284 579 1305 633 tl

302 651 385 713 nobis
412 653 510 728 pueris
540 651 668 726 insignes
694 667 748 729 pro
775 650 925 710 Voluseno
950 648 1055 711 Catulo
1080 649 1211 715 Domitii
1240 655 1301 731 Aul,

302 735 396 813 Crispi
411 734 556 809 Passieni,
577 734 689 794 Decimi
710 733 800 794 Laelii
824 736 970 795 orationes
991 733 1176 798 ferebantur.
1210 738 1301 819 Neque

299 821 328 881 id
344 819 438 879 statim
453 819 561 895 legenti
576 836 746 897 persuasum
761 819 809 894 sit,
827 819 937 894 omnia,
958 836 1033 897 quae
1049 821 1157 898 optimi
1173 833 1300 885 auctore

300 905 441 978 dixerint,
462 905 561 981 utique
587 920 654 961 esse
676 901 818 981 perlecta.
856 901 929 963 Num
951 911 981 963 et
1001 901 1139 963 labuntur
1153 904 1299 986 aliqunto

300 997 329 1048 et
352 989 434 1047 oneri
459 988 564 1046 cedunt
586 995 616 1045 et
637 985 987 1063 indulgentingeniorum
1009 1004 1130 1047 suorum
1153 991 1298 1071 voluptno',

299 1090 354 1132 nec
369 1090 486 1149 semper
498 1071 644 1130 intendunt
666 1070 802 1147 animum,
824 1087 1024 1150 nonnunquam
1043 1071 1227 1149 fatigantur;
1250 1092 1299 1135 cun

300 1155 435 1216 Ciceroni
449 1157 603 1216 dormitare
620 1155 731 1214 interim
747 1154 975 1231 Demosthenes,
994 1154 1115 1217 Horatio
1132 1175 1213 1218 vcro
1228 1160 1300 1219 etin

256 1239 438 1304 25Hcmerus
458 1241 522 1318 ipse
539 1239 679 1298 videatur.
715 1239 822 1298 Summi
839 1239 914 1299 enim
933 1247 1015 1314 sunt,
1038 1237 1173 1300 homines
1202 1252 1299 1315 tanea,

299 1325 462 1402 acciditque
485 1323 545 1398 his,
570 1323 633 1401 qui,
658 1322 795 1401 quidquid
811 1323 887 1401 apud
903 1323 970 1383 illos
986 1332 1173 1402 repererunt,
1193 1324 1300 1387 dicendi

299 1408 395 1485 legem
409 1416 526 1486 putant,
549 1416 579 1466 ut
595 1408 741 1469 deteriora
762 1407 921 1483 imitentur,
944 1407 988 1485 (id
1011 1408 1086 1466 enim
1110 1418 1159 1468 est
1175 1409 1299 1489 facilius)

298 1510 334 1552 uc
349 1511 381 1551 se
398 1491 510 1564 abunde
527 1491 635 1550 similes
648 1482 802 1568 putent‚'si
817 1492 886 1551 vitia
896 1508 1064 1568 magnorum
1075 1504 1299 1571 consequantur.

255 1574 431 1642 26llodesto
453 1585 548 1635 tamen
570 1583 599 1634 et
622 1576 834 1653 circumspecto
858 1574 964 1634 iudicio
985 1575 1022 1637 de
1043 1578 1130 1636 tontis
1150 1578 1225 1638 viris
1243 1594 1300 1657 pro·

298 1660 479 1720 nuntiandum
500 1667 560 1734 est,
581 1676 634 1734 ne,
656 1658 733 1737 quod
755 1658 905 1738 plerisque
928 1660 1048 1735 accidit,
1075 1659 1217 1722 damnent
1235 1680 1301 1742 quae

298 1761 355 1803 non
370 1744 542 1820 intelligunt.
576 1742 621 1802 Ac
636 1745 660 1802 si
676 1761 801 1803 necesse
817 1752 862 1803 est
877 1744 905 1803 in
920 1743 1040 1804 alteram
1055 1762 1159 1804 errare
1173 1756 1300 1825 partem:

298 1829 391 1888 omnia
407 1845 506 1887 eorum
524 1826 688 1905 tegentibus
703 1827 823 1906 placere
839 1844 923 1904 qnam
942 1827 1030 1889 multa
1044 1828 1228 1908 displicere,
1250 1846 1300 1893 m·

298 1912 409 1972 luerim.

254 2006 290 2063 27
379 1995 532 2056 Plurimum
551 1994 619 2055 dicit
638 1996 746 2055 oratori
764 1995 899 2056 conferre
914 1994 1131 2074 Theophrastus
1147 1996 1301 2059 lectionem

298 2089 504 2159 poetarum,
531 2080 669 2158 multique
691 2081 754 2138 eius
776 2079 910 2140 iudicium
931 2089 1103 2159 sequuntur;
1131 2099 1234 2160 neque
1256 2084 1299 2143 ln·

297 2167 409 2224 merito.
444 2164 575 2241 Namque
598 2165 633 2224 ab
654 2164 698 2223 his
719 2164 747 2222 in
770 2163 857 2222 rebus
873 2164 990 2241 spiritus
1008 2172 1037 2223 et
1053 2164 1082 2223 in
1095 2165 1198 2225 verbis
1216 2165 1299 2227 subli-

297 2251 379 2308 mitas
396 2258 425 2308 et
440 2251 467 2307 in
480 2247 631 2308 affectibus
643 2257 736 2307 motus
750 2248 841 2306 omnis
852 2257 881 2307 et
891 2249 918 2307 in
929 2250 1062 2327 personis
1078 2247 1172 2309 decor
1183 2251 1298 2328 petitur,

297 2334 514 2412 praecipueque
543 2331 624 2391 velut
652 2333 746 2391 attritu
778 2332 922 2392 cotidiano
956 2341 1021 2393 actu
1048 2332 1161 2393 lorensi
1187 2335 1299 2412 ingenio

298 2419 406 2496 optime
429 2436 523 2477 rerum
540 2416 637 2475 talium
658 2416 796 2476 blanditia
818 2425 998 2495 reparantur.
1038 2415 1171 2494 Ideoque
1193 2419 1225 2478 in
1250 2418 1299 2479 luat

255 2500 424 2566 melectione
442 2500 546 2560 Cicero
572 2500 812 2578 requiescendum
833 2509 922 2578 putat.
959 2499 1174 2561 Meminerimus
1195 2511 1298 2576 tamen,

297 2601 355 2643 non
371 2604 424 2662 per
445 2586 538 2644 omnia
555 2594 657 2662 poetas
680 2602 747 2642 esse
771 2584 879 2644 oratori
899 2584 1065 2662 sequendos
1085 2593 1142 2645 nec
1164 2584 1298 2647 libertate

296 2667 449 2728 verborum
467 2686 521 2727 nec
544 2669 658 2728 licentia
677 2668 848 2744 figurarum
868 2686 961 2745 genus
978 2669 1164 2729 ostentationi
1183 2687 1298 2750 compe

296 2760 387 2811 ratum
404 2762 432 2812 et
452 2762 568 2830 praeter
584 2752 628 2826 id,
658 2752 735 2830 quod
758 2753 850 2812 solam
878 2755 951 2831 petit
976 2752 1157 2831 voluptatem
1179 2771 1299 2833 eamque

297 2836 381 2895 etiam
393 2836 526 2913 iungendo
541 2852 598 2894 non
615 2835 688 2895 falsa
698 2836 783 2896 modo
800 2835 950 2897 sedetiam
964 2835 1103 2916 quaedam
1118 2837 1299 2900 incredibilia

254 2930 439 2996 noscentur,
462 2920 622 2999 patrocinio
646 2938 762 2999 quoque
783 2920 880 2999 aliquo
901 2922 1008 2982 iuvari:
1030 2921 1107 2999 quod
1128 2921 1252 2999 alligate
1266 2920 1300 2983 ad

297 3015 405 3064 certam
422 3005 526 3083 pedum
541 3005 745 3064 necessitatem
767 3022 826 3064 non
846 3022 963 3083 semper
980 3006 1021 3065 uti
1040 3005 1168 3083 propriis
1191 3006 1298 3084 possit,

295 3088 348 3148 sed
364 3089 485 3167 depulsa
500 3097 581 3149 recta
595 3089 641 3147 via
659 3090 828 3149 necessario
851 3089 887 3150 ad
907 3088 1063 3168 eloquendi
1084 3088 1228 3168 quaedum
1251 3090 1298 3152 de·

296 3174 437 3232 vesticula
450 3173 606 3250 confugiat,
623 3191 678 3231 nec
694 3182 804 3232 mutare
821 3173 961 3251 quaedam
973 3172 1058 3234 modo
1072 3172 1164 3233 verba
1180 3173 1236 3234 sed
1251 3191 1298 3235 ex·

295 3256 431 3333 tendere,
451 3260 617 3335 corripere,
636 3267 825 3333 convertere‚
844 3257 973 3317 dividere
989 3266 1127 3335 nugatum
1148 3274 1204 3317 nos
1227 3274 1298 3320 vero

295 3350 418 3400 armatos
444 3350 521 3401 stare
545 3344 572 3400 in
595 3342 659 3401 acie
681 3350 709 3400 ct
731 3343 846 3400 summis
868 3341 905 3402 de
925 3341 1013 3402 rebus
1034 3341 1198 3402 decernere
1215 3342 1297 3403 etad

251 3423 444 3489 aovictoriam
461 3428 519 3485 niti.
548 3425 651 3504 Neque
673 3442 745 3502 ergo
771 3444 849 3485 arma
870 3426 1006 3505 squalere
1030 3427 1085 3486 situ
1108 3443 1143 3486 ac
1164 3425 1299 3504 rubigine

294 3505 390 3581 velim,
405 3507 457 3565 sed
478 3510 622 3585 fulgorem
637 3512 733 3569 inesse
752 3511 799 3587 qui
814 3518 938 3586 terreat,
961 3510 1054 3589 quulis
1070 3518 1116 3570 est
1131 3510 1219 3588 ferri,
1241 3526 1298 3591 quo

293 3607 373 3648 mens
382 3591 464 3650 simul
476 3594 611 3672 visusque
625 3595 856 3670 praestringitur;
869 3611 926 3653 non
937 3594 1030 3674 qualis
1042 3595 1297 3676 auriargentiqne,

293 3673 417 3735 imbellis
435 3684 464 3734 et
478 3678 573 3754 potius
589 3677 706 3739 babenti
720 3677 915 3758 periculosus.
