3184 4409
589 467 1010 536 rusr.oanroa.1aa.x,a.
1237 457 1295 519 173

295 634 328 685 ut
346 627 412 684 cito.
436 625 494 684 Sed
506 634 563 684 tum
574 625 706 698 maxime,
723 641 787 683 oum
799 624 921 683 facultas
936 624 986 683 illa
999 626 1162 701 contigerit,
1179 627 1296 684 resista·

294 729 358 768 mus
377 719 405 768 et
420 710 620 786 provideamus
638 717 667 768 et
682 707 811 766 ferentes
823 725 915 784 equos
926 707 1016 766 frenis
1035 708 1201 785 quibusdam
1213 726 1295 793 coer·

296 812 427 860 ceamos;
453 793 528 870 quod
552 810 608 851 non
634 801 689 851 tam
711 808 819 851 moram
840 791 935 850 faciet
950 809 1032 868 quam
1058 809 1149 850 novos
1173 795 1296 889 impetus

296 878 407 946 dabit..
427 876 529 954 Neque
553 878 626 935 enim
644 893 743 934 rursus
774 892 843 949 eos,
867 876 916 953 qui
937 874 1026 933 robur
1045 874 1193 952 aliquod
1185 894 1214 934 ιιι
1229 877 1296 936 stilo

297 923 430 1034 fecerint,
448 961 484 1020 ad
499 961 644 1019 infelicem
657 959 845 1018 calumniandi
861 977 893 1016 se
910 976 1032 1036 poenam
1043 959 1204 1034 alligandos
1214 969 1294 1036 puto.

297 1045 369 1102 Nam
385 1045 530 1121 quomodo
548 1044 684 1103 sufficere
702 1042 805 1101 officiis
821 1041 952 1101 civilibus
976 1043 1084 1119 possit,
1108 1045 1154 1119 qui
1177 1044 1336 1118 singulisll

297 1130 440 1186 actionum
461 1127 589 1205 partibus
605 1123 795 1186 insenescat‘l
833 1126 904 1185 Sunt
926 1136 1020 1185 autem
1045 1126 1147 1202 quibus
1169 1126 1238 1184 nibil
1260 1129 1297 1196 sit

297 1214 382 1275 satis:
402 1214 493 1270 omnia
506 1221 625 1286 mutare,
639 1212 731 1269 omnia
746 1210 831 1269 aliter
840 1210 939 1269 dicere
955 1228 1039 1288 quam
1055 1211 1180 1269 occurrit
1190 1209 1294 1277 veliut;

297 1295 438 1354 increduli
454 1296 567 1374 quidam
582 1304 611 1354 et
634 1294 669 1353 de
691 1295 807 1370 iugenio
829 1311 882 1352 suo
898 1296 1024 1370 pessime
1041 1296 1150 1367 meriti,
1172 1295 1220 1377 qui
1234 1293 1295 1352 dili-

296 1380 421 1455 gentiam
433 1388 531 1457 putant
546 1380 644 1439 facore
660 1377 714 1437 sibi
732 1377 876 1436 scribendi
892 1377 1102 1448 difficultatem,
1128 1377 1191 1436 Neo
1202 1394 1294 1454 prom·
1304 1388 1337 1438 lb

296 1472 374 1540 ptum
392 1471 437 1521 est
452 1463 560 1539 dicere,
576 1472 657 1521 utros
672 1479 797 1540 peccare
816 1461 937 1520 validius
953 1470 1066 1538 putem,
1084 1461 1185 1539 quibus
1203 1464 1295 1520 omnia

297 1564 348 1605 sua
368 1546 485 1623 placent
510 1565 545 1606 an
561 1547 663 1625 quibus
679 1544 758 1605 nibil.
804 1544 917 1604 Accidit
939 1548 1011 1604 enim
1033 1548 1117 1605 etiam
1138 1547 1294 1620 ingeniosis

297 1630 531 1689 adolescentibus
551 1631 728 1707 frequenter,
746 1639 775 1688 ut
787 1628 887 1688 labore
905 1639 1106 1689 consumantur
1119 1639 1148 1689 et
1162 1632 1191 1688 in
1207 1630 1294 1688 silen-

297 1715 365 1773 tium
380 1720 473 1790 usque
495 1713 671 1773 descendant
694 1715 776 1772 nimia
797 1713 872 1772 bene
899 1713 1011 1772 dicendi
1034 1713 1198 1792 cupiditate.
1232 1712 1294 1786 Qua

297 1797 333 1855 de
349 1815 381 1856 re
393 1800 505 1856 memini
520 1815 654 1858 narrasse
666 1797 732 1855 mihi
749 1795 850 1855 lulium
863 1797 1024 1857 Secundum
1042 1798 1131 1872 illum,
1145 1797 1295 1875 aequalem

296 1899 389 1939 meum
404 1891 489 1958 atque
505 1899 520 1940 a
535 1895 597 1956 me,
621 1890 651 1940 ut
666 1891 763 1939 notum
778 1889 839 1954 est,
862 1880 1038 1941 familiariter
1054 1891 1189 1953 amatum,
1206 1883 1294 1941 mirae

297 1965 447 2023 facundiae
462 1967 569 2040 virum,
593 1964 718 2023 infinitae
735 1973 829 2022 tamen
847 1982 945 2039 curae,
963 1965 1030 2041 quid
1045 1975 1124 2024 esset
1142 1965 1196 2023 sibi
1213 1983 1229 2024 a
1244 1983 1293 2043 pa·

297 2058 360 2107 truo
377 2065 428 2107 suo
442 2050 554 2107 dictum.
581 2047 609 2107 ls
622 2048 674 2106 luit
685 2047 773 2107 lulius
785 2045 900 2122 Florus,
912 2050 941 2106 in
953 2048 1118 2124 eloquentia
1130 2047 1294 2121 Galliarum,
1303 2060 1336 2115 13

297 2135 428 2209 quoniam
444 2133 482 2191 ibi
497 2133 608 2197 demum
621 2133 751 2190 exercuit
767 2149 840 2205 eam,
852 2133 1000 2209 princepe,
1015 2132 1123 2208 alioqui
1137 2133 1210 2190 inter
1226 2150 1293 2209 pau·

297 2233 347 2274 cos
366 2216 490 2274 disertus
506 2226 535 2275 et
558 2216 660 2291 dignus
677 2214 726 2275 illa
742 2216 966 2292 propinquitate
999 2214 1025 2275 ls
1043 2234 1105 2274 cum
1121 2215 1293 2289 Secundum,

296 2300 416 2358 scholae
433 2299 525 2358 adbuc
546 2308 704 2376 operatum,
723 2300 833 2358 tristem
850 2299 926 2358 forte
943 2299 1078 2358 vidisset:
1095 2301 1293 2376 interrogavit,

296 2400 368 2460 quae
383 2400 468 2442 causa
481 2383 582 2442 frontis
594 2392 650 2470 tam
662 2379 822 2443 adductae?
843 2381 1337 2456 Necdissimulavitadolescens,14

295 2470 407 2525 tertium
424 2468 478 2525 iam
493 2467 567 2525 diem
584 2485 666 2540 esse,
690 2466 767 2565 quod
792 2468 867 2525 omni
889 2466 991 2526 labore
1015 2469 1150 2526 materiae
1173 2468 1208 2527 ad
1223 2468 1293 2527 scri·

294 2550 416 2609 bendum
429 2550 587 2610 destinatae
601 2568 657 2609 non
671 2552 811 2609 inveniret
823 2551 986 2617 exordium;
1004 2567 1060 2628 quo
1075 2550 1129 2609 sibi
1142 2568 1199 2610 non
1211 2569 1293 2629 prae·

294 2654 361 2693 sens
379 2643 486 2693 tantum
502 2635 602 2708 dolor,
621 2634 694 2694 sed
696 2636 781 2693 etiam
802 2634 996 2711 desperatio
988 2653 1016 2692 m
1036 2644 1184 2712 posterum
1199 2635 1292 2695 lieret.

295 2718 364 2777 Tum
380 2716 484 2776 Florus
503 2719 642 2793 arridens,
658 2716 814 2794 Numquid
831 2727 879 2792 to,
895 2719 994 2795 inquit,
1008 2721 1114 2780 melius
1128 2721 1234 2782 dicere
1246 2722 1294 2780 cic

294 2820 386 2879 qucum
401 2804 508 2879 potes?
539 2801 685 2862 ltaseres
700 2801 796 2862 habet.
830 2800 992 2863 Curandum
1006 2813 1062 2879 est,
1078 2798 1204 2882 utquam
1220 2805 1292 2881 opti·
1302 2817 1335 2867 15

293 2904 338 2943 me
354 2885 496 2953 dicamus;
520 2886 669 2946 dicendum
692 2894 786 2945 tamen
807 2903 861 2965 pro
882 2886 1028 2947 facultate
1066 2887 1111 2947 Ad
1123 2888 1292 2964 profectum

294 2970 367 3026 enim
384 2985 456 3046 opus
479 2978 523 3027 est
538 2970 666 3028 studio
652 2987 710 3028 nou
731 2971 936 3047 indignatione.
974 2970 1012 3031 Ut
1033 2965 1176 3049 possimus
1199 2980 1293 3030 autem
1329 3036 1331 3043 ¹

294 3050 423 3110 scribere
439 3055 522 3113 etiam
536 3052 618 3130 plura
637 3053 779 3129 celerius,
801 3071 859 3113 non
875 3057 1044 3114 exercitatio
1060 3055 1146 3114 modo
1164 3062 1292 3132 praesta·

294 3134 383 3205 bit,'
375 3153 403 3192 m
428 3154 483 3213 qua
504 3139 566 3195 sine
584 3137 669 3196 dubio
686 3137 802 3196 multum
819 3147 880 3213 est,
902 3138 954 3197 sed
975 3141 1060 3198 etiam
1081 3141 1179 3205 ratio;.
1192 3138 1218 3196 si
1236 3155 1293 3196 non

294 3220 420 3295 resupini
436 3229 659 3298 spectantesque
676 3229 783 3280 tectum
807 3231 836 3280 et
856 3223 1060 3297 cogitationem
1077 3223 1291 3298 murmureagi·

293 3310 387 3360 tontes
410 3305 675 3380 expectaverimus‚
695 3304 761 3382 quid
778 3303 925 3371 obveniat:
948 3305 1001 3364 sed
1023 3306 1098 3383 quid·
1114 3324 1161 3364 res
1178 3316 1291 3383 poscat,

295 3385 362 3482 quid
376 3402 529 3462 personam
551 3387 669 3463 deceat,
695 3388 771 3466 quod
787 3390 824 3448 sit
840 3397 971 3465 tempus,
993 3392 1040 3467 qui
1056 3390 1156 3449 iudicis
1172 3392 1291 3458 animus.

294 3470 384 3528 intuiti
410 3468 530 3528 humano
552 3471 676 3547 quodam
694 3471 838 3533 modoad
866 3472 1047 3533 scribendum
1070 3476 1289 3535 accesserimus.

294 3556 343 3613 Sic
362 3552 445 3611 nobis
464 3563 493 3612 et
510 3555 587 3614 initia
602 3564 631 3614 et
646 3574 721 3634 quae
738 3566 896 3656 sequuntur
911 3567 1011 3617 natura
1028 3558 1091 3636 ipsa
1108 3558 1288 3640 praescribit.

295 3635 383 3696 Certa
407 3646 471 3695 suant
493 3639 567 3697 enim
589 3638 730 3718 pleraque
753 3650 797 3715 et,
821 3643 876 3700 nisi
896 3643 1115 3718 conniveamus,
1139 3643 1168 3702 iu
1188 3643 1332 3713 oculos16

295 3723 455 3790 incurrunt;
473 3722 599 3802 ideoque
613 3741 668 3785 acc
678 3725 785 3786 indocti
801 3744 856 3786 neo
869 3727 970 3788 rustici
986 3726 1032 3787 diu
1048 3736 1198 3805 quaerum,
1215 3725 1290 3788 uude
