3184 4409
601 461 690 510 mar.
704 460 853 510 oneror.
865 461 934 510 nra.
946 463 980 528 x,
993 459 1019 513 1.
1240 447 1299 510 153

386 615 491 677 llisto
501 618 555 677 ria
576 633 691 694 quoque
712 615 792 675 alere
812 625 957 675 oratorem
971 616 1094 694 quodam
1108 616 1190 676 uberi
1203 616 1340 683 iacun-bl

302 700 400 779 doque
412 718 483 760 suco
496 709 606 779 potest:
622 718 722 758 verum
739 703 841 778 etipsa
854 702 896 759 sic
911 706 954 759 est
967 700 1101 777 legenda,
1119 710 1148 759 ut
1164 702 1298 778 sciamus,

302 786 459 864 plerasque
476 786 536 844 eius
554 786 673 843 virtutes
690 785 799 844 oratori
821 802 887 842 esse
902 785 1041 843 vitandas.
1076 785 1129 843 Est
1144 786 1218 842 enim
1233 802 1300 862 pro·

303 872 378 928 xima
396 870 492 946 poetis
509 878 538 928 et
553 867 762 947 quodammodo
780 886 895 927 carmen
911 868 1049 943 solutum,
1069 877 1098 927 et
1115 867 1248 927 scribitur
1265 868 1301 929 ad
1322 908 1325 913 -

302 953 472 1012 narrandum
488 970 545 1012 non
564 952 599 1012 ad
614 951 805 1030 probandum;
828 961 975 1029 totumque
996 969 1070 1029 opus
1083 969 1140 1009 non
1155 950 1190 1010 ad
1207 961 1301 1010 actum

302 1039 346 1096 rei
362 1055 542 1114 pugnamque
559 1045 741 1115 praesentem
764 1036 817 1095 sed
842 1035 878 1095 ad
900 1037 1066 1094 memoriam
1081 1035 1257 1113 posteritatis
1273 1044 1302 1095 et

302 1122 409 1197 ingenii
432 1120 535 1180 lamam
556 1121 752 1198 componitnr;
779 1119 905 1196 ideoque
930 1128 959 1178 et
978 1119 1075 1178 verbis
1099 1117 1301 1178 remotioribus

303 1214 338 1271 et
349 1204 531 1263 liberioribus
544 1204 643 1280 liguris
654 1203 786 1262 narrandi
798 1203 921 1263 taedium
938 1205 1034 1261 evitat.
1064 1202 1175 1280 ltaque,
1191 1211 1221 1260 ut
1233 1201 1344 1276 dimas

303 1306 399 1366 neque
414 1288 463 1347 illa
479 1288 652 1348 Sallustiana
666 1286 812 1361 brevitas,
836 1305 891 1365 qua
914 1286 983 1345 nihil
1005 1286 1079 1364 apud
1096 1304 1181 1345 aures
1196 1303 1302 1345 vacuas

304 1381 392 1448 atque
408 1372 532 1432 eruditas
550 1379 649 1449 potest
667 1388 734 1429 esse
751 1370 921 1448 perfectius,
939 1370 1014 1446 apud
1030 1378 1200 1448 occupatum
1215 1371 1302 1428 variis

305 1455 529 1532 cogitationibus
547 1455 670 1514 iudicem
686 1463 715 1513 ct
731 1456 847 1532 saepius
868 1454 1038 1513 ineruditum
1059 1453 1199 1531 captanda
1218 1451 1302 1511 nobis

304 1549 365 1607 est;
387 1558 481 1617 neque
507 1539 556 1599 illa
576 1539 646 1599 Livii
666 1538 761 1598 lactea
785 1538 902 1597 ubertas
918 1539 988 1598 satis
1011 1537 1128 1598 docebit
1149 1554 1230 1609 eum,
1254 1536 1302 1614 qui

304 1641 362 1682 non
378 1625 507 1701 speciem
523 1624 713 1701 expositionis
734 1622 787 1682 sed
805 1622 889 1681 iidem
905 1624 1025 1698 quaerit.
1062 1620 1145 1680 Adde
1167 1619 1243 1698 quod
1264 1617 1345 1682 libb

305 1706 417 1766 Tullius
433 1726 469 1766 nc
486 1706 681 1781 Thucydidem
702 1706 816 1783 quidem
838 1714 885 1764 aut
903 1704 1124 1783 Xenophontem
1138 1704 1223 1762 utiles
1239 1720 1302 1762 ora·

305 1793 362 1850 tori
383 1800 472 1869 putat,
490 1807 650 1869 quanquam
665 1789 743 1849 illurn
758 1791 898 1851 bellicam
920 1806 1049 1862 carvere,
1066 1789 1148 1847 huius
1165 1805 1216 1846 ore
1234 1785 1302 1848 Mu*-

304 1892 360 1934 oco
371 1894 437 1936 esee
452 1875 569 1935 locatos
584 1873 737 1932 existimet.
775 1872 856 1932 hicet
870 1882 964 1932 tamen
979 1871 1062 1932 nobis
1078 1874 1105 1930 in
1117 1872 1303 1947 digressioni-

305 1958 359 2017 bus
382 1959 421 2017 uti
446 1958 494 2017 vel
517 1957 656 2017 historico
680 1973 879 2032 nonnunquam
900 1956 1009 2029 nitore,
1040 1956 1105 2015 dum
1127 1955 1155 2012 in
1176 1954 1236 2029 his,
1266 1955 1303 2014 de

305 2040 408 2118 quibus
430 2043 483 2100 erit
503 2042 646 2119 quaestio,
662 2041 882 2113 meminerimus,
900 2056 957 2098 non
972 2038 1141 2098 athletarum
1153 2047 1233 2096 toros
1250 2038 1303 2097 sed

305 2125 423 2184 militum
439 2124 566 2184 lacertos
580 2142 661 2192 esse;
680 2142 734 2183 nec
746 2122 954 2183 versicolorem
969 2123 1058 2196 illam,
1075 2120 1302 2199 quaDemetrius

305 2208 463 2269 Phalereus
480 2208 629 2268 dicebatur
643 2209 705 2282 uti-,·
721 2215 833 2277 vestem
848 2205 923 2265 bene
938 2206 973 2265 ad
991 2207 1136 2265 forensem
1155 2204 1304 2282 pulverem

305 2293 415 2352 iacere.
450 2291 503 2352 Est
516 2299 545 2351 et
560 2292 633 2351 alius
649 2308 687 2350 ex
700 2292 827 2351 historiis
847 2308 916 2349 usus
938 2298 967 2348 et
988 2291 1012 2349 is
1035 2289 1150 2368 quidem
1166 2289 1345 2352 maximusaa

307 2376 432 2435 sednon
448 2376 484 2435 ad
499 2384 682 2455 praesentem
694 2377 841 2454 pertinens
860 2372 965 2448 locum,
979 2390 1018 2432 ex
1029 2373 1194 2450 cognitione
1209 2388 1303 2431 rerum

307 2460 574 2538 exemplorumque,
590 2458 694 2538 quibus
705 2460 833 2538 inprimis
845 2459 999 2517 instructus
1012 2476 1080 2517 esse
1092 2455 1179 2516 debet
1194 2463 1303 2529 orator,

307 2560 344 2603 ne
361 2544 454 2602 omnia
470 2545 632 2602 testimonia
653 2551 792 2621 expectet
809 2560 825 2602 a
843 2542 1003 2619 litigatore:
1026 2541 1078 2601 sed
1103 2540 1244 2618 pleraque
1266 2556 1303 2596 ex

306 2634 451 2686 vetustate
470 2627 624 2703 diligenter
638 2626 692 2685 sibi
709 2627 823 2702 cognita
839 2634 941 2699 sumat,
960 2624 1017 2685 hoc
1035 2626 1209 2703 potentiora,
1225 2620 1302 2700 quod

307 2729 343 2770 ea
358 2710 422 2770 sola
438 2710 600 2770 criminibus
616 2709 674 2769 odii
691 2719 720 2769 et
734 2711 845 2786 gratiae
863 2718 975 2768 vacant.
1093 2767 1096 2774 ,

391 2793 749 2872 Aphilosophcrum
777 2810 849 2853 vero
875 2793 1002 2853 lectione
1028 2800 1059 2852 ut
1090 2799 1189 2851 essent
1216 2789 1346 2857 multa35

308 2875 391 2936 nobis
415 2878 556 2955 petenda,
578 2879 648 2938 vitio
669 2877 775 2938 laetum
798 2886 843 2937 est
866 2887 1027 2950 oratorum,
1050 2877 1098 2954 qui
1119 2875 1233 2955 quidem
1245 2873 1303 2935 illis

309 2962 415 3038 optima
432 2961 475 3020 sui
492 2963 589 3040 operis
605 2971 687 3039 parte
703 2969 864 3022 cesserunt.
901 2960 973 3021 Nam
996 2961 1075 3019 etde
1093 2960 1190 3033 iustis,
1215 2956 1304 3017 hone·

307 3046 372 3120 stis,
384 3044 511 3120 utilibus,
528 3046 620 3123 iisque
637 3063 710 3124 quae
726 3047 781 3105 sint
797 3046 860 3104 istis
877 3046 1034 3118 contraria,
1058 3052 1087 3102 et
1107 3043 1143 3102 de
1161 3040 1248 3100 rebus
1263 3038 1304 3098 di·

307 3130 381 3188 vinis
398 3130 519 3188 maxime
533 3128 630 3189 dicunt
642 3138 671 3189 et
687 3137 918 3206 argumentantur
930 3128 1049 3192 acriter;
1067 3135 1096 3185 et
1112 3124 1304 3185 altercationi·

307 3212 362 3272 bus
381 3222 466 3290 atque
483 3211 758 3290 interrogationibus
778 3221 923 3272 oratorem
938 3212 1061 3271 futurum
1078 3210 1184 3286 optime
1199 3208 1304 3266 Socra·

307 3297 358 3355 tici
374 3305 555 3375 praeparant.
593 3296 652 3357 Sed
673 3295 717 3356 his
734 3304 851 3376 quoque
873 3294 1061 3356 adhibendum
1086 3302 1130 3352 est
1149 3291 1241 3350 simile
1263 3290 1348 3360 iuss

308 3379 429 3454 dicium,
451 3390 482 3440 ut
502 3382 588 3440 etiam
610 3398 674 3440 cum
688 3381 717 3439 in
733 3379 822 3440 rebus
836 3397 986 3440 versemur
1002 3377 1120 3450 iisdem,
1137 3391 1193 3434 non
1211 3385 1305 3434 tamen

308 3465 429 3524 eandem
450 3482 517 3523 esse
539 3466 738 3525 condicionem
763 3465 887 3524 sciamus
908 3463 996 3522 litium
1016 3479 1050 3520 ac
1074 3459 1304 3539 disputationum,

307 3547 364 3606 lori
381 3557 409 3606 et
425 3547 567 3624 auditorii,
583 3557 805 3626 praeceptorum
823 3556 852 3607 et
866 3546 1069 3625 periculorum.

394 3630 489 3692 Credo
506 3641 661 3691 exacturos
678 3633 853 3710 plerosque,
877 3649 940 3690 cum
964 3638 1069 3688 tanturn
1090 3646 1157 3688 esse
1177 3624 1345 3698 utilitatisaq

308 3714 338 3774 in
355 3715 481 3792 legendo
498 3715 672 3792 iudicemus,
695 3724 725 3776 ut
744 3715 772 3777 id
794 3732 910 3793 quoque
932 3713 1115 3792 adiungamus
1137 3711 1236 3791 operi,
1257 3709 1303 3787 qui
