3184 4409
549 513 640 563 msa.
663 513 812 563 onsnon.
835 514 904 593 ms.
926 515 955 582 1,
978 514 1022 567 11.
1246 503 1286 564 53

289 668 421 732 omnibus
441 668 529 728 rebus
551 669 718 744 dicendum,
746 668 826 729 nullo
849 669 936 729 modo
957 672 1019 729 sine
1037 671 1198 748 geometria
1220 690 1287 732 esse

288 756 384 834 possit
405 763 514 813 orator.

327 906 372 956 DE
389 905 493 956 PRIMA
510 904 803 958 PRONUNTIATlONIS
818 906 860 956 ΕΤ
880 905 1002 957 GESTUS
1021 905 1252 959 INSTITUTlONE.

372 1003 424 1064 XI.
445 1002 577 1066 Dandum
592 1004 698 1082 aliquid
713 1004 857 1065 comoedo
870 1023 996 1083 quoque,
1010 1006 1074 1065 dum
1087 1016 1217 1083 eatenus,
1230 1026 1287 1085 qua

291 1089 489 1170 pronuntiandi
508 1090 658 1148 scientiam
679 1089 790 1148 iuturus
813 1098 912 1148 orator
933 1089 1088 1149 desiderat.
1125 1091 1190 1150 Non
1213 1095 1287 1151 euim

291 1191 426 1253 puerum,
449 1190 533 1250 quem
555 1174 584 1232 in
602 1172 660 1231 boc
674 1174 864 1248 instituimus,
888 1182 936 1232 aut
956 1173 1098 1233 femineae
1123 1177 1205 1234 vocis
1227 1179 1287 1235 exi·

290 1258 371 1319 litate
391 1256 486 1332 frangi
516 1255 584 1316 volo
612 1264 661 1315 aut
690 1256 821 1316 seniliter
845 1265 980 1317 tremere.
1024 1256 1087 1316 Nec
1101 1259 1169 1318 vitia
1194 1259 1316 1323 ebrie-a

291 1345 355 1402 tatis
381 1340 501 1417 effingat
521 1358 616 1416 neque
635 1341 734 1399 servili
750 1340 914 1400 vernilitate
931 1341 1073 1401 imbuatur
1093 1361 1148 1401 nec
1170 1345 1286 1418 amoris,

293 1427 563 1499 avaritiae,‘metus
584 1425 677 1483 discat
698 1424 848 1492 affectum
873 1443 947 1502 quae
970 1443 1065 1503 neque
1092 1429 1200 1486 oratori
1223 1436 1288 1486 sunt

292 1510 458 1571 necessaria
485 1517 514 1566 et
535 1508 677 1583 montem,
700 1510 860 1586 praecipue
882 1511 910 1567 in
932 1519 1027 1569 aetate
1049 1513 1140 1588 prima
1160 1520 1287 1571 teneram

250 1618 252 1623 ’
293 1593 384 1654 adhuc
407 1601 437 1651 et
460 1591 577 1668 rudem,
606 1592 741 1652 inliciunt.
785 1591 858 1652 Nam
880 1593 1018 1671 frequens
1043 1596 1162 1653 imitatio
1184 1597 1312 1659 transita

292 1680 317 1738 in
337 1694 445 1737 mores.
490 1674 534 1734 Ne
555 1685 657 1752 gestus
675 1676 789 1753 quidem
811 1678 903 1736 omnis
924 1696 961 1736 ac
976 1687 1077 1737 ‘motus
1101 1697 1118 1738 a
1139 1681 1288 1739 comoedis

250 1770 252 1777 '
293 1761 433 1840 petendus
456 1768 510 1818 est.
557 1759 726 1837 Quanquam
751 1762 825 1819 enim
845 1769 996 1839 utrumque
1020 1780 1119 1823 eorum
1142 1763 1177 1822 ad
1199 1782 1288 1842 quen·

295 1847 353 1907 dam
375 1844 491 1904 modum
512 1853 663 1922 praestare
686 1844 774 1903 debet
797 1854 910 1913 orator3
934 1846 1084 1923 plurimum
1101 1850 1197 1906 tamen
1221 1848 1288 1907 abe·

295 1931 326 1989 rit
344 1948 360 1989 a
375 1928 507 2002 scenico,
525 1946 581 1986 neo
595 1928 675 1987 vultu
689 1946 745 1987 nec
764 1946 848 1987 manu
863 1947 919 1987 nec
937 1930 1158 1989 excursionibus
1175 1933 1287 1990 nimios.

295 2011 360 2073 Nam
383 2014 409 2071 si
430 2029 485 2088 qua
504 2013 533 2071 in
550 2011 595 2070 bis
615 2030 662 2071 ars
683 2021 728 2070 est
746 2013 917 2087 dicentium,
941 2031 976 2072 ea
993 2018 1083 2092 prima
1099 2022 1160 2089 est,
1183 2034 1219 2075 ne
1242 2033 1289 2074 ars
1335 2084 1337 2087 ¹

297 2115 357 2157 csse
379 2096 521 2156 videatur.

255 2258 258 2263 .
374 2179 460 2254 Quod
483 2188 527 2238 est
548 2181 636 2257 igitur
652 2177 735 2239 huius
750 2179 879 2240 doctoris
899 2177 1048 2239 officium?
1082 2179 1223 2258 lmprimis
1245 2183 1314 2240 vi·4

296 2265 329 2324 tia
356 2267 381 2324 si
405 2281 462 2341 qua
484 2273 549 2323 sunt
574 2265 634 2324 oris
657 2262 807 2338 emendet,
835 2273 865 2322 ut
887 2281 1029 2342 expressa
1051 2264 1109 2322 sint
1130 2264 1237 2338 verba,
1259 2273 1289 2322 ut

296 2351 349 2408 suis
372 2364 507 2426 quaeque
530 2347 645 2418 litterae
668 2350 747 2406 sonis
776 2349 966 2406 enuntientur.
1011 2347 1193 2420 Quarundam
1214 2349 1290 2406 eninr

253 2442 263 2555 p
295 2433 337 2492 vel
360 2432 492 2493 exilitate
513 2431 562 2492 vel
583 2431 759 2510 pinguedine
779 2433 865 2492 nimia
886 2431 1061 2506 laboramus,
1085 2432 1222 2509 quasdam
1238 2449 1289 2490 ve·

251 2560 255 2595 ,
295 2516 331 2578 lut
353 2518 485 2577 acriores
513 2533 612 2594 parum
642 2515 783 2575 efficimus
813 2524 843 2575 et
865 2516 928 2575 aliis
949 2533 1007 2576 nou
1029 2516 1213 2575 dissimilibus
1236 2515 1288 2575 sed

246 2622 251 2705 ¹⁶
293 2598 820 2760 lllllillll‘llfdi‘lllllll
862 2598 1314 2761 iltt‘.il⁰.ll‘t²i.ll⁵

292 2773 330 2829 tis
354 2777 403 2829 est
430 2767 504 2846 apud
532 2784 595 2826 nos·
612 2769 760 2846 quoque);
790 2727 833 2826 et,
848 2764 959 2826 cumi}
984 2785 1018 2827 ac
1040 2703 1212 2827 similitequ
1232 2784 1289 2827 non

291 2854 460 2926 valuerunt,
481 2853 510 2910 in
534 2850 556 2910 Τ
583 2869 618 2910 ac
639 2851 665 2910 D
689 2851 881 2910 emolliuntur.
920 2849 965 2910 Ne
987 2850 1053 2910 illas
1075 2852 1189 2930 quidem
1211 2853 1312 2911 circas

289 2939 308 2997 S
330 2938 457 2997 litteram
479 2935 600 2995 delicias
623 2935 671 2994 bic
692 2937 831 3011 magister
852 2933 938 3009 feret,
962 2953 1017 2993 nec
1037 2936 1128 2996 verba
1152 2938 1180 2994 in
1199 2936 1287 2995 lauci-

288 3021 341 3081 bus
364 3021 489 3098 patietur
507 3019 614 3094 audiri,
638 3036 693 3078 nec
715 3021 773 3077 oris
794 3019 930 3077 inanitate
947 3036 1097 3096 resonare,
1120 3038 1185 3095 nec,
1211 3017 1287 3096 qnod

288 3107 403 3166 minime
429 3104 555 3164 sermoni
577 3120 650 3180 puro
674 3104 843 3177 conveniat,
872 3102 1033 3180 simplicem
1052 3105 1135 3162 vocis
1160 3112 1289 3162 naturam

288 3190 425 3268 pleniore
448 3184 571 3265 quodam
592 3204 666 3246 sono
695 3185 904 3260 circumlinire,
931 3186 1008 3263 qood
1036 3185 1139 3246 Graeci
1167 3207 1289 3246 καταπε-

288 3269 459 3350 πλασμένοι]
476 3271 584 3331 dicunt.
610 3272 664 3331 Sic
681 3269 845 3348 appellatur
856 3286 944 3329 sonus
955 3270 1097 3344 tibiarum,
1116 3288 1190 3348 quae
1207 3275 1314 3348 prae-i

289 3357 379 3416 elusis
403 3355 506 3434 quibus
524 3353 689 3414 clarescunt
707 3352 903 3429 foraminibus,
927 3363 1010 3413 recto
1026 3355 1113 3414 modo
1131 3357 1209 3414 exitu
1222 3373 1288 3432 gra·

287 3443 401 3501 viorem
422 3441 551 3518 spiritum
573 3437 703 3498 reddunt.

374 3521 494 3605 curabit
514 3523 617 3597 etiam,
645 3540 682 3581 ne
708 3531 856 3586 extremae
885 3520 1016 3596 syllabae
1045 3521 1231 3590 intercidaot;
1259 3529 1314 3582 ut8

288 3627 342 3688 par
364 3607 420 3667 sibi
442 3623 538 3667 sermo
561 3607 613 3675 sit;
634 3615 682 3682 ut,
705 3608 840 3684 quotiens
864 3605 1080 3665 exclamandum
1102 3608 1166 3681 crit,
1189 3605 1288 3665 lateris

289 3701 412 3753 conatus
430 3692 468 3750 sit
483 3690 535 3751 ille
555 3707 613 3750 non
630 3692 749 3769 capitis;
771 3699 803 3749 ut
821 3699 922 3766 gestus
945 3689 981 3749 ad
997 3706 1118 3764 vocem,
1141 3690 1237 3749 vultus
1253 3686 1288 3746 ad

288 3786 407 3856 gestum
428 3773 673 3837 accommodetur.
718 3766 938 3835 Observandum
961 3776 1017 3836 erit
1037 3777 1145 3851 etiam,
1160 3782 1196 3834 ut
1211 3779 1324 3834 rectae
