3184 4409
354 453 393 513 64
656 466 692 511 aa.
712 466 790 513 aaa.
811 463 1030 524 cumanum

353 617 501 679 Ciceronis
516 621 545 678 in
561 617 702 696 clodium,
720 617 785 691 Ono
802 636 842 680 ee
855 618 969 679 iudicio
985 618 1064 678 velut
1082 636 1123 678 ea
1131 619 1273 680 incendio
1285 639 1335 680 nrt-

352 705 413 764 dae
428 703 539 783 effugit.
570 702 678 774 Quibus
697 703 798 762 similia
813 711 934 780 possunt
951 702 1111 780 cuicunque
1133 705 1219 762 etiam
1240 721 1278 762 ex
1294 721 1334 762 co·

351 786 456 846 tidiano
471 803 603 844 sermone
618 805 797 847 succurrere.

434 869 506 929 Huic
532 869 663 929 subiacet
685 870 775 929 virtus
801 886 858 928 non
885 869 978 928 solum
1003 877 1104 946 aperte
1131 868 1259 947 ponendi
1284 888 1334 928 ren

309 962 417 1020 scanie
434 954 536 1011 oculos
557 954 609 1012 sed
626 955 793 1012 circumcise
813 963 899 1031 atque
914 952 1063 1012 velociter.
1103 951 1147 1011 Ac
1162 950 1267 1012 merito
1285 952 1333 1011 lau·

353 1038 433 1095 datur
448 1036 574 1095 brevitas
591 1039 716 1112 integra;
739 1037 792 1096 sed
811 1055 845 1095 ea
860 1038 950 1095 minus
965 1045 1109 1114 praestat,
1127 1038 1262 1113 quotiens
1276 1035 1335 1094 nihil

352 1121 429 1195 dicit,
446 1122 498 1178 nisi
514 1121 590 1196 quod
609 1139 731 1179 necesse
750 1130 804 1194 est,
822 1120 1032 1200 (βραχυλογίαν
1051 1129 1173 1194 vocant,
1190 1137 1265 1196 quae
1281 1119 1333 1179 rel·

353 1205 435 1262 detur
451 1206 523 1262 inter
538 1205 703 1282 schemata)
723 1213 767 1262 est
783 1221 855 1263 vero
871 1203 1081 1281 pulcherrima,
1097 1221 1160 1261 cum
1177 1203 1261 1280 plura
1276 1221 1333 1280 pau·

353 1290 393 1345 cis
415 1288 632 1364 complectitur:
660 1287 744 1365 quale
771 1288 899 1347 Sallustii
920 1296 980 1362 est,
1003 1284 1197 1347 Mithridates
1217 1305 1335 1365 corpore

350 1373 473 1448 ingenti,
485 1374 615 1450 proinde
629 1382 777 1433 armatae.
813 1371 876 1430 Hoc
895 1371 970 1430 male
990 1372 1132 1430 imitantes
1147 1373 1280 1449 sequitur
1294 1369 1334 1429 ola

351 1457 480 1513 scuritas.

310 1552 345 1607 83
435 1538 536 1597 Vicina
562 1539 728 1616 praedictae
756 1537 809 1596 sed
831 1537 952 1614 amplior
976 1539 1066 1596 virtus
1093 1546 1138 1596 est
1168 1536 1335 1614 ἔμφασις,

353 1622 484 1680 altiorem
500 1622 644 1700 praebens
664 1623 841 1682 intellectum
864 1640 947 1718 quam
963 1640 1047 1698 quem
1061 1620 1151 1680 verba
1164 1639 1218 1699 per
1234 1640 1267 1679 se
1283 1623 1337 1716 ipsa

353 1705 510 1763 declarant.
544 1705 613 1763 Eius
630 1706 702 1763 duae
719 1715 782 1764 sunt
799 1706 930 1782 species
952 1706 1060 1779 altera,
1080 1723 1153 1782 quae
1171 1704 1238 1782 plus
1258 1692 1336 1780 signi·

311 1788 419 1857 silicet
436 1806 518 1864 quam
530 1789 611 1855 dicit;
635 1790 736 1864 altera,
752 1807 827 1866 quae
842 1790 926 1847 etiam
942 1789 980 1863 id,
996 1789 1073 1866 quod
1090 1787 1235 1848 nondieit.
1265 1787 1339 1847 Prior

353 1881 397 1929 est
417 1881 444 1929 et
462 1871 536 1949 apud
560 1871 727 1948 Homerum,
751 1891 814 1932 cum
829 1870 977 1931 Menelaus
993 1873 1123 1931 Graios
1115 1891 1143 1930 rn
1163 1889 1269 1950 equum
1294 1872 1338 1930 de·

353 1957 510 2015 scendisne
532 1957 583 2023 ait:
607 1977 669 2016 nam
689 1957 780 2016 verbo
803 1972 859 2015 uno
880 1956 1098 2032 magnitudinem
1120 1957 1181 2014 eius
1203 1955 1337 2017 ostendit

354 2048 383 2099 et
399 2039 472 2118 apud
494 2040 669 2117 Vergilium:
693 2040 863 2102 Demisnum
882 2040 964 2116 lapsi
984 2058 1044 2118 per
1060 2040 1185 2116 funem
1209 2055 1276 2096 nam
1303 2039 1338 2095 sic

354 2142 468 2202 quoque
482 2125 599 2184 altitudo
616 2126 807 2184 demonstrata
822 2133 874 2182 est.
897 2122 987 2196 ldem,
1001 2120 1130 2199 Cyclopa
1143 2140 1207 2181 oum
1221 2123 1338 2181 iacuisse

354 2210 422 2267 dixit
436 2228 497 2286 per
512 2219 642 2283 notrum,
661 2209 856 2285 prodigiosum
876 2206 946 2265 illud
962 2223 1067 2282 corpus
1083 2208 1176 2284 spatio
1193 2206 1252 2265 loci
1270 2223 1338 2264 men·

311 2308 401 2359 ss5srrs
417 2302 470 2351 est.
510 2295 641 2369 Sequens
662 2294 756 2369 posita
778 2300 823 2349 est
846 2292 874 2347 in
891 2299 1031 2349 noceant
1053 2291 1166 2348 omnino
1187 2304 1339 2366 suppressa

354 2379 505 2434 autetiam
527 2377 649 2434 abscisa.
695 2373 885 2452 Supprimitur
906 2391 981 2448 vox,
1007 2382 1038 2432 ut
1062 2374 1131 2432 lecit
1152 2389 1206 2450 pro
1230 2371 1339 2449 Ligario

355 2457 475 2517 Cicero:
499 2457 613 2530 erodsi
627 2461 659 2518 io
673 2459 732 2519 hino
746 2467 832 2518 tonia
847 2459 972 2534 {ortano
987 2458 1105 2518 bonitas
1121 2466 1208 2517 tanta
1222 2476 1284 2518 oon
1299 2474 1340 2515 es-

352 2550 398 2600 set
400 2586 408 2616 ‚
426 2558 516 2618 qinom
532 2551 685 2619 tepente,
699 2562 758 2620 per
773 2550 801 2603 te
816 2543 950 2618 inquom,
965 2542 1098 2602 obtines:
1112 2541 1255 2618 intelligo,
1273 2538 1342 2617 quid

352 2627 411 2700 loqn
402 2642 470 2684 noar.
505 2625 605 2684 Tacuit
621 2630 694 2685 enim
709 2626 789 2700 illud,
806 2626 882 2702 quod
899 2624 1076 2683 nihilominus
1094 2625 1270 2702 accipimus,
1291 2639 1342 2682 non

353 2708 458 2765 deesse
474 2707 617 2783 homines,
635 2713 682 2786 qui
701 2710 736 2769 ad
752 2709 948 2768 crudelitatem
966 2727 1029 2767 eum
1045 2708 1202 2786 impellant
1242 2707 1341 2767 Absci-

353 2791 428 2849 ditur
443 2809 495 2868 per
512 2784 728 2869 ἀποσιώπησιν·
750 2812 844 2870 quae,
868 2793 1004 2869 quoniam
1022 2802 1065 2851 est
1080 2792 1186 2868 ligura,
1209 2791 1342 2850 reddetur

310 2888 405 2943 gusua
424 2875 501 2934 loco
529 2875 603 2934 Est'
596 2895 623 2934 in
634 2876 801 2952 vulgaribus
814 2894 929 2953 quoque
945 2876 1043 2935 verbis
1060 2875 1219 2953 emphasis:
1242 2873 1343 2934 Virum

352 2968 562 3036 conceperim,
587 2969 614 3017 et
629 2959 722 3020 Hormo
738 2971 781 3021 est
797 2962 862 3036 itte,
886 2969 915 3018 et
934 2957 1099 3021 Vieeodum
1120 2967 1171 3021 eat.
1207 2957 1331 3018 Adeo
1309 2975 1342 3014 sr-

351 3044 425 3101 milis
443 3053 486 3101 est
502 3045 554 3102 arti
570 3043 737 3121 plerumque
754 3053 861 3102 natura

436 3127 500 3185 Non
523 3136 616 3185 tamen
637 3131 706 3186 satis
730 3129 913 3205 eloquentiae
934 3137 1064 3202 est‚ea‚
1081 3124 1236 3202 dequibus
1259 3123 1342 3197 dicat,

354 3210 432 3269 clare
448 3221 533 3288 atque
550 3212 698 3270 evidenter
713 3212 885 3278 ostendere,
907 3211 960 3271 sed
977 3220 1041 3269 sunt
1056 3211 1135 3269 multi
1153 3227 1188 3267 ac
1207 3210 1280 3267 varii
1297 3225 1342 3266 ex·

310 3303 345 3359 87
354 3294 493 3352 colendae
511 3297 648 3353 orationis
663 3295 748 3353 modi.
785 3294 887 3353 Nam'
879 3313 942 3372 rpsa
964 3295 1014 3353 illa
1032 3285 1152 3369 ἀφέλεια
1171 3292 1298 3369 simplex
1318 3297 1344 3348 et

354 3377 525 3436 inaffectata
545 3378 630 3437 habet
653 3378 793 3455 quendam
815 3397 930 3455 purum,
960 3377 1052 3456 qualis
1073 3379 1157 3436 etiam
1182 3377 1211 3434 in
1233 3376 1344 3435 feminis

354 3468 479 3534 amatur,
505 3472 647 3536 ornatum,
671 3472 699 3520 et
721 3470 785 3519 sunt
809 3462 948 3537 quaedam
969 3462 1049 3520 velut
1071 3479 1087 3518 e
1105 3460 1181 3518 teum
1198 3458 1345 3535 diligentia

355 3544 432 3599 circa
450 3546 655 3620 proprietatem
672 3545 965 3623 significationemque
980 3543 1141 3603 munditiae.
1178 3542 1246 3601 Alia
1262 3542 1345 3619 copia

313 3625 499 3702 eslocuples,
517 3626 571 3684 alia
588 3628 704 3686 floribus
721 3628 807 3687 laeta.
845 3627 954 3690 Virium
969 3644 1026 3687 non
1040 3646 1124 3685 unum
1139 3624 1248 3702 genu's3
1271 3643 1345 3696 nam,

355 3709 489 3787 quidquid
507 3711 535 3767 in
551 3727 603 3768 suo
620 3729 729 3787 genere
744 3712 813 3771 satis
829 3711 963 3770 ellectum
979 3720 1039 3786 est,
1062 3710 1149 3769 valet.
1186 3709 1346 3788 Praecipua
