3184 4409
564 493 653 542 msa.
669 493 818 544 aaaron.
834 497 902 544 ιιι.
918 471 1037 564 v111,'s
1250 487 1318 550 83·

301 645 405 708 Graeci
419 665 518 707 omnes
535 657 663 708 utuntur:
678 650 716 708 ita
731 649 851 727 plurima
863 653 963 711 similia
980 654 1035 712 dici
1051 662 1180 731 possunt.
1210 653 1291 714 llaec

300 730 457 806 allegoria,
475 750 547 810 quae
562 741 606 791 est
622 731 773 791 obscurior
779 737 967 811 ,aenigma
983 737 1098 802 diuitum
1111 739 1208 796 vitium
1225 755 1296 797 meo

301 816 413 892 quidem
429 816 549 891 iudicio,
574 835 598 874 su
591 816 727 892 quidem
743 817 842 876 dicere
860 819 983 879 dilucide
1000 821 1103 888 virtum
1125 838 1181 898 quo
1196 831 1290 881 tamen

300 907 329 956 et
342 908 447 975 poetae
458 908 587 958 utuntur:

340 981 415 1057 Dio,
435 986 588 1059 quibusda
605 986 711 1057 terris,
731 991 760 1044 et
774 985 838 1043 eris
855 986 925 1044 milri
939 1005 1068 1064 mapnrrs
1081 983 1196 1063 Apollo,

343 1064 418 1125 Tres
429 1076 534 1144 pateat
552 1069 626 1128 coeli
639 1070 770 1146 spatium
790 1087 851 1127 noa
870 1070 999 1146 amplias
1012 1072 1123 1130 alnas?

300 1158 329 1207 et
355 1159 486 1209 oratores
512 1168 725 1228 nonnunquam:
750 1159 781 1209 ut
802 1149 917 1210 Caelius
944 1154 1200 1230 quadrantariam
1220 1148 1331 1231 Oly-53

299 1241 528 1309 taemrrestram,
542 1244 570 1293 et
580 1237 612 1294 ιι
624 1235 754 1295 triclinio
769 1251 872 1312 coam,
882 1238 915 1296 ira
929 1238 1066 1299 cubiculo
1076 1239 1183 1297 oolam.
1207 1234 1290 1294 Nam·

300 1334 356 1393 que
374 1325 403 1376 et
419 1337 493 1376 nunc
510 1319 623 1394 quidem
640 1318 790 1377 solvuntur
805 1328 834 1377 et
849 1328 906 1377 tum
921 1329 1002 1379 erant
1018 1324 1146 1395 notiora,
1171 1337 1233 1377 cum
1249 1320 1290 1378 di·

299 1410 447 1466 serentum
472 1405 631 1478 aenigmata
649 1411 713 1461 sunt
730 1411 840 1477 tamen,
863 1421 982 1478 necea,
1004 1406 1058 1462 nisi
1074 1407 1135 1481 quis
1150 1404 1289 1480 iuterpre-

299 1493 390 1558 tetur,
409 1485 565 1561 intelligas.

382 1567 413 1627 ln
430 1586 465 1628 eo
481 1586 551 1627 vero
568 1587 693 1645 genere,
712 1587 768 1647 quo
785 1573 927 1631 contraria
944 1570 1147 1647 ostenduntur,
1169 1571 1331 1633 ironiatrt

299 1660 359 1718 est;
378 1653 593 1711 illusionem
609 1662 721 1712 vocant.
772 1653 854 1727 Quae
875 1666 922 1714 aut
939 1657 1168 1733 pronuntiatione
1186 1654 1291 1735 intelli7

298 1738 374 1812 gitur
394 1745 440 1795 aut
456 1754 580 1814 persona
602 1746 649 1795 aut
664 1739 707 1796 rei
727 1747 842 1805 natura:
869 1758 948 1814 nam,
971 1741 994 1798 si
1013 1756 1067 1816 qua
1083 1757 1180 1798 earum
1193 1737 1289 1796 verbis

298 1819 442 1895 dissentit,
460 1829 580 1897 apparet
597 1821 739 1880 diversam
755 1840 822 1880 esse
838 1825 959 1882 orationi
974 1824 1157 1882 voluntatem.
1197 1821 1330 1894 Quen-55

299 1920 381 1980 quam
398 1904 426 1962 in
444 1904 571 1981 plurimis
593 1905 621 1963 id
638 1906 728 1981 tropis
746 1906 866 1981 accidit,
882 1917 912 1964 ut
927 1909 1054 1980 intersit,
1077 1906 1144 1983 quid
1163 1905 1199 1965 de
1219 1922 1288 1982 quo·

298 2004 354 2062 que
369 1987 493 2061 dicatur,
518 1990 598 2065 quia,
622 1988 698 2064 quod
713 1988 830 2063 dicitur,
853 1989 919 2048 alibi
937 2008 1035 2049 verum
1050 1998 1105 2047 est.
1148 1989 1184 2047 Et
1199 1989 1290 2047 laudis

298 2079 391 2129 autem
413 2072 592 2130 simulatione
607 2071 761 2130 detrahere
784 2081 813 2131 et
829 2075 1045 2150 vituperationis
1066 2073 1199 2146 laudare,
1222 2088 1289 2130 cou-

297 2173 411 2213 cessum
427 2165 486 2214 est:
507 2153 594 2227 Quod
610 2151 641 2214 O.
660 2154 788 2231 Verres,
802 2165 929 2234 praetor
946 2158 1098 2233 urbanas,
1117 2157 1202 2216 domo
1216 2173 1291 2215 san·

296 2246 363 2299 ctas
379 2247 408 2299 et
423 2241 567 2317 dilipens,
590 2240 831 2300 subsortitionem
845 2242 911 2300 eius
928 2242 960 2300 ιι
976 2261 1011 2301 eo
1031 2241 1137 2299 codtce
1155 2256 1216 2298 aon
1235 2238 1291 2298 lra-

296 2323 389 2383 beret.
429 2321 466 2381 Et
482 2332 596 2382 contra:
617 2319 763 2385 Oratores
775 2325 954 2401 cisilsamas
975 2333 1003 2384 et
1016 2325 1127 2402 populo
1146 2323 1288 2400 imposui·

296 2424 372 2465 raas.
415 2405 576 2483 Aliquando
604 2425 667 2465 cum
692 2408 751 2466 risu
777 2407 900 2485 quodam
927 2409 1068 2467 contraria
1093 2407 1223 2466 dicuntur
1244 2406 1333 2479 iis,56

297 2506 371 2565 quae
393 2490 514 2566 intelligi
535 2491 650 2550 volunt:
674 2490 759 2568 quale
781 2494 869 2551 estin
887 2489 1034 2566 Clodium,
1052 2489 1218 2568 Irrteprdtas
1239 2498 1291 2550 ιιι

296 2582 324 2633 te
336 2576 495 2652 parpaor't,
511 2575 583 2634 mr'lra'
598 2577 707 2649 crede,
720 2577 824 2653 pudor
838 2577 964 2653 eripar't,
986 2577 1049 2636 cita
1063 2583 1207 2635 anteacta
1223 2591 1291 2634 ser-

294 2658 388 2717 caor't.
430 2657 548 2717 Praeter
568 2659 642 2717 haec
658 2677 726 2717 usus
745 2667 790 2718 est
811 2659 986 2735 allegoriae,
1009 2666 1039 2718 ut
1054 2659 1145 2717 tristia
1165 2657 1332 2718 dicamusai

295 2740 461 2799 melioribus
486 2741 584 2801 verbis
609 2751 657 2801 aut
681 2741 775 2812 bonae
798 2744 842 2801 rei
864 2745 957 2819 gratia
979 2741 1117 2839 quaedam
1140 2742 1290 2800 contrariis

296 2824 499 2900 significemus.
547 2823 599 2884 Cui
622 2835 651 2884 et
667 2827 912 2886 annumeravimus
933 2826 1021 2885 haec:
1044 2826 1068 2883 si
1087 2827 1149 2923 quis
1164 2827 1289 2919 ignorat,

297 2907 399 2982 quihus
416 2908 518 2967 Graeci
542 2909 702 2968 nominibus
723 2910 887 2987 appellent
914 2903 1098 2988 oapaaapdr,
1125 2897 1288 2983 ἆστεϊσμὸν,

297 2988 487 3089 darippaara,
503 2993 663 3072 παροιμίαν
681 2994 735 3052 dici
753 2995 834 3052 sciat.
863 2995 934 3053 Sunt
955 2996 1054 3066 etiam,
1075 2993 1123 3068 qui
1143 2991 1215 3049 haec
1235 2995 1333 3048 non58

296 3077 411 3152 species
432 3076 591 3152 allegoriae
612 3075 696 3135 sed
688 3095 750 3174 ipsa
771 3086 872 3155 tropos
896 3078 1007 3142 dicant;
1030 3077 1089 3135 acri
1113 3073 1226 3151 quidem
1246 3089 1290 3130 ra-

294 3161 389 3233 tione,
407 3160 483 3236 quod
498 3160 547 3218 illa
560 3159 712 3219 obscurior
726 3161 777 3234 sit,
792 3161 820 3218 in
831 3161 875 3221 his
888 3159 1016 3220 omnibus
1029 3166 1129 3235 aperte
1141 3152 1290 3233 appareat,

296 3242 363 3318 quid
382 3243 513 3306 velimus.
552 3241 604 3302 Cui
625 3243 738 3303 accedit
758 3243 815 3304 hoc
839 3261 971 3342 quoque,
995 3241 1071 3320 quod
1092 3258 1202 3315 genus,
1228 3256 1291 3298 cum

295 3326 452 3384 dividitur
445 3345 472 3385 m
487 3329 620 3404 species,
643 3327 711 3387 nihil
726 3326 814 3386 habet
828 3330 992 3405 proprium,
1010 3333 1040 3382 ιι
1061 3323 1147 3382 arbor
1163 3325 1245 3400 pinus
1262 3331 1292 3381 et

295 3409 362 3468 olea
386 3420 414 3468 et
439 3429 611 3487 cupressus,
639 3419 668 3469 et
693 3412 782 3489 ipsius
801 3429 854 3488 per
872 3429 905 3469 se
922 3409 999 3469 nulla
1014 3408 1192 3486 proprietas;
1219 3406 1290 3466 alle·

294 3495 377 3568 goria
398 3511 468 3553 vero
490 3494 577 3553 habet
595 3494 701 3573 aliquid
723 3495 880 3572 proprium.
924 3492 1007 3566 Quod
1036 3506 1091 3569 quo
1117 3489 1202 3550 modo
1228 3489 1291 3548 lieri

294 3586 409 3653 potest,
438 3579 491 3635 nisi
514 3578 576 3654 ipsa
600 3580 716 3676 species
739 3574 804 3637 est?
849 3577 907 3636 Sed
933 3577 1068 3636 utentium
1099 3574 1168 3633 nihil
1188 3573 1287 3633 refert.
1297 3579 1333 3634 59

295 3658 436 3719 Adiicitur
450 3661 494 3719 his
507 3651 719 3742 μικτηρισμὸς,
738 3661 929 3720 dissimulatus
941 3660 1052 3741 quidam
1064 3659 1184 3718 sednon
1197 3657 1290 3716 latens

296 3743 419 3802 derisus

1099 3789 1144 3885 aa
