3184 4409
334 436 375 500 80
653 449 689 497 u.
702 448 778 494 aaa.
793 446 1011 506 camararum
1037 434 1051 495 i

333 604 497 665 moriantur.
524 603 580 661 Vix
591 602 650 677 illa,
668 621 741 680 quae
752 597 931 678 πεποιημένα
940 609 1056 675 vocant,
1067 619 1146 678 puae
1159 620 1196 660 ex
1207 602 1328 661 uocibus

334 692 362 748 in
379 707 459 747 usum
474 688 600 764 receptis
618 704 788 765 quocunque
805 686 890 744 modo
906 685 1098 760 declinantur
1114 685 1197 744 nobis
1214 687 1328 764 permit·

333 775 415 832 timus
425 770 543 848 ‚qualia
560 779 623 828 sunt
634 768 702 832 Sall
690 771 794 830 latur-it
807 778 835 828 et
844 770 1083 854 proscripturi&
1101 779 1185 846 atque
1198 773 1330 831 laureati

293 865 435 934 &poetes
451 872 504 932 pro
521 854 571 912 illo
587 857 675 916 lortro
691 854 844 928 coronati,
860 871 897 911 ex
912 853 1012 912 eadem
1033 851 1148 911 fictione
1164 862 1238 911 sunt
1273 853 1329 912 Sed

308 940 392 1000 *hoc
415 938 539 997 feliciter
563 938 682 1004 evaluit;
714 947 741 997 at
767 946 865 996 contra
886 939 934 999 oio
954 953 1007 1015 pro
1027 955 1076 1010 eo,
1102 937 1257 996 infelicius.
1300 937 1329 995 ln

337 1023 453 1082 Graecis
469 1013 758 1092 ὀπισθενιικόλουθος
773 1038 830 1078 non
843 1019 918 1079 bene
935 1038 969 1078 ac
985 1021 1055 1079 dure
1071 1021 1153 1079 etiam
1169 1023 1329 1096 iungemus,¹

336 1125 382 1184 qm
376 1106 555 1164 toleranter
571 1105 670 1163 videre
685 1105 903 1202 septentriones
919 1104 1055 1162 videmur.

294 1201 329 1256 34
418 1187 461 1248 Eo
483 1192 573 1264 magis
599 1190 764 1247 necessaria
787 1183 1033 1265 κατάχρησις,
1061 1205 1144 1264 quarn
1159 1197 1241 1246 recte
1263 1189 1330 1246 dici-

336 1290 396 1333 mus
415 1272 647 1346 abusionem,
667 1289 740 1348 quae
755 1289 813 1330 non
827 1270 995 1331 habentibus
1007 1289 1110 1329 nomen
1125 1289 1204 1330 suum
1218 1289 1331 1331 accom-

335 1358 447 1431 modat,
471 1357 547 1434 quod
562 1357 589 1413 in
605 1358 735 1434 proximo
755 1365 813 1414 est:
837 1357 880 1414 sic

458 1473 500 1485 —-
522 1437 641 1516 Equrtm
658 1442 762 1500 diuina
778 1437 916 1500 Palladio
930 1445 998 1499 arte
1010 1438 1203 1515 Aedificant,

295 1536 328 1590 35
338 1534 366 1584 et
381 1524 455 1602 apud
468 1523 607 1598 Tragicos
624 1521 739 1584 Etiam
754 1526 800 1585 leo
812 1524 934 1600 purten·
950 1531 977 1581 at
991 1528 1074 1600 pater
1090 1531 1142 1580 est.
1175 1521 1257 1581 Mille
1269 1531 1333 1581 sunt

337 1610 425 1668 baec:
446 1617 473 1666 et
488 1608 650 1667 acetabulo
665 1607 800 1684 quidquid
812 1605 932 1681 habent,
950 1615 978 1664 et
987 1607 1120 1685 pyxides
1136 1608 1332 1682 cuiuscunque

337 1693 473 1750 materiae
495 1699 580 1763 sunt,
592 1700 620 1748 et
632 1693 799 1768 parricida
820 1692 917 1749 matris
933 1707 1048 1768 quoque
1067 1699 1113 1751 aut
1128 1689 1224 1749 fratris
1245 1691 1332 1748 inter·

300 1796 305 1814 ·
337 1776 440 1835 lector.
466 1773 749 1853 Discernendumqne
765 1784 810 1833 est
824 1773 881 1833 hoc
895 1783 984 1832 totum
999 1772 1211 1832 atranslatione
1228 1791 1332 1848 genus,

338 1859 403 1936 quia
421 1857 520 1916 abusio
537 1867 600 1932 est,
622 1859 668 1917 ubi
685 1877 787 1917 nomen
804 1858 907 1924 deluit;
930 1858 1096 1932 translatio,
1112 1856 1159 1916 ubi
1177 1857 1254 1915 aliud
1271 1857 1331 1915 luit.

337 1942 408 2001 Nam
425 1950 538 2040 poetae·
545 1942 639 2001 solent
656 1942 773 2001 abusive
787 1943 870 2000 etiam
882 1945 910 2000 in
925 1943 968 2000 his
981 1940 1083 2013 rebus,
1102 1940 1203 2019 quibus
1219 1942 1333 1998 nomina

294 2035 389 2091 sesua
407 2035 488 2099 sunt,
511 2027 627 2084 vicinis
636 2030 730 2124 potius
747 2027 801 2094 uti;
823 2026 899 2103 qnod
920 2044 1014 2085 rarum
1035 2043 1062 2084 ru
1078 2042 1165 2102 prosa
1181 2033 1236 2082 est
1281 2023 1333 2082 llla

339 2127 455 2188 quoqne
471 2110 582 2187 quidam
598 2104 787 2190 καταχρήσεις
801 2110 900 2169 volunt
918 2128 1001 2184 esse,
1021 2115 1083 2168 o'um
1103 2125 1156 2186 pro
1172 2109 1333 2167 temeritate

337 2197 435 2254 uirtus
451 2203 498 2252 aut
513 2211 566 2271 pro
583 2195 692 2253 luxuria
708 2195 878 2255 liberalitas
891 2194 1002 2253 dicitur.
1043 2191 1069 2249 Α
1086 2193 1237 2270 quibus
1201 2208 1260 2249 eoo
1273 2192 1332 2268 qui·

339 2277 402 2336 dem
419 2278 572 2344 dissentio;
594 2297 715 2357 namque
733 2279 760 2336 in
775 2277 819 2337 his
834 2296 891 2341 non
908 2277 1026 2337 verbum
1042 2293 1095 2353 pro
1110 2276 1202 2335 verbo
1219 2277 1334 2352 ponitur

339 2362 390 2420 sed
412 2380 459 2419 res
482 2379 535 2439 pro
559 2381 601 2421 re.
649 2362 751 2439 Neque
775 2363 849 2420 enim
875 2365 1023 2439 quisquam
1043 2369 1121 2437 putat
1141 2360 1282 2419 luxuriam
1306 2366 1333 2416 et

338 2444 536 2506 liberalitatem
553 2447 625 2504 idem
638 2447 816 2523 signiticare;
832 2464 930 2504 verum
942 2445 985 2519 id,
1003 2443 1079 2522 quod
1095 2447 1146 2517 sit,
1163 2443 1236 2502 alius
1253 2443 1334 2501 luxu·

337 2531 407 2588 riam
424 2547 489 2586 esse
506 2529 573 2588 dicit
585 2531 657 2589 alius
675 2530 891 2606 liberalitatem,
908 2529 1036 2608 quamvis
1051 2529 1143 2587 neutri
1155 2527 1271 2586 dubium
1287 2528 1333 2594 sit,

337 2613 411 2671 haec
427 2629 492 2669 esse
508 2610 630 2672 diversa.

296 2702 329 2758 37
421 2696 560 2771 Superest
578 2715 614 2756 ex
629 2698 688 2771 his,
714 2715 787 2774 quae
810 2697 893 2756 aliter
912 2695 1090 2794 significant,
1109 2686 1334 2791 μετάληψις,

338 2779 366 2839 id
389 2787 433 2836 est
453 2783 654 2856 transumptio,
682 2799 754 2857 quae
777 2800 814 2839 ex
835 2781 892 2840 alio
913 2789 997 2857 tropo
1015 2781 1042 2837 in
1060 2778 1144 2837 alium
1165 2777 1244 2836 velut
1261 2779 1334 2834 riam

339 2871 481 2942 praestat:
507 2872 535 2920 et
554 2866 713 2923 rarissimus
736 2874 764 2923 et
778 2867 900 2923 maxime
915 2863 1087 2941 improprius
1104 2861 1222 2920 Graecis
1241 2871 1334 2956 tamep

339 2947 535 3042 frequentior
553 2949 599 3024 qui
615 2947 689 3010 Ceut
678 2957 800 3008 taurum
818 2946 941 3007 Chirona
958 2956 987 3005 et
1002 2962 1134 3007 saxosae
1149 2947 1301 3005 instator
1284 2937 1334 3019 ιή-

339 3021 617 3101 σουςθοᾶςᾱῑιιιιιι
661 3031 721 3089 Nos
739 3034 802 3111 quis
818 3033 907 3107 ierat,
929 3031 1086 3089 ererrem
1102 3036 1247 3089 coemant
1264 3027 1334 3086 Lae·

297 3117 405 3178 aetium
427 3115 546 3174 doctum
569 3118 766 3175 nominemus?
809 3115 862 3175 Est
887 3118 960 3174 enim
974 3115 1076 3175 haec
1068 3132 1096 3171 m
1110 3112 1263 3189 metalepsi
1286 3128 1333 3168 na·

339 3209 418 3271 tura,
438 3207 465 3254 ut
478 3201 605 3273 interid,
625 3201 700 3277 quod
716 3200 900 3274 transfertur,
917 3201 953 3257 sit
968 3199 1076 3258 medius
1089 3197 1200 3274 quidam
1214 3195 1333 3271 gradus,

339 3281 408 3341 nihil
431 3284 494 3357 ipse
517 3285 679 3360 significans
696 3283 747 3341 sed
764 3282 908 3361 praebens
928 3284 1088 3344 transitum:
1115 3298 1200 3356 quem
1220 3289 1334 3356 tropum

339 3370 430 3443 magis
456 3372 638 3441 affectamus,
661 3377 690 3426 ut
713 3367 821 3425 habere
842 3368 1002 3441 videamur,
1026 3382 1109 3443 quam
1130 3364 1189 3423 ullo
1212 3364 1240 3420 iu
1266 3363 1334 3421 loco

339 3450 543 3511 desideramus.
588 3451 659 3509 Nam
684 3450 711 3508 id
733 3453 793 3509 eius
815 3450 1074 3527 frequentissimum
1100 3448 1264 3525 exemplum
1291 3454 1335 3503 est

315 3529 438 3610 *cooo,
462 3545 564 3608 cuuto,
587 3538 674 3603 diom-
697 3536 734 3592 ita
750 3553 844 3609 curto,
863 3536 942 3596 dico.
983 3533 1107 3592 luterest
1126 3531 1249 3609 medium
1265 3527 1335 3588 illud

297 3624 436 3680 bbconto.
478 3618 540 3676 Nec
558 3618 659 3676 diutius
676 3620 703 3675 in
720 3635 754 3677 eo
772 3618 953 3684 morandum;
975 3616 1043 3676 nihil
1060 3617 1132 3675 euim
1150 3633 1219 3674 usus
1237 3613 1334 3673 admo·

341 3701 404 3762 durn
420 3702 504 3761 video
519 3703 588 3776 nisi,
613 3712 641 3761 ut
656 3702 728 3776 dixi,
755 3704 781 3759 in
797 3701 907 3760 mediis.
