3184 4409
584 439 672 488 msr.
694 439 843 490 osanna.
866 442 935 488 nus.
951 443 1002 506 1x,
1018 439 1045 491 4.
1208 404 1212 411 ’
1242 430 1298 492 131

306 593 351 651 fer
372 592 429 652 hoc
451 592 592 652 ultimum:
614 596 705 653 miuus
720 595 839 654 valebit.
883 594 954 654 Nam
974 598 1059 654 totius
1077 597 1177 655 ductus
1192 597 1239 656 hic
1261 608 1306 658 est

306 679 388 753 quasi
408 694 526 752 mucro,
548 686 579 735 ut
599 695 653 755 per
674 696 706 737 se
736 679 822 738 foeda
837 678 971 738 vomendi
987 683 1147 738 necessitas
1167 683 1223 739 iam
1237 682 1306 741 nihil

305 761 379 820 ultra
401 760 620 837 expectantibus
643 762 715 821 hauc
737 779 853 839 quoque
873 763 1012 821 adiiceret
1027 763 1252 838 deformitatem,
1276 775 1307 824 ut

306 844 388 904 cibus
410 846 502 903 teneri
525 861 583 902 non
608 855 711 921 posset
733 847 884 923 postridie.
929 846 1049 904 Solebat
1072 846 1146 905 Afer
1165 848 1346 916 Domitius31

304 930 440 987 traiicere
457 930 484 986 in
501 928 639 987 clausulis
658 928 749 988 verba
766 939 872 988 tautum
888 931 1067 1006 asperandae
1089 935 1305 1009 compositionis

304 1012 397 1088 gratia
413 1021 443 1070 ει
466 1015 587 1071 maxime
609 1013 637 1071 in
659 1015 832 1091 prooemiis:
858 1023 887 1072 ut
912 1031 964 1092 pro
988 1013 1151 1087 Domitilla,
1182 1016 1306 1076 Gratias

303 1099 572 1173 agnoscentium
601 1105 630 1155 et
645 1113 699 1175 pro
719 1096 831 1171 Laelia,
848 1095 904 1157 Eis
923 1101 1059 1175 atrisque
1074 1099 1161 1174 opud
1180 1108 1208 1160 te
1226 1101 1305 1160 iudi·

305 1199 371 1240 conc
389 1182 583 1256 periclitatur
602 1178 719 1242 Laelio.
764 1180 848 1240 Adeo
864 1181 972 1257 refugit
993 1191 1120 1240 teneram
1139 1181 1304 1242 delicatam·

305 1281 362 1341 que
382 1264 546 1324 modulandi
566 1265 762 1342 voluptatem,
785 1274 816 1323 ut
842 1264 1021 1323 currentibus
1041 1284 1094 1343 per
1116 1283 1148 1323 sc
1169 1268 1304 1341 numeris,

305 1347 383 1424 quod
405 1364 457 1405 eos
484 1346 643 1422 inhiberet,
668 1348 820 1407 obiiceret.
864 1348 1076 1426 Amphiboliam
1099 1366 1216 1426 quoque
1243 1350 1346 1409 lieri32

302 1432 408 1490 vitiosa
425 1431 570 1491 locatione
587 1432 757 1506 verborum,
774 1449 858 1490 nemo
875 1442 935 1506 est,
954 1435 1002 1510 qui
1018 1435 1139 1492 nesciat.
1164 1433 1244 1492 Haec
1260 1451 1304 1492 ar·

303 1514 412 1583 bitror,
429 1524 460 1573 ut
475 1517 503 1573 in
517 1515 617 1591 brevi,
639 1516 676 1575 de
693 1517 793 1576 ordine
813 1517 904 1575 fuisse
921 1517 1057 1586 dicenda;
1078 1519 1125 1594 qui
1142 1519 1166 1575 si
1183 1519 1303 1575 vitiosus

304 1608 365 1658 est:
389 1599 457 1658 licet
473 1609 502 1658 et
515 1601 611 1658 vineta
633 1601 670 1659 sit
688 1608 717 1658 et
737 1609 805 1678 apte
826 1601 933 1661 cadens
954 1603 1062 1678 oratio,
1087 1611 1182 1660 tamen
1201 1603 1303 1659 merito
1342 1618 1344 1621 ·

302 1685 495 1761 incomposita
515 1683 635 1744 dicatur.

388 1766 562 1827 lunctura
585 1768 725 1844 sequitur.
768 1767 822 1827 Est
843 1770 871 1827 in
887 1767 1001 1844 verbis,
1021 1769 1138 1844 incisis,
1157 1769 1302 1844 membris,

304 1849 452 1928 periodis;
477 1853 569 1910 omnia
585 1870 707 1929 namque
721 1854 776 1910 ista
799 1861 828 1910 et
844 1855 963 1911 uirtutes
980 1862 1009 1911 et
1022 1855 1090 1912 vitia
1107 1855 1135 1912 in
1151 1854 1304 1931 complexu

303 1934 421 1993 habent.
440 1985 443 1991 ,
461 1934 575 2012 Atque,
601 1944 632 1993 ut
653 1936 782 1994 ordinem
801 1953 923 2013 sequar,
942 1939 1060 2013 primum
1078 1947 1143 1996 suut
1164 1955 1238 2015 quae
1254 1940 1346 1996 ιιι-33

303 2020 405 2096 peritis
424 2036 540 2096 quoqne
556 2018 591 2078 ad
610 2019 867 2096 reprehensionem
882 2020 1020 2079 notabilia
1036 2021 1183 2096 videntur,
1202 2021 1230 2080 id
1248 2030 1303 2095 est,

304 2121 395 2180 quae,
415 2105 575 2161 commissis
592 2104 666 2161 inter
680 2122 713 2162 se
728 2102 826 2162 verbis
842 2102 968 2179 duobus,
987 2122 1023 2172 ex
1038 2104 1135 2164 ultima
1150 2105 1254 2182 prioris
1270 2122 1305 2163 ac

303 2189 394 2264 prima
417 2190 566 2264 sequentis
588 2186 702 2261 syllaba
729 2187 859 2246 deforme
890 2186 1008 2264 aliquod
1031 2204 1134 2246 nomen
1166 2188 1303 2247 efficiunt.

303 2270 375 2329 Tum
392 2271 536 2330 vocalium
552 2288 726 2340 concursus;
748 2274 796 2348 qui
812 2288 876 2330 cum
892 2272 1012 2347 accidit,
1030 2271 1088 2330 hiat
1110 2281 1139 2330 ει
1155 2272 1305 2330 intersistit
1337 2304 1340 2320 =

304 2364 333 2414 et
350 2357 432 2432 quasi
447 2355 561 2414 laborat
576 2356 678 2414 oratio.
719 2355 848 2414 Pessime
864 2354 987 2431 longae,
1004 2374 1078 2433 quae
1097 2356 1215 2415 easdem
1229 2357 1305 2413 inter

303 2457 336 2496 se
360 2438 471 2498 litteras
496 2441 690 2514 committunt,
723 2438 874 2499 sonabunt.
928 2439 1104 2516 Praecipuus
1127 2449 1221 2499 tamen
1249 2441 1308 2502 erit

303 2523 396 2582 hiatus
418 2541 532 2598 earum,
558 2541 631 2601 quae
655 2539 727 2581 cauo
744 2531 791 2581 aut
807 2522 906 2600 patulo
921 2524 1042 2583 maxime
1065 2540 1116 2583 ore
1136 2525 1301 2583 efferuntur.

302 2605 327 2665 E
346 2606 461 2683 planior
475 2607 571 2666 littera
590 2616 653 2682 est,
676 2606 689 2665 l
709 2608 859 2683 augustior
873 2615 934 2683 est,
956 2606 1082 2686 ideoque
1103 2607 1254 2668 obscurius
1276 2608 1345 2667 in34

301 2690 346 2748 his
366 2691 474 2759 vitium.
520 2688 612 2749 lllinus
627 2690 779 2769 peccabit,
805 2692 853 2769 qui
868 2690 964 2768 longis
979 2691 1084 2751 breves
1100 2692 1251 2765 subiiciet,
1275 2698 1304 2748 et
1339 2747 1342 2752 .

301 2774 410 2849 adhuc,
427 2778 476 2853 qui
492 2783 654 2853 praeponet
670 2773 776 2852 longae
789 2773 918 2834 brevem.
956 2774 1067 2834 Minima
1085 2786 1130 2836 est
1150 2777 1178 2834 in
1194 2774 1303 2835 duabus

300 2856 438 2928 brevibus
455 2860 588 2919 offensio.
628 2859 725 2936 Atque
742 2876 806 2918 cum
820 2858 894 2919 aliae
909 2859 1116 2937 subiunguntur
1131 2861 1214 2932 aliis,
1235 2874 1303 2936 pro·

301 2942 368 3000 iude
395 2945 562 3019 asperiores
582 2952 680 3018 eruut,
706 2951 793 3021 prout
819 2945 878 3002 oris
894 2944 996 3003 'habitu
1019 2945 1103 3003 simili
1119 2953 1167 3003 aut
1186 2943 1302 3002 diverso

301 3027 567 3103 pronuntiabuntur.
612 3026 678 3086 Non
699 3035 795 3086 tamen
818 3026 862 3101 id,
889 3036 920 3086 ut
940 3031 1047 3088 crimen
1071 3030 1188 3104 ingens,
1215 3029 1345 3102 erpa-35

300 3111 477 3169 vescendum
503 3119 564 3185 est,
590 3128 624 3170 ac
646 3113 747 3169 nescio
763 3109 941 3187 negligentia
962 3114 991 3170 in
1008 3112 1065 3170 hoc
1080 3128 1116 3169 au
1137 3108 1302 3171 sollicitudo

301 3194 339 3251 sit
354 3195 447 3270 peior.
493 3194 624 3254 Inhibeat
648 3196 723 3253 cuim
736 3212 862 3253 necesse
881 3204 927 3262 est
942 3193 988 3254 hic
1003 3203 1095 3253 metus
1111 3195 1245 3272 impetum
1262 3190 1303 3250 di·
1338 3232 1340 3237 -

302 3277 399 3337 cendi
415 3288 444 3337 et
468 3297 483 3337 a
504 3278 666 3357 potioribus
682 3286 803 3336 auertat.
847 3276 945 3350 Quare
966 3288 996 3336 ut
1017 3277 1213 3354 negligentiae
1235 3294 1303 3355 pars

300 3360 358 3418 hoc
384 3365 458 3439 pati:
491 3365 529 3421 ita
558 3361 722 3421 humilitatis
745 3361 852 3439 ubique
874 3361 1116 3439 perhorrescere,
1144 3362 1303 3439 nimiosque

300 3461 358 3503 non
379 3447 519 3505 immerito
544 3447 572 3503 in
592 3445 648 3505 hac
675 3462 743 3505 cura
767 3452 868 3523 putant
888 3461 988 3508 omnes
1013 3444 1162 3506 Isocraten
1185 3454 1303 3504 secutos

302 3531 521 3607 praecipueque
535 3529 764 3608 Theopompum.
796 3527 835 3585 At
849 3527 1062 3589 Demosthenes
1080 3537 1110 3588 et
1125 3527 1230 3589 Cicero
1247 3536 1345 3591 uno-36

302 3612 366 3671 dice
382 3622 577 3690 respexerunt
592 3613 628 3672 ad
644 3613 717 3672 hauc
733 3620 855 3691 partem.
891 3609 962 3672 Nam
979 3623 1008 3673 et
1023 3623 1162 3674 coeuntes
1177 3613 1302 3688 litterae,

302 3713 376 3774 quae
393 3694 570 3773 συναλοιφαὶ
584 3697 730 3774 dicuutur,
752 3697 837 3754 etiam
856 3695 996 3757 leviorem
1010 3697 1117 3758 faciunt
1132 3701 1303 3773 orationem,
1325 3739 1329 3742 -

992 3780 1139 3842 ,9,
