<?xml version="1.0" encoding="UTF-8"?>
<!DOCTYPE html PUBLIC "-//W3C//DTD XHTML 1.0 Transitional//EN"
    "http://www.w3.org/TR/xhtml1/DTD/xhtml1-transitional.dtd">
<html xmlns="http://www.w3.org/1999/xhtml" xml:lang="en" lang="en">
 <head>
  <title>
</title>
<meta http-equiv="Content-Type" content="text/html;charset=utf-8" />
  <meta name='ocr-system' content='tesseract 3.04.00' />
  <meta name='ocr-capabilities' content='ocr_page ocr_carea ocr_par ocr_line ocrx_word'/>
</head>
<body>
  <div class='ocr_page' id='page_1' title='image "./mfabiiquintilia02quingoog_0073.png"; bbox 0 0 3184 4409; ppageno 0'>
   <div class='ocr_carea' id='block_1_1' title="bbox 552 463 1250 538">
    <p class='ocr_par' dir='ltr' id='par_1_1' title="bbox 552 463 1250 538">
     <span class='ocr_line' id='line_1_1' title="bbox 552 463 1250 538; baseline 0.003 -19"><span class='ocrx_word' id='word_1_1' title='bbox 552 472 642 520; x_wconf 77' lang='lat' dir='ltr'><strong>urso.</strong></span> <span class='ocrx_word' id='word_1_2' title='bbox 656 469 959 538; x_wconf 66' lang='lat' dir='ltr'><strong>emarcuerant).</strong></span> <span class='ocrx_word' id='word_1_3' title='bbox 1210 463 1250 522; x_wconf 78' lang='lat'><strong>45</strong></span> 
     </span>
    </p>
   </div>
   <div class='ocr_carea' id='block_1_2' title="bbox 261 625 1250 789">
    <p class='ocr_par' dir='ltr' id='par_1_2' title="bbox 261 625 1250 789">
     <span class='ocr_line' id='line_1_2' title="bbox 261 625 1250 707; baseline 0 -18"><span class='ocrx_word' id='word_1_4' title='bbox 261 627 473 705; x_wconf 88' lang='lat' dir='ltr'><strong>prehenduntur</strong></span> <span class='ocrx_word' id='word_1_5' title='bbox 495 645 511 686; x_wconf 88' lang='lat' dir='ltr'><strong>a</strong></span> <span class='ocrx_word' id='word_1_6' title='bbox 534 628 666 686; x_wconf 88' lang='lat' dir='ltr'><strong>curiosis.</strong></span> <span class='ocrx_word' id='word_1_7' title='bbox 699 625 744 685; x_wconf 78' lang='lat' dir='ltr'><strong>lix</strong></span> <span class='ocrx_word' id='word_1_8' title='bbox 760 642 819 704; x_wconf 92' lang='lat' dir='ltr'><strong>quo</strong></span> <span class='ocrx_word' id='word_1_9' title='bbox 835 626 902 686; x_wconf 91' lang='lat' dir='ltr'><strong>mihi</strong></span> <span class='ocrx_word' id='word_1_10' title='bbox 923 630 997 687; x_wconf 94' lang='lat' dir='ltr'><strong>inter</strong></span> <span class='ocrx_word' id='word_1_11' title='bbox 1018 629 1139 689; x_wconf 88' lang='lat' dir='ltr'><strong>virtutes</strong></span> <span class='ocrx_word' id='word_1_12' title='bbox 1157 648 1250 707; x_wconf 82' lang='lat' dir='ltr'><strong>gram</strong></span> 
     </span>
     <span class='ocr_line' id='line_1_3' title="bbox 261 711 793 789; baseline -0.008 -17"><span class='ocrx_word' id='word_1_13' title='bbox 261 715 351 773; x_wconf 89' lang='lat' dir='ltr'><strong>matici</strong></span> <span class='ocrx_word' id='word_1_14' title='bbox 372 711 531 774; x_wconf 52' lang='lat' dir='ltr'><strong>,habebitur</strong></span> <span class='ocrx_word' id='word_1_15' title='bbox 552 711 648 789; x_wconf 90' lang='lat' dir='ltr'><strong>aliqua</strong></span> <span class='ocrx_word' id='word_1_16' title='bbox 670 713 793 769; x_wconf 91' lang='lat' dir='ltr'><strong>nescire.</strong></span> 
     </span>
    </p>
   </div>
   <div class='ocr_carea' id='block_1_3' title="bbox 533 863 977 915">
    <p class='ocr_par' dir='ltr' id='par_1_3' title="bbox 533 863 977 915">
     <span class='ocr_line' id='line_1_4' title="bbox 533 863 977 915; baseline -0.002 -1"><span class='ocrx_word' id='word_1_17' title='bbox 533 864 576 914; x_wconf 85' lang='lat' dir='ltr'><strong>DE</strong></span> <span class='ocrx_word' id='word_1_18' title='bbox 595 863 720 915; x_wconf 84' lang='lat' dir='ltr'><strong>OFFlClO</strong></span> <span class='ocrx_word' id='word_1_19' title='bbox 740 863 955 914; x_wconf 84' lang='lat' dir='ltr'><strong>GRAMMATICI.</strong></span> <span class='ocrx_word' id='word_1_20' title='bbox 975 881 977 887; x_wconf 56' lang='lat'><strong>¹</strong></span> 
     </span>
    </p>
   </div>
   <div class='ocr_carea' id='block_1_4' title="bbox 253 960 1273 2467">
    <p class='ocr_par' dir='ltr' id='par_1_4' title="bbox 253 960 1273 2467">
     <span class='ocr_line' id='line_1_5' title="bbox 340 960 1250 1041; baseline 0.002 -18"><span class='ocrx_word' id='word_1_21' title='bbox 340 960 392 1023; x_wconf 92' lang='lat' dir='ltr'><strong>IX.</strong></span> <span class='ocrx_word' id='word_1_22' title='bbox 430 960 467 1020; x_wconf 84' lang='lat' dir='ltr'><strong>Et</strong></span> <span class='ocrx_word' id='word_1_23' title='bbox 489 962 586 1021; x_wconf 90' lang='lat' dir='ltr'><strong>linitae</strong></span> <span class='ocrx_word' id='word_1_24' title='bbox 609 963 724 1040; x_wconf 87' lang='lat' dir='ltr'><strong>quidem</strong></span> <span class='ocrx_word' id='word_1_25' title='bbox 749 971 814 1021; x_wconf 91' lang='lat' dir='ltr'><strong>sunt</strong></span> <span class='ocrx_word' id='word_1_26' title='bbox 840 971 939 1041; x_wconf 90' lang='lat' dir='ltr'><strong>partes</strong></span> <span class='ocrx_word' id='word_1_27' title='bbox 967 963 1058 1038; x_wconf 91' lang='lat' dir='ltr'><strong>duae,</strong></span> <span class='ocrx_word' id='word_1_28' title='bbox 1083 982 1154 1041; x_wconf 91' lang='lat' dir='ltr'><strong>quas</strong></span> <span class='ocrx_word' id='word_1_29' title='bbox 1177 966 1250 1025; x_wconf 89' lang='lat' dir='ltr'><strong>haec</strong></span> 
     </span>
     <span class='ocr_line' id='line_1_6' title="bbox 259 1046 1249 1125; baseline 0.006 -22"><span class='ocrx_word' id='word_1_30' title='bbox 259 1047 404 1125; x_wconf 78' lang='lat' dir='ltr'>professio</span> <span class='ocrx_word' id='word_1_31' title='bbox 427 1046 600 1123; x_wconf 90' lang='lat' dir='ltr'><strong>pollicetur,</strong></span> <span class='ocrx_word' id='word_1_32' title='bbox 623 1047 651 1105; x_wconf 93' lang='lat' dir='ltr'><strong>id</strong></span> <span class='ocrx_word' id='word_1_33' title='bbox 678 1055 724 1106; x_wconf 90' lang='lat' dir='ltr'><strong>est</strong></span> <span class='ocrx_word' id='word_1_34' title='bbox 742 1049 815 1106; x_wconf 87' lang='lat' dir='ltr'><strong>ratio</strong></span> <span class='ocrx_word' id='word_1_35' title='bbox 839 1047 975 1124; x_wconf 89' lang='lat' dir='ltr'><strong>loquendi</strong></span> <span class='ocrx_word' id='word_1_36' title='bbox 997 1056 1025 1104; x_wconf 92' lang='lat' dir='ltr'><strong>et</strong></span> <span class='ocrx_word' id='word_1_37' title='bbox 1043 1051 1186 1107; x_wconf 78' lang='lat' dir='ltr'><strong>enarratio</strong></span> <span class='ocrx_word' id='word_1_38' title='bbox 1202 1069 1249 1109; x_wconf 91' lang='lat' dir='ltr'><strong>au-</strong></span> 
     </span>
     <span class='ocr_line' id='line_1_7' title="bbox 260 1130 1248 1206; baseline 0.004 -18"><span class='ocrx_word' id='word_1_39' title='bbox 260 1138 382 1205; x_wconf 86' lang='lat' dir='ltr'><strong>ctorum,</strong></span> <span class='ocrx_word' id='word_1_40' title='bbox 408 1148 527 1206; x_wconf 91' lang='lat' dir='ltr'><strong>quarum</strong></span> <span class='ocrx_word' id='word_1_41' title='bbox 551 1130 629 1190; x_wconf 92' lang='lat' dir='ltr'><strong>illam</strong></span> <span class='ocrx_word' id='word_1_42' title='bbox 651 1131 839 1192; x_wconf 74' lang='lat' dir='ltr'><em>methodicen</em></span> <span class='ocrx_word' id='word_1_43' title='bbox 860 1131 933 1191; x_wconf 88' lang='lat' dir='ltr'><strong>hanc</strong></span> <span class='ocrx_word' id='word_1_44' title='bbox 955 1132 1119 1192; x_wconf 74' lang='lat' dir='ltr'><em>historicen</em></span> <span class='ocrx_word' id='word_1_45' title='bbox 1134 1143 1248 1192; x_wconf 87' lang='lat' dir='ltr'><strong>vocant.</strong></span> 
     </span>
     <span class='ocr_line' id='line_1_8' title="bbox 259 1213 1248 1293; baseline 0.004 -21"><span class='ocrx_word' id='word_1_46' title='bbox 259 1213 431 1274; x_wconf 84' lang='lat' dir='ltr'><strong>hdiiciarnus</strong></span> <span class='ocrx_word' id='word_1_47' title='bbox 453 1223 546 1272; x_wconf 90' lang='lat' dir='ltr'><strong>tamen</strong></span> <span class='ocrx_word' id='word_1_48' title='bbox 569 1231 668 1273; x_wconf 93' lang='lat' dir='ltr'><strong>eorum</strong></span> <span class='ocrx_word' id='word_1_49' title='bbox 687 1232 773 1273; x_wconf 91' lang='lat' dir='ltr'><strong>curae</strong></span> <span class='ocrx_word' id='word_1_50' title='bbox 793 1216 932 1293; x_wconf 83' lang='lat' dir='ltr'>quaedam</span> <span class='ocrx_word' id='word_1_51' title='bbox 952 1214 1065 1273; x_wconf 88' lang='lat' dir='ltr'><strong>dicendi</strong></span> <span class='ocrx_word' id='word_1_52' title='bbox 1083 1218 1248 1292; x_wconf 88' lang='lat' dir='ltr'><strong>primordia,</strong></span> 
     </span>
     <span class='ocr_line' id='line_1_9' title="bbox 260 1297 1273 1377; baseline 0.002 -21"><span class='ocrx_word' id='word_1_53' title='bbox 260 1297 358 1374; x_wconf 89' lang='lat' dir='ltr'><strong>quibus</strong></span> <span class='ocrx_word' id='word_1_54' title='bbox 377 1306 488 1357; x_wconf 89' lang='lat' dir='ltr'><strong>aetates</strong></span> <span class='ocrx_word' id='word_1_55' title='bbox 507 1298 629 1357; x_wconf 91' lang='lat' dir='ltr'><strong>nondum</strong></span> <span class='ocrx_word' id='word_1_56' title='bbox 647 1299 793 1358; x_wconf 85' lang='lat' dir='ltr'><strong>rhetorem</strong></span> <span class='ocrx_word' id='word_1_57' title='bbox 810 1301 958 1377; x_wconf 71' lang='lat' dir='ltr'>capientes</span> <span class='ocrx_word' id='word_1_58' title='bbox 977 1300 1131 1357; x_wconf 80' lang='lat' dir='ltr'><strong>instituant.</strong></span> <span class='ocrx_word' id='word_1_59' title='bbox 1159 1299 1273 1375; x_wconf 76' lang='lat' dir='ltr'><strong>tgtrurt</strong></span> 
     </span>
     <span class='ocr_line' id='line_1_10' title="bbox 259 1380 1248 1460; baseline 0.002 -20"><span class='ocrx_word' id='word_1_60' title='bbox 259 1381 367 1460; x_wconf 78' lang='lat' dir='ltr'><strong>Aesopi</strong></span> <span class='ocrx_word' id='word_1_61' title='bbox 386 1380 528 1456; x_wconf 79' lang='lat' dir='ltr'><strong>fabellas,</strong></span> <span class='ocrx_word' id='word_1_62' title='bbox 552 1399 627 1458; x_wconf 91' lang='lat' dir='ltr'><strong>quae</strong></span> <span class='ocrx_word' id='word_1_63' title='bbox 648 1382 753 1443; x_wconf 85' lang='lat' dir='ltr'><strong>fabulis</strong></span> <span class='ocrx_word' id='word_1_64' title='bbox 773 1384 977 1443; x_wconf 80' lang='lat' dir='ltr'><strong>nutricularum</strong></span> <span class='ocrx_word' id='word_1_65' title='bbox 995 1384 1127 1460; x_wconf 84' lang='lat' dir='ltr'><strong>proxime</strong></span> <span class='ocrx_word' id='word_1_66' title='bbox 1146 1402 1248 1442; x_wconf 89' lang='lat' dir='ltr'><strong>succe·</strong></span> 
     </span>
     <span class='ocr_line' id='line_1_11' title="bbox 260 1465 1248 1544; baseline 0.003 -21"><span class='ocrx_word' id='word_1_67' title='bbox 260 1465 339 1541; x_wconf 91' lang='lat' dir='ltr'><strong>dunt,</strong></span> <span class='ocrx_word' id='word_1_68' title='bbox 362 1483 481 1524; x_wconf 90' lang='lat' dir='ltr'><strong>narrare</strong></span> <span class='ocrx_word' id='word_1_69' title='bbox 505 1483 638 1524; x_wconf 87' lang='lat' dir='ltr'><strong>sermone</strong></span> <span class='ocrx_word' id='word_1_70' title='bbox 662 1484 735 1544; x_wconf 93' lang='lat' dir='ltr'><strong>puro</strong></span> <span class='ocrx_word' id='word_1_71' title='bbox 757 1476 785 1525; x_wconf 90' lang='lat' dir='ltr'><strong>et</strong></span> <span class='ocrx_word' id='word_1_72' title='bbox 807 1467 877 1525; x_wconf 91' lang='lat' dir='ltr'><strong>nihil</strong></span> <span class='ocrx_word' id='word_1_73' title='bbox 898 1485 931 1525; x_wconf 90' lang='lat' dir='ltr'><strong>se</strong></span> <span class='ocrx_word' id='word_1_74' title='bbox 954 1467 1175 1544; x_wconf 91' lang='lat' dir='ltr'><strong>supramodum</strong></span> <span class='ocrx_word' id='word_1_75' title='bbox 1199 1486 1248 1526; x_wconf 88' lang='lat' dir='ltr'><strong>ex·</strong></span> 
     </span>
     <span class='ocr_line' id='line_1_12' title="bbox 260 1549 1248 1628; baseline 0.003 -21"><span class='ocrx_word' id='word_1_76' title='bbox 260 1549 394 1624; x_wconf 90' lang='lat' dir='ltr'><strong>tollente,</strong></span> <span class='ocrx_word' id='word_1_77' title='bbox 423 1549 527 1609; x_wconf 91' lang='lat' dir='ltr'><strong>deinde</strong></span> <span class='ocrx_word' id='word_1_78' title='bbox 554 1550 674 1609; x_wconf 91' lang='lat' dir='ltr'><strong>eandem</strong></span> <span class='ocrx_word' id='word_1_79' title='bbox 697 1551 889 1627; x_wconf 83' lang='lat' dir='ltr'><strong>gracilitatem</strong></span> <span class='ocrx_word' id='word_1_80' title='bbox 915 1551 983 1611; x_wconf 91' lang='lat' dir='ltr'><strong>stilo</strong></span> <span class='ocrx_word' id='word_1_81' title='bbox 1006 1553 1126 1628; x_wconf 87' lang='lat' dir='ltr'><strong>exigere</strong></span> <span class='ocrx_word' id='word_1_82' title='bbox 1150 1553 1248 1610; x_wconf 91' lang='lat' dir='ltr'><strong>condi·</strong></span> 
     </span>
     <span class='ocr_line' id='line_1_13' title="bbox 258 1635 1247 1714; baseline 0.001 -21"><span class='ocrx_word' id='word_1_83' title='bbox 258 1643 351 1701; x_wconf 91' lang='lat' dir='ltr'><strong>scant;</strong></span> <span class='ocrx_word' id='word_1_84' title='bbox 368 1651 471 1692; x_wconf 90' lang='lat' dir='ltr'><strong>versus</strong></span> <span class='ocrx_word' id='word_1_85' title='bbox 484 1636 574 1711; x_wconf 92' lang='lat' dir='ltr'><strong>primo</strong></span> <span class='ocrx_word' id='word_1_86' title='bbox 591 1635 724 1709; x_wconf 89' lang='lat' dir='ltr'><strong>solvere,</strong></span> <span class='ocrx_word' id='word_1_87' title='bbox 741 1653 808 1694; x_wconf 89' lang='lat' dir='ltr'><strong>mox</strong></span> <span class='ocrx_word' id='word_1_88' title='bbox 818 1637 932 1694; x_wconf 92' lang='lat' dir='ltr'><strong>mutatis</strong></span> <span class='ocrx_word' id='word_1_89' title='bbox 945 1635 1042 1694; x_wconf 86' lang='lat' dir='ltr'><strong>verbis</strong></span> <span class='ocrx_word' id='word_1_90' title='bbox 1054 1637 1247 1714; x_wconf 89' lang='lat' dir='ltr'><strong>interpretari,</strong></span> 
     </span>
     <span class='ocr_line' id='line_1_14' title="bbox 258 1717 1249 1797; baseline 0.003 -22"><span class='ocrx_word' id='word_1_91' title='bbox 258 1726 311 1776; x_wconf 88' lang='lat' dir='ltr'><strong>tum</strong></span> <span class='ocrx_word' id='word_1_92' title='bbox 333 1717 503 1796; x_wconf 86' lang='lat' dir='ltr'><strong>paraphrasi</strong></span> <span class='ocrx_word' id='word_1_93' title='bbox 525 1718 661 1777; x_wconf 91' lang='lat' dir='ltr'><strong>audacius</strong></span> <span class='ocrx_word' id='word_1_94' title='bbox 680 1728 813 1795; x_wconf 90' lang='lat' dir='ltr'><strong>vertere,</strong></span> <span class='ocrx_word' id='word_1_95' title='bbox 836 1728 938 1797; x_wconf 90' lang='lat' dir='ltr'><strong>quaet</strong></span> <span class='ocrx_word' id='word_1_96' title='bbox 957 1719 1091 1778; x_wconf 88' lang='lat' dir='ltr'><strong>breviare</strong></span> <span class='ocrx_word' id='word_1_97' title='bbox 1110 1722 1249 1797; x_wconf 85' lang='lat' dir='ltr'><strong>quaedam</strong></span> 
     </span>
     <span class='ocr_line' id='line_1_15' title="bbox 257 1802 1272 1881; baseline 0.004 -22"><span class='ocrx_word' id='word_1_98' title='bbox 257 1810 284 1860; x_wconf 91' lang='lat' dir='ltr'><strong>et</strong></span> <span class='ocrx_word' id='word_1_99' title='bbox 306 1819 451 1861; x_wconf 84' lang='lat' dir='ltr'><strong>exornare</strong></span> <span class='ocrx_word' id='word_1_100' title='bbox 477 1802 559 1861; x_wconf 90' lang='lat' dir='ltr'><strong>salvo</strong></span> <span class='ocrx_word' id='word_1_101' title='bbox 585 1803 671 1862; x_wconf 91' lang='lat' dir='ltr'><strong>modo</strong></span> <span class='ocrx_word' id='word_1_102' title='bbox 696 1813 802 1881; x_wconf 89' lang='lat' dir='ltr'><strong>poetae</strong></span> <span class='ocrx_word' id='word_1_103' title='bbox 827 1821 914 1862; x_wconf 91' lang='lat' dir='ltr'><strong>sensu</strong></span> <span class='ocrx_word' id='word_1_104' title='bbox 940 1805 1121 1881; x_wconf 90' lang='lat' dir='ltr'><strong>permittitur.</strong></span> <span class='ocrx_word' id='word_1_105' title='bbox 1164 1804 1272 1877; x_wconf 82' lang='lat' dir='ltr'><strong>Quod3</strong></span> 
     </span>
     <span class='ocr_line' id='line_1_16' title="bbox 257 1887 1248 1965; baseline 0.003 -22"><span class='ocrx_word' id='word_1_106' title='bbox 257 1901 327 1963; x_wconf 92' lang='lat' dir='ltr'><strong>opus</strong></span> <span class='ocrx_word' id='word_1_107' title='bbox 343 1887 430 1944; x_wconf 91' lang='lat' dir='ltr'><strong>etiam</strong></span> <span class='ocrx_word' id='word_1_108' title='bbox 447 1889 649 1945; x_wconf 91' lang='lat' dir='ltr'><strong>consummatis</strong></span> <span class='ocrx_word' id='word_1_109' title='bbox 666 1887 883 1965; x_wconf 78' lang='lat' dir='ltr'><strong>professoribus</strong></span> <span class='ocrx_word' id='word_1_110' title='bbox 899 1887 1018 1946; x_wconf 85' lang='lat' dir='ltr'><strong>difficile</strong></span> <span class='ocrx_word' id='word_1_111' title='bbox 1034 1890 1082 1964; x_wconf 92' lang='lat' dir='ltr'><strong>qui</strong></span> <span class='ocrx_word' id='word_1_112' title='bbox 1098 1889 1248 1948; x_wconf 90' lang='lat' dir='ltr'><strong>commode</strong></span> 
     </span>
     <span class='ocr_line' id='line_1_17' title="bbox 256 1971 1246 2050; baseline 0.004 -23"><span class='ocrx_word' id='word_1_113' title='bbox 256 1971 438 2044; x_wconf 81' lang='lat' dir='ltr'><strong>tractaverit,</strong></span> <span class='ocrx_word' id='word_1_114' title='bbox 457 1973 617 2047; x_wconf 89' lang='lat' dir='ltr'><strong>cuicunque</strong></span> <span class='ocrx_word' id='word_1_115' title='bbox 633 1971 771 2031; x_wconf 90' lang='lat' dir='ltr'><strong>discendo</strong></span> <span class='ocrx_word' id='word_1_116' title='bbox 787 1971 922 2030; x_wconf 84' lang='lat' dir='ltr'><strong>sufficiet.</strong></span> <span class='ocrx_word' id='word_1_117' title='bbox 948 1973 1114 2031; x_wconf 89' lang='lat' dir='ltr'><strong>Sententiae</strong></span> <span class='ocrx_word' id='word_1_118' title='bbox 1131 1990 1246 2050; x_wconf 91' lang='lat' dir='ltr'><strong>quoque</strong></span> 
     </span>
     <span class='ocr_line' id='line_1_18' title="bbox 256 2052 1248 2133; baseline 0.004 -21"><span class='ocrx_word' id='word_1_119' title='bbox 256 2062 282 2113; x_wconf 93' lang='lat' dir='ltr'><strong>et</strong></span> <span class='ocrx_word' id='word_1_120' title='bbox 305 2052 405 2113; x_wconf 90' lang='lat' dir='ltr'><strong>chriae</strong></span> <span class='ocrx_word' id='word_1_121' title='bbox 428 2062 457 2111; x_wconf 92' lang='lat' dir='ltr'><strong>et</strong></span> <span class='ocrx_word' id='word_1_122' title='bbox 479 2054 646 2130; x_wconf 84' lang='lat' dir='ltr'><strong>ethologiae</strong></span> <span class='ocrx_word' id='word_1_123' title='bbox 669 2054 807 2114; x_wconf 90' lang='lat' dir='ltr'><strong>subiectis</strong></span> <span class='ocrx_word' id='word_1_124' title='bbox 829 2056 970 2114; x_wconf 90' lang='lat' dir='ltr'><strong>dictorum</strong></span> <span class='ocrx_word' id='word_1_125' title='bbox 992 2055 1150 2114; x_wconf 90' lang='lat' dir='ltr'><strong>rationibus</strong></span> <span class='ocrx_word' id='word_1_126' title='bbox 1173 2058 1248 2133; x_wconf 88' lang='lat' dir='ltr'><strong>apud</strong></span> 
     </span>
     <span class='ocr_line' id='line_1_19' title="bbox 255 2138 1246 2215; baseline 0.002 -19"><span class='ocrx_word' id='word_1_127' title='bbox 255 2139 458 2214; x_wconf 86' lang='lat' dir='ltr'><strong>grammaticos</strong></span> <span class='ocrx_word' id='word_1_128' title='bbox 481 2138 658 2212; x_wconf 84' lang='lat' dir='ltr'><strong>scribantur,</strong></span> <span class='ocrx_word' id='word_1_129' title='bbox 689 2141 754 2215; x_wconf 90' lang='lat' dir='ltr'><strong>quia</strong></span> <span class='ocrx_word' id='word_1_130' title='bbox 779 2141 887 2197; x_wconf 91' lang='lat' dir='ltr'><strong>initium</strong></span> <span class='ocrx_word' id='word_1_131' title='bbox 913 2157 950 2197; x_wconf 85' lang='lat' dir='ltr'><strong>ex</strong></span> <span class='ocrx_word' id='word_1_132' title='bbox 978 2138 1104 2197; x_wconf 85' lang='lat' dir='ltr'><strong>lectione</strong></span> <span class='ocrx_word' id='word_1_133' title='bbox 1127 2140 1246 2206; x_wconf 91' lang='lat' dir='ltr'><strong>ducunt;</strong></span> 
     </span>
     <span class='ocr_line' id='line_1_20' title="bbox 255 2222 1247 2299; baseline 0 -20"><span class='ocrx_word' id='word_1_134' title='bbox 255 2239 374 2298; x_wconf 93' lang='lat' dir='ltr'><strong>quorum</strong></span> <span class='ocrx_word' id='word_1_135' title='bbox 394 2223 515 2281; x_wconf 89' lang='lat' dir='ltr'><strong>omnium</strong></span> <span class='ocrx_word' id='word_1_136' title='bbox 534 2222 635 2280; x_wconf 93' lang='lat' dir='ltr'><strong>similis</strong></span> <span class='ocrx_word' id='word_1_137' title='bbox 655 2231 699 2281; x_wconf 91' lang='lat' dir='ltr'><strong>est</strong></span> <span class='ocrx_word' id='word_1_138' title='bbox 717 2224 807 2296; x_wconf 90' lang='lat' dir='ltr'><strong>ratio,</strong></span> <span class='ocrx_word' id='word_1_139' title='bbox 831 2222 922 2280; x_wconf 92' lang='lat' dir='ltr'><strong>iorma</strong></span> <span class='ocrx_word' id='word_1_140' title='bbox 942 2222 1074 2298; x_wconf 89' lang='lat' dir='ltr'><strong>diversa,</strong></span> <span class='ocrx_word' id='word_1_141' title='bbox 1096 2225 1161 2299; x_wconf 90' lang='lat' dir='ltr'><strong>quia</strong></span> <span class='ocrx_word' id='word_1_142' title='bbox 1183 2241 1247 2280; x_wconf 88' lang='lat' dir='ltr'><strong>sen·</strong></span> 
     </span>
     <span class='ocr_line' id='line_1_21' title="bbox 253 2306 1245 2383; baseline 0.001 -20"><span class='ocrx_word' id='word_1_143' title='bbox 253 2307 341 2364; x_wconf 91' lang='lat' dir='ltr'><strong>tentia</strong></span> <span class='ocrx_word' id='word_1_144' title='bbox 363 2306 534 2365; x_wconf 92' lang='lat' dir='ltr'><strong>universalis</strong></span> <span class='ocrx_word' id='word_1_145' title='bbox 561 2315 605 2364; x_wconf 92' lang='lat' dir='ltr'><strong>est</strong></span> <span class='ocrx_word' id='word_1_146' title='bbox 629 2323 704 2381; x_wconf 87' lang='lat' dir='ltr'><strong>vox,</strong></span> <span class='ocrx_word' id='word_1_147' title='bbox 738 2306 887 2382; x_wconf 91' lang='lat' dir='ltr'><strong>ethologia</strong></span> <span class='ocrx_word' id='word_1_148' title='bbox 914 2307 1048 2383; x_wconf 88' lang='lat' dir='ltr'><strong>personis</strong></span> <span class='ocrx_word' id='word_1_149' title='bbox 1075 2309 1245 2365; x_wconf 89' lang='lat' dir='ltr'><strong>continetur.</strong></span> 
     </span>
     <span class='ocr_line' id='line_1_22' title="bbox 254 2387 1271 2467; baseline 0.004 -19"><span class='ocrx_word' id='word_1_150' title='bbox 254 2387 403 2448; x_wconf 78' lang='lat' dir='ltr'><strong>chriarum</strong></span> <span class='ocrx_word' id='word_1_151' title='bbox 424 2390 507 2467; x_wconf 90' lang='lat' dir='ltr'><strong>plura</strong></span> <span class='ocrx_word' id='word_1_152' title='bbox 528 2407 638 2466; x_wconf 91' lang='lat' dir='ltr'><strong>genera</strong></span> <span class='ocrx_word' id='word_1_153' title='bbox 660 2391 824 2450; x_wconf 89' lang='lat' dir='ltr'><strong>traduntur:</strong></span> <span class='ocrx_word' id='word_1_154' title='bbox 851 2408 936 2448; x_wconf 90' lang='lat' dir='ltr'><strong>unum</strong></span> <span class='ocrx_word' id='word_1_155' title='bbox 959 2389 1052 2448; x_wconf 91' lang='lat' dir='ltr'><strong>simile</strong></span> <span class='ocrx_word' id='word_1_156' title='bbox 1074 2392 1271 2465; x_wconf 77' lang='lat' dir='ltr'><strong>sententiae,4</strong></span> 
     </span>
    </p>
   </div>
   <div class='ocr_carea' id='block_1_5' title="bbox 254 2472 1359 2555">
    <p class='ocr_par' dir='ltr' id='par_1_5' title="bbox 254 2472 1359 2555">
     <span class='ocr_line' id='line_1_23' title="bbox 254 2472 1359 2555; baseline 0.005 -24"><span class='ocrx_word' id='word_1_157' title='bbox 254 2473 330 2550; x_wconf 88' lang='lat' dir='ltr'><strong>quod</strong></span> <span class='ocrx_word' id='word_1_158' title='bbox 352 2483 397 2532; x_wconf 94' lang='lat' dir='ltr'><strong>est</strong></span> <span class='ocrx_word' id='word_1_159' title='bbox 414 2476 538 2551; x_wconf 91' lang='lat' dir='ltr'><strong>positum</strong></span> <span class='ocrx_word' id='word_1_160' title='bbox 556 2475 584 2533; x_wconf 95' lang='lat' dir='ltr'><strong>in</strong></span> <span class='ocrx_word' id='word_1_161' title='bbox 599 2492 675 2533; x_wconf 89' lang='lat' dir='ltr'><strong>voce</strong></span> <span class='ocrx_word' id='word_1_162' title='bbox 690 2475 830 2554; x_wconf 86' lang='lat' dir='ltr'><strong>simplici,</strong></span> <span class='ocrx_word' id='word_1_163' title='bbox 852 2472 939 2534; x_wconf 81' lang='lat' dir='ltr'><strong>Dicit</strong></span> <span class='ocrx_word' id='word_1_164' title='bbox 956 2475 1024 2550; x_wconf 79' lang='lat' dir='ltr'><strong>itte,</strong></span> <span class='ocrx_word' id='word_1_165' title='bbox 1048 2482 1112 2550; x_wconf 89' lang='lat' dir='ltr'><strong>aut,</strong></span> <span class='ocrx_word' id='word_1_166' title='bbox 1134 2473 1247 2536; x_wconf 82' lang='lat' dir='ltr'><strong>Dicere</strong></span> <span class='ocrx_word' id='word_1_167' title='bbox 1355 2543 1359 2555; x_wconf 87' lang='lat'><em>.</em></span> 
     </span>
    </p>
   </div>
   <div class='ocr_carea' id='block_1_6' title="bbox 251 2557 1271 3710">
    <p class='ocr_par' dir='ltr' id='par_1_6' title="bbox 251 2557 1271 3710">
     <span class='ocr_line' id='line_1_24' title="bbox 252 2557 1249 2638; baseline 0.003 -21"><span class='ocrx_word' id='word_1_168' title='bbox 252 2557 389 2624; x_wconf 72' lang='lat' dir='ltr'><strong>solebam,-</strong></span> <span class='ocrx_word' id='word_1_169' title='bbox 416 2558 551 2632; x_wconf 92' lang='lat' dir='ltr'><strong>alterum,</strong></span> <span class='ocrx_word' id='word_1_170' title='bbox 576 2559 652 2635; x_wconf 90' lang='lat' dir='ltr'><strong>quod</strong></span> <span class='ocrx_word' id='word_1_171' title='bbox 675 2569 720 2618; x_wconf 91' lang='lat' dir='ltr'><strong>est</strong></span> <span class='ocrx_word' id='word_1_172' title='bbox 741 2562 770 2619; x_wconf 93' lang='lat' dir='ltr'><strong>in</strong></span> <span class='ocrx_word' id='word_1_173' title='bbox 791 2558 1013 2638; x_wconf 86' lang='lat' dir='ltr'><strong>respondendo,</strong></span> <span class='ocrx_word' id='word_1_174' title='bbox 1036 2557 1249 2637; x_wconf 78' lang='lat' dir='ltr'><strong>Interrogatus</strong></span> 
     </span>
     <span class='ocr_line' id='line_1_25' title="bbox 251 2641 1248 2721; baseline 0 -19"><span class='ocrx_word' id='word_1_175' title='bbox 251 2643 318 2716; x_wconf 82' lang='lat' dir='ltr'><strong>iile,</strong></span> <span class='ocrx_word' id='word_1_176' title='bbox 334 2641 396 2715; x_wconf 88' lang='lat' dir='ltr'><strong>rel,</strong></span> <span class='ocrx_word' id='word_1_177' title='bbox 414 2662 483 2702; x_wconf 85' lang='lat' dir='ltr'><strong>cum</strong></span> <span class='ocrx_word' id='word_1_178' title='bbox 497 2643 554 2702; x_wconf 86' lang='lat' dir='ltr'><strong>hoc</strong></span> <span class='ocrx_word' id='word_1_179' title='bbox 570 2644 599 2702; x_wconf 85' lang='lat' dir='ltr'><strong>ei</strong></span> <span class='ocrx_word' id='word_1_180' title='bbox 613 2643 727 2704; x_wconf 73' lang='lat' dir='ltr'><strong>dictum,</strong></span> <span class='ocrx_word' id='word_1_181' title='bbox 743 2652 838 2719; x_wconf 81' lang='lat' dir='ltr'><strong>esset,</strong></span> <span class='ocrx_word' id='word_1_182' title='bbox 855 2645 1033 2721; x_wconf 71' lang='lat' dir='ltr'><strong>responditr</strong></span> <span class='ocrx_word' id='word_1_183' title='bbox 1054 2645 1168 2702; x_wconf 90' lang='lat' dir='ltr'><strong>tertium</strong></span> <span class='ocrx_word' id='word_1_184' title='bbox 1182 2644 1248 2702; x_wconf 90' lang='lat' dir='ltr'><strong>huic</strong></span> 
     </span>
     <span class='ocr_line' id='line_1_26' title="bbox 252 2725 1271 2806; baseline 0.001 -22"><span class='ocrx_word' id='word_1_185' title='bbox 252 2744 307 2784; x_wconf 90' lang='lat' dir='ltr'><strong>uon</strong></span> <span class='ocrx_word' id='word_1_186' title='bbox 322 2725 471 2800; x_wconf 73' lang='lat' dir='ltr'><strong>dissimile,</strong></span> <span class='ocrx_word' id='word_1_187' title='bbox 487 2745 554 2786; x_wconf 84' lang='lat' dir='ltr'><strong>cum</strong></span> <span class='ocrx_word' id='word_1_188' title='bbox 570 2728 638 2804; x_wconf 76' lang='lat' dir='ltr'><strong>quis</strong></span> <span class='ocrx_word' id='word_1_189' title='bbox 649 2729 778 2790; x_wconf 71' lang='lat' dir='ltr'><strong>dimi-sset</strong></span> <span class='ocrx_word' id='word_1_190' title='bbox 789 2730 925 2806; x_wconf 82' lang='lat' dir='ltr'><strong>aliquid:</strong></span> <span class='ocrx_word' id='word_1_191' title='bbox 938 2729 988 2788; x_wconf 85' lang='lat' dir='ltr'><strong>cel</strong></span> <span class='ocrx_word' id='word_1_192' title='bbox 998 2728 1131 2806; x_wconf 74' lang='lat' dir='ltr'><strong>fecisset.</strong></span> <span class='ocrx_word' id='word_1_193' title='bbox 1155 2727 1271 2793; x_wconf 77' lang='lat' dir='ltr'><strong>Etiam5</strong></span> 
     </span>
     <span class='ocr_line' id='line_1_27' title="bbox 251 2809 1246 2890; baseline 0.003 -22"><span class='ocrx_word' id='word_1_194' title='bbox 251 2812 277 2869; x_wconf 94' lang='lat' dir='ltr'><strong>in</strong></span> <span class='ocrx_word' id='word_1_195' title='bbox 300 2811 430 2886; x_wconf 88' lang='lat' dir='ltr'><strong>ipsorum</strong></span> <span class='ocrx_word' id='word_1_196' title='bbox 452 2811 537 2869; x_wconf 89' lang='lat' dir='ltr'><strong>iactis</strong></span> <span class='ocrx_word' id='word_1_197' title='bbox 560 2829 626 2870; x_wconf 88' lang='lat' dir='ltr'><strong>esse</strong></span> <span class='ocrx_word' id='word_1_198' title='bbox 650 2810 757 2871; x_wconf 91' lang='lat' dir='ltr'><strong>chriam</strong></span> <span class='ocrx_word' id='word_1_199' title='bbox 779 2821 894 2890; x_wconf 90' lang='lat' dir='ltr'><strong>putant,</strong></span> <span class='ocrx_word' id='word_1_200' title='bbox 917 2821 948 2872; x_wconf 91' lang='lat' dir='ltr'><strong>ut</strong></span> <span class='ocrx_word' id='word_1_201' title='bbox 971 2809 1094 2884; x_wconf 76' lang='lat' dir='ltr'><strong>Crates,</strong></span> <span class='ocrx_word' id='word_1_202' title='bbox 1117 2831 1185 2872; x_wconf 83' lang='lat' dir='ltr'><strong>eom</strong></span> <span class='ocrx_word' id='word_1_203' title='bbox 1202 2815 1246 2872; x_wconf 83' lang='lat' dir='ltr'><strong>in·</strong></span> 
     </span>
     <span class='ocr_line' id='line_1_28' title="bbox 252 2895 1247 2976; baseline 0 -22"><span class='ocrx_word' id='word_1_204' title='bbox 252 2895 373 2954; x_wconf 75' lang='lat' dir='ltr'><strong>coctum</strong></span> <span class='ocrx_word' id='word_1_205' title='bbox 393 2912 523 2971; x_wconf 83' lang='lat' dir='ltr'><strong>puerum</strong></span> <span class='ocrx_word' id='word_1_206' title='bbox 540 2896 680 2970; x_wconf 79' lang='lat' dir='ltr'><strong>vidisset,</strong></span> <span class='ocrx_word' id='word_1_207' title='bbox 699 2898 917 2976; x_wconf 72' lang='lat' dir='ltr'><strong>poedagogum</strong></span> <span class='ocrx_word' id='word_1_208' title='bbox 938 2898 1004 2958; x_wconf 64' lang='lat' dir='ltr'><strong>mtto</strong></span> <span class='ocrx_word' id='word_1_209' title='bbox 1023 2897 1177 2975; x_wconf 75' lang='lat' dir='ltr'><strong>percussit</strong></span> <span class='ocrx_word' id='word_1_210' title='bbox 1184 2919 1197 2963; x_wconf 88' lang='lat'><strong>‚·</strong></span> <span class='ocrx_word' id='word_1_211' title='bbox 1219 2905 1247 2954; x_wconf 93' lang='lat' dir='ltr'><strong>et</strong></span> 
     </span>
     <span class='ocr_line' id='line_1_29' title="bbox 252 2977 1247 3060; baseline 0 -23"><span class='ocrx_word' id='word_1_212' title='bbox 252 2977 328 3038; x_wconf 92' lang='lat' dir='ltr'><strong>aliud</strong></span> <span class='ocrx_word' id='word_1_213' title='bbox 352 2996 446 3055; x_wconf 91' lang='lat' dir='ltr'><strong>paene</strong></span> <span class='ocrx_word' id='word_1_214' title='bbox 469 2997 522 3056; x_wconf 93' lang='lat' dir='ltr'><strong>par</strong></span> <span class='ocrx_word' id='word_1_215' title='bbox 547 2981 589 3055; x_wconf 90' lang='lat' dir='ltr'><strong>ei,</strong></span> <span class='ocrx_word' id='word_1_216' title='bbox 613 2982 689 3056; x_wconf 94' lang='lat' dir='ltr'><strong>quod</strong></span> <span class='ocrx_word' id='word_1_217' title='bbox 714 2989 809 3040; x_wconf 90' lang='lat' dir='ltr'><strong>tamen</strong></span> <span class='ocrx_word' id='word_1_218' title='bbox 831 2983 934 3059; x_wconf 89' lang='lat' dir='ltr'><strong>eodem</strong></span> <span class='ocrx_word' id='word_1_219' title='bbox 958 2984 1072 3040; x_wconf 92' lang='lat' dir='ltr'><strong>nomine</strong></span> <span class='ocrx_word' id='word_1_220' title='bbox 1095 2979 1247 3060; x_wconf 87' lang='lat' dir='ltr'><strong>appellare</strong></span> 
     </span>
     <span class='ocr_line' id='line_1_30' title="bbox 251 3062 1246 3145; baseline 0.001 -24"><span class='ocrx_word' id='word_1_221' title='bbox 251 3080 308 3121; x_wconf 90' lang='lat' dir='ltr'><strong>uon</strong></span> <span class='ocrx_word' id='word_1_222' title='bbox 335 3062 441 3121; x_wconf 91' lang='lat' dir='ltr'><strong>audent</strong></span> <span class='ocrx_word' id='word_1_223' title='bbox 471 3064 523 3122; x_wconf 90' lang='lat' dir='ltr'><strong>sed</strong></span> <span class='ocrx_word' id='word_1_224' title='bbox 543 3063 639 3121; x_wconf 90' lang='lat' dir='ltr'><strong>dicunt</strong></span> <span class='ocrx_word' id='word_1_225' title='bbox 668 3065 814 3145; x_wconf 74' lang='grc' dir='ltr'><strong><em>χρειῶδες,</em></strong></span> <span class='ocrx_word' id='word_1_226' title='bbox 844 3063 984 3141; x_wconf 76' lang='lat' dir='ltr'><strong>utilite,</strong></span> <span class='ocrx_word' id='word_1_227' title='bbox 1013 3081 1101 3144; x_wconf 82' lang='lat' dir='ltr'><strong>qoem</strong></span> <span class='ocrx_word' id='word_1_228' title='bbox 1122 3065 1246 3126; x_wconf 79' lang='lat' dir='ltr'><strong>citatum</strong></span> 
     </span>
     <span class='ocr_line' id='line_1_31' title="bbox 251 3147 1245 3226; baseline 0.003 -20"><span class='ocrx_word' id='word_1_229' title='bbox 251 3155 431 3207; x_wconf 80' lang='lat' dir='ltr'><strong>assueverat</strong></span> <span class='ocrx_word' id='word_1_230' title='bbox 449 3147 550 3224; x_wconf 78' lang='lat' dir='ltr'><strong>serre,</strong></span> <span class='ocrx_word' id='word_1_231' title='bbox 573 3155 694 3208; x_wconf 73' lang='lat' dir='ltr'><strong>tuomum</strong></span> <span class='ocrx_word' id='word_1_232' title='bbox 710 3149 840 3226; x_wconf 76' lang='lat' dir='ltr'><strong>ferebat.</strong></span> <span class='ocrx_word' id='word_1_233' title='bbox 873 3149 905 3208; x_wconf 94' lang='lat' dir='ltr'><strong>ln</strong></span> <span class='ocrx_word' id='word_1_234' title='bbox 926 3149 970 3208; x_wconf 91' lang='lat' dir='ltr'><strong>his</strong></span> <span class='ocrx_word' id='word_1_235' title='bbox 993 3148 1122 3208; x_wconf 90' lang='lat' dir='ltr'><strong>omnibus</strong></span> <span class='ocrx_word' id='word_1_236' title='bbox 1147 3158 1176 3208; x_wconf 91' lang='lat' dir='ltr'><strong>et</strong></span> <span class='ocrx_word' id='word_1_237' title='bbox 1197 3150 1245 3209; x_wconf 92' lang='lat' dir='ltr'><strong>de·</strong></span> 
     </span>
     <span class='ocr_line' id='line_1_32' title="bbox 252 3229 1247 3310; baseline 0.005 -22"><span class='ocrx_word' id='word_1_238' title='bbox 252 3229 367 3288; x_wconf 89' lang='lat' dir='ltr'><strong>clinatio</strong></span> <span class='ocrx_word' id='word_1_239' title='bbox 391 3247 444 3307; x_wconf 91' lang='lat' dir='ltr'><strong>per</strong></span> <span class='ocrx_word' id='word_1_240' title='bbox 466 3232 585 3290; x_wconf 90' lang='lat' dir='ltr'><strong>eosdem</strong></span> <span class='ocrx_word' id='word_1_241' title='bbox 608 3232 719 3290; x_wconf 90' lang='lat' dir='ltr'><strong>ducitur</strong></span> <span class='ocrx_word' id='word_1_242' title='bbox 741 3250 843 3307; x_wconf 89' lang='lat' dir='ltr'><strong>casus,</strong></span> <span class='ocrx_word' id='word_1_243' title='bbox 870 3241 977 3292; x_wconf 92' lang='lat' dir='ltr'><strong>ettam</strong></span> <span class='ocrx_word' id='word_1_244' title='bbox 999 3234 1140 3293; x_wconf 86' lang='lat' dir='ltr'><strong>factorum</strong></span> <span class='ocrx_word' id='word_1_245' title='bbox 1163 3251 1247 3310; x_wconf 92' lang='lat' dir='ltr'><strong>quam</strong></span> 
     </span>
     <span class='ocr_line' id='line_1_33' title="bbox 251 3313 1270 3394; baseline 0.006 -23"><span class='ocrx_word' id='word_1_246' title='bbox 251 3313 393 3372; x_wconf 89' lang='lat' dir='ltr'><strong>dictorum</strong></span> <span class='ocrx_word' id='word_1_247' title='bbox 416 3318 489 3374; x_wconf 90' lang='lat' dir='ltr'><strong>ratio</strong></span> <span class='ocrx_word' id='word_1_248' title='bbox 513 3324 567 3374; x_wconf 90' lang='lat' dir='ltr'><strong>est.</strong></span> <span class='ocrx_word' id='word_1_249' title='bbox 599 3314 833 3376; x_wconf 90' lang='lat' dir='ltr'><strong>Narratiunculas</strong></span> <span class='ocrx_word' id='word_1_250' title='bbox 857 3319 987 3394; x_wconf 90' lang='lat' dir='ltr'><strong>apoetis</strong></span> <span class='ocrx_word' id='word_1_251' title='bbox 1010 3314 1173 3376; x_wconf 88' lang='lat' dir='ltr'><strong>celebratas</strong></span> <span class='ocrx_word' id='word_1_252' title='bbox 1194 3337 1270 3390; x_wconf 67' lang='lat' dir='ltr'><strong>noe</strong></span> 
     </span>
     <span class='ocr_line' id='line_1_34' title="bbox 251 3398 1244 3478; baseline 0.007 -23"><span class='ocrx_word' id='word_1_253' title='bbox 251 3399 436 3457; x_wconf 75' lang='lat' dir='ltr'><strong>titiae&#39;eausa</strong></span> <span class='ocrx_word' id='word_1_254' title='bbox 456 3417 513 3457; x_wconf 94' lang='lat' dir='ltr'><strong>non</strong></span> <span class='ocrx_word' id='word_1_255' title='bbox 529 3398 714 3476; x_wconf 89' lang='lat' dir='ltr'><strong>eloquentiae</strong></span> <span class='ocrx_word' id='word_1_256' title='bbox 737 3401 900 3459; x_wconf 89' lang='lat' dir='ltr'><strong>tractandas</strong></span> <span class='ocrx_word' id='word_1_257' title='bbox 921 3408 1001 3478; x_wconf 92' lang='lat' dir='ltr'><strong>puto.</strong></span> <span class='ocrx_word' id='word_1_258' title='bbox 1031 3399 1137 3460; x_wconf 82' lang='lat' dir='ltr'><strong>Cetera</strong></span> <span class='ocrx_word' id='word_1_259' title='bbox 1156 3405 1244 3462; x_wconf 91' lang='lat' dir='ltr'><strong>maio-</strong></span> 
     </span>
     <span class='ocr_line' id='line_1_35' title="bbox 251 3482 1246 3561; baseline 0.007 -23"><span class='ocrx_word' id='word_1_260' title='bbox 251 3484 289 3539; x_wconf 91' lang='lat' dir='ltr'><strong>ris</strong></span> <span class='ocrx_word' id='word_1_261' title='bbox 307 3483 406 3559; x_wconf 90' lang='lat' dir='ltr'><strong>operis</strong></span> <span class='ocrx_word' id='word_1_262' title='bbox 425 3501 459 3542; x_wconf 92' lang='lat' dir='ltr'><strong>ac</strong></span> <span class='ocrx_word' id='word_1_263' title='bbox 477 3485 593 3561; x_wconf 89' lang='lat' dir='ltr'><strong>spiritus</strong></span> <span class='ocrx_word' id='word_1_264' title='bbox 609 3482 699 3542; x_wconf 78' lang='lat' dir='ltr'><strong>latini</strong></span> <span class='ocrx_word' id='word_1_265' title='bbox 716 3483 850 3542; x_wconf 90' lang='lat' dir='ltr'><strong>rhetores</strong></span> <span class='ocrx_word' id='word_1_266' title='bbox 869 3483 1058 3560; x_wconf 89' lang='lat' dir='ltr'><strong>relinquendo</strong></span> <span class='ocrx_word' id='word_1_267' title='bbox 1078 3489 1246 3545; x_wconf 91' lang='lat' dir='ltr'><strong>necessaria</strong></span> 
     </span>
     <span class='ocr_line' id='line_1_36' title="bbox 251 3565 1245 3646; baseline 0.004 -22"><span class='ocrx_word' id='word_1_268' title='bbox 251 3566 444 3639; x_wconf 88' lang='lat' dir='ltr'><strong>grammaticis</strong></span> <span class='ocrx_word' id='word_1_269' title='bbox 459 3567 605 3634; x_wconf 87' lang='lat' dir='ltr'><strong>iecerunt;</strong></span> <span class='ocrx_word' id='word_1_270' title='bbox 622 3565 725 3626; x_wconf 85' lang='lat' dir='ltr'><strong>Graeci</strong></span> <span class='ocrx_word' id='word_1_271' title='bbox 739 3570 830 3644; x_wconf 91' lang='lat' dir='ltr'><strong>magis</strong></span> <span class='ocrx_word' id='word_1_272' title='bbox 846 3584 966 3646; x_wconf 91' lang='lat' dir='ltr'><strong>operum</strong></span> <span class='ocrx_word' id='word_1_273' title='bbox 981 3586 1098 3629; x_wconf 90' lang='lat' dir='ltr'><strong>suorum</strong></span> <span class='ocrx_word' id='word_1_274' title='bbox 1114 3579 1143 3629; x_wconf 91' lang='lat' dir='ltr'><strong>et</strong></span> <span class='ocrx_word' id='word_1_275' title='bbox 1158 3587 1245 3629; x_wconf 90' lang='lat' dir='ltr'><strong>onera</strong></span> 
     </span>
     <span class='ocr_line' id='line_1_37' title="bbox 252 3649 550 3710; baseline 0.007 -4"><span class='ocrx_word' id='word_1_276' title='bbox 252 3658 280 3707; x_wconf 90' lang='lat' dir='ltr'><strong>et</strong></span> <span class='ocrx_word' id='word_1_277' title='bbox 301 3649 417 3708; x_wconf 91' lang='lat' dir='ltr'><strong>modum</strong></span> <span class='ocrx_word' id='word_1_278' title='bbox 438 3659 550 3710; x_wconf 90' lang='lat' dir='ltr'><strong>norunt.</strong></span> 
     </span>
    </p>
   </div>
   <div class='ocr_carea' id='block_1_7' title="bbox 0 0 1596 4409">
    <p class='ocr_par' dir='ltr' id='par_1_7' title="bbox 0 0 1596 4409">
     <span class='ocr_line' id='line_1_38' title="bbox 0 0 1596 4409; baseline 0 4"><span class='ocrx_word' id='word_1_279' title='bbox 0 0 1596 4409; x_wconf 95' lang='lat' dir='ltr'><strong> </strong></span> 
     </span>
    </p>
   </div>
  </div>
 </body>
</html>
