3184 4409
331 461 388 522 178
649 470 1009 532 nmraoummmam

326 637 404 703 tare,
429 644 484 704 quo
504 626 568 685 solo
585 645 694 702 genere
713 627 929 685 exercitationis
944 625 1046 685 dicitur
1061 644 1136 686 usus
1154 644 1227 687 esse
1246 629 1319 708 Sulpi

327 715 399 771 eius.
429 710 499 768 Nam
517 720 545 769 et
561 710 688 770 sublimis
705 712 820 789 spiritus
837 708 973 769 attollere
987 711 1157 770 orationem
1176 721 1327 791 potest,et

326 793 415 855 verba
430 796 545 872 poetica
562 794 695 854 libertate
712 795 867 853 audaciora
878 809 935 852 non
947 804 1140 871 praesumunt
1153 795 1263 856 eadem
1274 814 1325 874 pro

327 880 390 958 prie
406 874 518 938 dicendi
538 878 713 937 facultatem.
743 878 801 937 Sed
818 886 847 936 et
861 878 932 955 ipsis
943 879 1094 937 sententiis
1112 879 1255 940 adiicere
1270 881 1323 940 licet

327 964 482 1022 oratorium
508 961 596 1021 robur
623 970 651 1020 et
678 964 784 1021 omissa
811 960 967 1039 supplere,
997 961 1089 1021 effusa
1116 958 1322 1042 subsrlhgere

297 1046 426 1124 5Neque
456 1065 512 1122 ego
533 1045 730 1124 paraphrasim
752 1063 819 1104 esse
844 1046 1114 1122 interpretationem
1138 1056 1255 1107 tantum
1269 1046 1346 1107 volo'

325 1131 377 1190 sed
389 1133 466 1190 circa
483 1129 601 1189 eosdem
612 1148 714 1188 sensus
730 1138 877 1189 certamen
888 1137 975 1207 atque
987 1129 1230 1192 aemulationem.
1255 1132 1321 1192 Ideo

326 1233 382 1292 qne
398 1214 433 1274 ab
450 1213 507 1272 illis
525 1214 679 1287 dissentio,
702 1215 750 1291 qui
771 1223 888 1273 vertere
913 1213 1061 1272 orationes
1079 1212 1205 1276 Latinas
1226 1224 1321 1287 vetant

326 1299 390 1376 quia
413 1299 527 1375 optimis
552 1299 718 1375 occupatis,
743 1296 879 1375 quidquid
899 1296 984 1356 aliter
1007 1296 1190 1374 dixerimus,
1209 1317 1321 1360 necesse

324 1385 360 1440 sit
376 1401 442 1448 esse
458 1382 595 1441 deterius.
628 1381 699 1440 Nam
715 1399 809 1458 neque
832 1398 947 1459 semper
962 1389 1008 1440 est
1021 1381 1263 1460 desperandum,
1285 1383 1320 1443 ali

325 1466 392 1545 quid
409 1466 477 1540 illis,
495 1483 568 1543 quae
584 1465 659 1525 dicta
677 1475 751 1540 sunt,
764 1464 866 1523 melius
881 1481 970 1542 posse
986 1467 1123 1542 reperiri;
1144 1485 1247 1546 neque
1262 1467 1319 1527 adeo

324 1552 445 1608 ieiunam
459 1567 492 1608 ae
508 1567 666 1627 pauperem
680 1559 779 1608 natura
794 1549 987 1627 eloquentiam
1010 1549 1097 1623 lecit,
1123 1559 1157 1610 ut
1174 1567 1233 1611 una
1250 1551 1285 1611 de
1297 1567 1318 1608 re

297 1633 399 1695 fibene
415 1633 471 1692 dici
487 1635 541 1691 nisi
561 1633 652 1692 semel
669 1651 726 1692 non
742 1634 845 1711 possit.
887 1631 949 1692 Nisi
963 1634 1039 1693 iorte
1051 1632 1232 1694 histrionum
1246 1634 1318 1694 multa

324 1719 401 1776 circa
417 1734 508 1776 voces
525 1717 641 1776 easdem
656 1720 769 1776 variare
783 1726 884 1793 gestus
907 1725 1020 1794 potest,
1044 1716 1150 1776 orandi
1166 1720 1315 1788 minervis,

326 1809 355 1858 ut
370 1800 481 1859 dicatur
498 1800 620 1878 aliquid,
639 1811 706 1879 post
722 1802 799 1878 quod
820 1803 848 1859 in
868 1799 969 1859 eadem
991 1802 1111 1860 materia
1134 1802 1211 1862 nihil
1232 1803 1316 1863 dieen-

325 1883 388 1942 dum
404 1886 449 1942 sit.
483 1885 541 1944 Sed
557 1894 631 1959 esto,
651 1904 745 1963 neque
761 1885 863 1943 melius
880 1884 957 1962 quod
970 1886 1130 1943 invenimus
1150 1905 1223 1946 esse
1236 1901 1315 1964 neque

296 1976 390 2046 ipar:
408 1977 452 2027 est
468 1979 548 2028 certe
565 1971 702 2047 proximis
719 1970 811 2029 locus
851 1967 897 2026 An
911 1985 982 2029 vero
1000 1969 1055 2046 ipsi
1070 1985 1130 2027 non
1147 1969 1196 2029 bis
1211 1989 1247 2031 ac
1265 1987 1315 2029 sac·

324 2054 387 2130 pius
405 2053 441 2112 de
460 2054 559 2112 eadem
577 2072 608 2112 re
628 2053 746 2112 dicimus
769 2061 798 2111 et
820 2052 934 2129 quidem
957 2053 1106 2112 continuas
1124 2070 1315 2133 nonnunquan
1351 2090 1354 2125 ,

324 2134 504 2196 sententias?
535 2137 597 2195 Nisi
612 2137 688 2196 forte
705 2138 882 2196 contendere
900 2135 1048 2195 uobiscum
1066 2153 1244 2214 possumus,
1265 2153 1313 2197 cm

323 2220 386 2279 aliis
402 2238 459 2279 non
474 2238 635 2298 possumus.
673 2220 744 2280 Nam
761 2222 785 2278 si
807 2237 863 2278 uno
879 2238 990 2296 genere
1006 2219 1082 2279 bene
1100 2221 1266 2282 diceretur:
1282 2220 1313 2278 las
1352 2206 1354 2227 '

324 2314 385 2363 erat
403 2307 558 2363 existimari
574 2305 756 2382 praeclusam
771 2303 853 2362 nohis
865 2322 885 2382 'a
901 2303 1044 2383 prioribus
1055 2305 1148 2372 viam;
1167 2325 1244 2366 nunc
1256 2318 1312 2365 vero

322 2388 542 2447 innumerabiles
568 2398 632 2447 sunt
657 2389 733 2448 modi
760 2388 958 2466 plurimaeque
984 2387 1087 2446 eodem
1115 2391 1187 2450 viae
1213 2390 1311 2451 ducunt.

295 2473 380 2530 SSua
396 2471 527 2531 brevitati
545 2474 637 2548 gratia
654 2491 705 2532 sua
722 2473 835 2550 copiae,
854 2472 910 2532 alia
922 2472 1065 2531 translatis
1077 2473 1173 2532 virtus
1192 2474 1247 2534 alia
1261 2487 1312 2550 pro·

323 2555 402 2632 priis,
416 2555 473 2614 hoc
489 2559 580 2615 oratio
596 2566 677 2616 recta
689 2556 759 2615 illud
772 2557 864 2632 figura
881 2556 1023 2615 declinata
1037 2558 1232 2618 commendat.
1261 2555 1314 2633 lpst

322 2638 445 2715 denique
466 2640 615 2698 utilissima
637 2650 681 2699 est
704 2642 904 2699 exercitationi
929 2639 1093 2698 difficultas
1130 2639 1228 2717 Quid,
1251 2636 1314 2718 quod

322 2731 456 2781 auctores
479 2725 591 2782 maximi
619 2725 662 2783 sic
692 2725 857 2802 diligentius
885 2725 1121 2800 cognoscuntur?
1164 2724 1232 2785 Non
1254 2724 1315 2783 enm
1356 2765 1359 2771 .

322 2808 429 2884 scripta
454 2806 581 2865 lectione
602 2826 706 2867 secura
729 2809 949 2868 transcurrimus
970 2806 1022 2866 sed
1038 2815 1200 2868 tractamus
1216 2805 1316 2885 singula

322 2899 351 2948 et
368 2892 536 2949 necessario
554 2893 765 2969 introspicimus
784 2901 823 2966 et,
841 2900 974 2968 quantum
988 2891 1102 2949 virtutis
1122 2891 1261 2968 habeant,
1277 2887 1316 2948 rel

321 2974 377 3033 hoc
392 2977 457 3052 ipso
475 2977 688 3050 cognoscimus,
706 2976 782 3054 quod
798 2977 899 3035 imitari
913 2992 971 3034 non
986 2991 1152 3052 possumus.

292 3065 309 3118 9
404 3058 469 3118 Nec
484 3060 576 3119 aliena
598 3068 703 3119 tantum
718 3060 876 3119 transferre
896 3060 948 3119 sed
971 3060 1056 3117 etiam
1078 3067 1182 3120 nostra
1198 3056 1317 3139 pluribus

321 3143 412 3203 modis
428 3153 553 3203 tractare
569 3144 713 3221 proderit:
735 3154 765 3202 ut
790 3163 828 3203 ex
848 3144 984 3203 industria
1006 3160 1149 3201 sumamus
1168 3143 1316 3203 sententias

322 3226 458 3300 quasdam
478 3246 587 3305 easque
602 3246 751 3287 versemus
768 3246 851 3305 quam
867 3227 1111 3301 numerosissime,
1128 3227 1213 3287 velut
1229 3226 1316 3287 eaden

280 3312 390 3365 locere
406 3310 476 3370 alias
493 3312 622 3389 aliasque
637 3312 744 3371 lormas
760 3311 825 3370 duci
839 3311 925 3370 solet.
954 3310 1105 3370 Plurimum
1122 3321 1221 3371 autem
1233 3307 1316 3390 parari

322 3388 465 3452 facultatis
481 3398 612 3454 existimo
625 3415 663 3455 ex
679 3396 890 3473 simplicissima
905 3412 1018 3473 quaque
1030 3396 1160 3454 materia.
1190 3395 1264 3455 Nam
1277 3391 1316 3452 illa

322 3472 471 3552 multiplici
486 3496 684 3555 personarum,
702 3497 862 3554 causarum,
880 3488 1052 3556 temporum,
1070 3478 1219 3556 locorum,
1238 3478 1314 3539 dicto·

324 3574 403 3632 rum,
422 3558 561 3620 laetorum
578 3563 743 3622 diversitate
759 3562 846 3622 facile
869 3563 1023 3622 delitescet
1045 3562 1215 3639 infirmitas,
1232 3572 1274 3623 tot
1290 3577 1315 3618 se

324 3641 446 3721 undique
462 3644 563 3719 rebus,
580 3647 734 3725 exquibus
751 3647 874 3723 aliquam
891 3646 1103 3725 apprehendas,
1123 3645 1316 3707 offerentibus.

267 3726 395 3810 jllllud
408 3730 519 3789 virtutis
536 3729 668 3791 indicium
680 3740 735 3808 est,
752 3730 873 3792 fundere
890 3749 963 3810 quae
974 3740 1073 3792 natura
1086 3741 1240 3793 contracta
1251 3736 1317 3800 sunt,
