3184 4409
464 737 506 818 n.
527 736 693 820 riorus
721 736 1047 829 ouruunnuus
1078 691 1111 751 ³

276 926 373 1040 ..Τ
441 925 495 1039 R
567 906 614 1042 Y
681 924 726 1038 P

718 1123 735 1172 S

794 923 1188 1040 HONI

620 1271 899 1336 SALUTEM.

340 1618 518 1726 lllllagitasti
551 1650 694 1709 cotidiano
726 1652 878 1726 convicio,
914 1659 944 1710 ut
974 1650 1081 1727 libros,
1119 1668 1192 1729 quos
1220 1651 1255 1712 ud

251 1746 427 1809 Marcellum
451 1767 544 1807 meum
571 1748 608 1808 de
629 1749 810 1808 Institutione
836 1751 962 1808 oratoria
987 1752 1176 1829 scripseram,
1202 1750 1255 1808 iam

254 1846 391 1911 emittere
414 1847 581 1923 inciperem.
626 1845 698 1905 Nam
717 1847 782 1924 ipse
804 1863 856 1904 eos
877 1846 1001 1906 noudum
1023 1845 1162 1925 opinabar
1185 1849 1254 1905 satis

252 1943 443 2018 maturuisse,
467 1942 569 2021 quihus
585 1944 808 2022 componendis,
831 1953 862 2002 ut
882 1947 958 2020 scis,
979 1944 1065 2023 paulo
1087 1944 1151 2023 plus
1172 1963 1254 2022 quarn

252 2042 403 2102 biennium
421 2053 463 2103 tot
483 2044 592 2122 alioqui
611 2045 736 2120 negotiis
757 2044 903 2104 districtus
924 2045 1064 2124 impendi;
1088 2044 1164 2122 quod
1183 2054 1252 2103 tem·

254 2158 312 2218 pus
336 2148 468 2199 nontam
493 2141 561 2199 stilo
588 2158 671 2218 quam
696 2143 874 2219 inquisitioni
899 2143 1017 2200 instituti
1042 2144 1139 2218 operis
1162 2158 1254 2219 prope

255 2234 358 2298 infiniti
379 2247 409 2297 et
430 2239 562 2316 legendis
584 2239 770 2316 auctoribus,
794 2242 842 2317 qui
862 2248 927 2298 sunt
946 2238 1183 2315 innumerabiles,
1206 2239 1253 2298 da-

254 2345 313 2395 tum
334 2345 389 2396 est.
422 2336 497 2396 Usus
519 2337 623 2398 deinde
641 2337 750 2398 Horatii
773 2338 912 2418 consilio,
936 2339 984 2416 qui
1004 2340 1034 2396 in
1054 2346 1115 2396 arte
1137 2339 1279 2415 poeticai

255 2436 374 2513 suadet,
414 2455 451 2495 ne
479 2438 686 2515 praecipitetur
717 2439 805 2498 editio
836 2454 1006 2517 nouumque
1034 2445 1193 2514 prematur
1221 2440 1254 2499 ia

255 2553 384 2610 numm,
408 2534 508 2594 dabam
527 2536 562 2593 iis
579 2537 682 2610 otium,
701 2544 746 2613 ut,
766 2537 941 2614 refrigerato
957 2537 1127 2595 inventionis
1144 2553 1252 2611 umore,

256 2631 424 2708 diligentius
448 2634 592 2709 repetitos
614 2641 747 2710 tanquam
768 2633 864 2693 lector
883 2634 1103 2713 perpenderem.
1149 2631 1207 2694 sed
1228 2637 1280 2696 si3

255 2737 410 2807 tantopere
433 2729 627 2805 efflagitantur
648 2749 732 2808 quarn
756 2740 787 2791 tu
807 2732 950 2807 affirmas,
973 2733 1167 2811 permittamus
1186 2732 1252 2791 vela

256 2828 349 2886 ventis
373 2834 402 2884 et
423 2843 502 2885 oraru
518 2827 698 2887 solventibus
716 2828 792 2888 bene
816 2846 978 2907 precemur.
1022 2828 1140 2889 llultum
1159 2837 1253 2888 autern

254 2925 282 2982 iu
303 2933 353 2983 tua
375 2941 492 3002 quoque
512 2925 569 2984 fide
592 2943 626 2985 ac
648 2926 796 3003 diligentia
817 2929 942 3004 positum
962 2936 1023 3003 est,
1053 2935 1084 2986 ut
1105 2928 1132 2986 in
1152 2945 1250 2985 uranus

254 3022 397 3082 hominum
422 3040 506 3100 quum
526 3023 748 3084 emendatissimi
771 3026 896 3084 veniant.

292 3763 320 3798 n.
332 3762 356 3798 n.
372 3761 482 3806 Quinam.
