3184 4409
362 487 401 550 86
672 466 1028 561 m.FAB.QU1NT1L1ANt

362 658 487 734 scripsit,
509 657 633 716 cilicium
646 659 769 716 oratoris
790 676 857 717 esse
873 659 977 720 dicere
998 660 1135 738 opposite
1156 658 1200 718 ud
1218 676 1352 736 perscru-

334 743 504 806 6deodom,
534 740 565 799 ln
580 741 732 800 rhetoricis
747 744 847 817 etiam,
864 759 936 819 quos
953 745 1014 801 sine
1030 743 1117 803 dubio
1133 745 1197 820 ipse
1211 759 1268 801 non
1283 759 1351 820 pro·

362 825 425 900 bat,
447 825 530 883 linem
551 824 619 884 iacit
637 828 836 904 persuadere.
874 825 980 884 Verum
1003 836 1032 886 et
1054 829 1174 905 pecunia
1194 826 1352 903 persuadet

363 919 390 968 et
412 911 503 984 gratia
525 918 553 967 ct
580 911 734 969 auctoritas
750 909 871 968 dicentis
887 918 916 969 et
937 911 1069 986 dignitas,
1093 919 1240 988 postremo
1266 928 1351 987 aspe-

363 1003 424 1052 ctus
448 996 531 1052 etiam
555 995 619 1071 ipse
642 996 703 1052 sine
721 1010 815 1069 voce,
845 1011 902 1071 quo
930 994 980 1052 vel
1000 995 1164 1053 recordatio
1185 995 1352 1052 meritorum

319 1121 321 1126 -
364 1079 500 1154 cuiusque
514 1079 562 1137 vel
579 1080 668 1137 iacies
685 1077 779 1154 aliqua
794 1077 964 1137 miserabilis
979 1078 1027 1136 vel
1044 1079 1152 1137 formae
1168 1077 1351 1155 pulchritudo

333 1165 529 1227 isententiam
548 1162 644 1221 dictat.
682 1160 752 1220 Nam
773 1170 802 1220 et
816 1160 936 1221 Manium
953 1160 1097 1238 Aquilium
1119 1160 1276 1221 delende'ns
1293 1161 1351 1218 An·

361 1247 470 1320 tonius,
492 1264 554 1305 cum
575 1248 665 1304 scissa
686 1254 768 1304 veste
784 1247 954 1321 cicatrices,
977 1264 1048 1323 quas
1070 1248 1094 1304 is
1114 1262 1167 1324 pro
1194 1247 1285 1322 patria
1300 1263 1351 1322 pe·

362 1339 443 1388 etore
459 1330 581 1389 adverso
598 1332 792 1407 suscepisset,
815 1331 955 1404 ostendit,
977 1346 1034 1387 non
1054 1330 1191 1389 orationis
1207 1328 1305 1388 habuit
1320 1329 1351 1386 ii·

362 1413 472 1473 duciam
484 1413 535 1472 sed
551 1412 642 1473 oculis
657 1414 756 1491 populi
774 1412 893 1472 Romani
911 1415 967 1472 vim
988 1413 1099 1488 attulit,
1122 1430 1204 1490 quern
1219 1412 1271 1471 illo
1286 1413 1351 1489 ipso

362 1506 480 1575 aspectu
502 1499 622 1555 maxime
637 1507 742 1556 motum
765 1500 793 1556 in
809 1497 880 1571 hoc,
901 1506 931 1556 ut
953 1496 1120 1570 absolveret
1140 1515 1236 1571 reum,
1258 1495 1351 1554 credi·

333 1591 419 1646 atum
433 1590 487 1640 est.
518 1581 648 1640 Servium
664 1581 778 1660 quidem
795 1580 912 1641 Galbam
924 1582 1108 1640 miseratione
1124 1581 1205 1656 sola,
1224 1597 1279 1657 qua
1293 1597 1351 1638 nou

362 1683 430 1724 suos
449 1664 533 1723 modo
550 1664 658 1723 liberos
674 1665 809 1743 parvulos
824 1667 853 1724 in
866 1667 1000 1724 contione
1014 1665 1191 1743 produxerat
1205 1664 1257 1723 sed
1276 1662 1351 1723 Galli

362 1751 448 1808 etiam
469 1748 588 1826 Sulpicii
611 1749 699 1808 lilium
722 1751 780 1808 suis
804 1751 868 1826 ipse
889 1749 1016 1808 manibus
1039 1748 1268 1823 circumtulerat,
1291 1747 1350 1807 ela·

361 1851 442 1911 psum
464 1850 545 1907 esse,
569 1850 631 1891 cum
651 1833 771 1893 aliorum
792 1835 980 1892 monumentis
1001 1841 1059 1891 turn
1081 1830 1197 1891 Catonis
1220 1833 1351 1890 oratione

335 1928 351 1982 9
364 1925 496 1976 testatum
513 1925 566 1975 est.
601 1915 637 1975 Et
652 1917 783 1992 Phrynen
797 1930 855 1976 non
870 1915 1023 1995 Hyperidis
1039 1917 1169 1990 actione,
1192 1932 1351 1993 quanquam

362 2000 528 2075 admirabili,
545 1999 597 2058 sed
612 2010 769 2080 conspectu
786 2003 935 2079 corporis,
951 2000 1028 2078 quod
1042 2000 1092 2059 illa
1107 2000 1352 2077 speciosissimum

362 2087 468 2162 alioqui
484 2085 597 2145 diducta
612 2086 768 2145 nudaverat
784 2088 896 2160 tunica,
916 2093 1015 2163 putant
1037 2083 1168 2162 periculo
1189 2082 1350 2143 liberatam.

362 2169 442 2242 Quae
456 2172 480 2228 si
496 2171 588 2228 omnia
602 2171 787 2247 persuadent,
803 2188 860 2229 non
876 2178 921 2228 est
935 2169 992 2243 hic,
1010 2168 1045 2227 de
1061 2184 1118 2245 quo
1134 2167 1223 2226 locuti
1241 2183 1350 2240 sumus,

321 2254 479 2320 luidoneus
495 2255 567 2314 linis.
601 2253 729 2332 Ideoque
744 2254 944 2331 diligentiores
965 2261 1030 2311 sunt
1044 2253 1098 2310 visi
1112 2250 1184 2335 sibi,
1203 2251 1268 2328 qui,
1288 2266 1352 2308 cum

362 2339 396 2397 de
411 2338 556 2397 rhetorice
571 2337 645 2397 idem
660 2340 810 2413 sentirent,
826 2339 1058 2397 existimaverunt
1073 2353 1134 2395 eam
1148 2336 1208 2395 oim
1220 2334 1351 2394 dicendo

360 2423 580 2499 persuadendi.
627 2421 719 2495 Quem
747 2422 831 2480 linem
854 2421 1012 2498 Gorgias
1038 2422 1066 2478 in
1092 2420 1212 2493 eodem,
1234 2417 1270 2477 de
1293 2432 1350 2494 quo

361 2505 598 2582 supradiximus,
624 2504 716 2581 libro,
740 2506 820 2564 velut
840 2514 958 2564 coactus
979 2523 994 2563 a
1018 2504 1139 2564 Socrate
1156 2502 1239 2569 iacit;
1261 2517 1350 2579 aquo

361 2606 418 2646 non
440 2588 571 2647 dissentit
591 2587 839 2664 Theodectes,
862 2591 924 2648 sive
947 2590 1036 2666 ipsius
1052 2588 1080 2647 id
1096 2604 1169 2665 opus
1189 2594 1250 2659 est,
1273 2584 1350 2662 quod

361 2672 397 2731 de
411 2671 555 2730 rhetorice
570 2674 682 2732 nomine
703 2675 763 2732 eius
778 2673 959 2748 inscribitur,
981 2674 1058 2747 sive,
1082 2680 1112 2730 ut
1135 2670 1273 2730 creditum
1293 2676 1349 2742 est,

361 2755 604 2830 Aristotelis,
621 2758 649 2814 in
662 2773 718 2834 quo
733 2765 787 2832 est,
804 2757 888 2816 linem
903 2774 969 2816 esse
989 2755 1150 2815 rhetorices
1165 2755 1281 2814 ducere
1301 2753 1350 2812 lto

320 2841 454 2901 limines
476 2841 606 2901 diceudo
625 2841 657 2900 io
677 2842 728 2917 id,
750 2842 832 2919 quod
852 2850 941 2901 octor
959 2842 1039 2903 velit.
1081 2839 1139 2900 Sed
1157 2856 1194 2896 ne
1208 2838 1265 2897 hoo
1289 2836 1350 2914 qui·

361 2924 511 2982 densatis
531 2929 576 2983 est
596 2924 848 3002 comprehensum:
870 2925 1044 3002 persuadent
1063 2926 1137 2982 enim
1157 2920 1279 2982 dicendo
1300 2919 1352 2978 vel

361 3007 466 3067 ducunt
480 3008 507 3066 in
525 3009 552 3067 id
568 3008 643 3085 quod
658 3008 758 3068 volunt
781 3009 829 3067 alii
844 3026 976 3086 quoque,
999 3017 1029 3067 ut
1043 3008 1230 3081 meretrices,
1252 3003 1350 3064 adula-

360 3100 450 3166 tores,
470 3101 664 3171 corruptores.
700 3092 739 3151 Αι
754 3102 853 3153 contra
868 3110 923 3151 non
937 3092 1093 3170 persuadet
1107 3107 1222 3168 semper
1237 3097 1350 3164 oraton

360 3184 390 3233 ut
409 3179 520 3236 interim
539 3194 596 3236 non
619 3179 656 3236 sit
677 3180 811 3255 proprius
833 3177 880 3236 hic
901 3177 963 3236 linis
982 3178 1061 3251 eius,
1082 3176 1194 3235 interim
1214 3175 1251 3232 sit
1273 3189 1350 3232 com·

320 3262 449 3320 inmunis
472 3280 534 3320 cum
559 3261 619 3337 his,
643 3264 690 3339 qui
713 3261 748 3320 ab
771 3270 887 3320 oratore
908 3260 1011 3338 procul
1031 3260 1142 3319 absunt.
1179 3257 1268 3334 Atqui
1293 3272 1352 3315 non

359 3344 475 3403 multum
497 3344 531 3403 ab
552 3344 608 3404 boc
623 3346 678 3404 line
700 3345 782 3405 abest
796 3343 1066 3422 Apollodorus,
1089 3344 1189 3403 dicens
1208 3339 1351 3400 iudicialis

361 3429 496 3486 orationis
510 3430 628 3505 primurn
644 3439 673 3488 et
687 3448 776 3506 super
791 3431 882 3488 omnia
904 3447 971 3487 esse
989 3429 1183 3506 persuadere
1202 3424 1302 3485 iudici
1322 3430 1350 3485 ei

358 3513 537 3572 sententium
553 3514 618 3573 cios
634 3516 747 3574 ducere
761 3515 793 3572 io
806 3514 857 3589 id,
881 3514 963 3590 quod
975 3514 1064 3581 celim
1080 3519 1187 3570 namet
1206 3511 1270 3586 ipse
1280 3524 1349 3567 ¹oro-

359 3604 452 3654 torem
466 3596 596 3655 fortunae
613 3597 742 3671 subiicit,
765 3605 810 3671 ut,
829 3599 854 3655 si
868 3613 924 3655 non
937 3598 1130 3673 persuaserit,
1150 3610 1254 3652 nomen
1269 3609 1350 3650 suum

319 3682 483 3742 taretinere
504 3697 561 3739 non
582 3684 684 3759 possit.
721 3680 841 3753 Quidam
860 3690 1045 3739 recesserunt
1068 3680 1103 3740 ab
1126 3686 1248 3761 eventu,
1275 3677 1350 3735 sicut

357 3764 596 3826 Aristoteles
612 3765 692 3824 dicit:
714 3766 867 3826 rhetorice
888 3773 932 3827 cst
953 3766 1000 3826 vis
1013 3765 1186 3828 inveniendi
1202 3761 1305 3824 omnio
1317 3760 1348 3819 io
