3184 4409
534 464 624 513 22222.
636 464 786 514 aaaron
800 465 869 512 222.
882 464 927 529 22
939 463 966 514 2
1182 457 1244 519 263

248 638 373 703 qnoque
390 617 701 760 21222222222122222,
725 634 808 716 quam
826 619 903 717 quod
924 618 982 677 illis
998 619 1073 677 inest
1088 620 1132 679 222
1147 621 1248 679 mentis

248 714 278 767 et
292 706 411 765 veritas
427 705 490 803 ipsa
504 698 635 760 morum?
671 700 796 774 Quare
787 720 816 760 rn
831 703 882 776 iis,
899 720 975 801 qnae
996 703 1161 762 verisimilia
1183 710 1289 767 esset?

249 788 406 862 volemus,
423 788 511 846 simus
525 787 581 863 2222
574 785 704 844 similes
721 803 836 859 eorum,
857 788 905 863 qui
919 803 990 844 vere
1004 788 1163 864 222222222,
1179 788 1248 847 2112·

255 872 369 946 atibus,
391 878 423 930 et
444 888 461 928 2
480 869 531 928 2212
551 869 645 927 animo
666 869 867 947 proficiscatur
887 870 997 944 oratio,
1023 870 1135 946 qualem
1150 870 1249 930 iacere

255 954 383 1015 iudicem
398 953 488 1013 volet.
521 951 567 1010 An
581 951 632 1011 2112
650 952 777 1027 dolebit,
801 953 850 1029 qui
870 954 965 1012 audiet
984 971 1047 1028 me,
1073 955 1121 1030 q'ui
1143 956 1171 1013 22
1192 955 1249 1014 222

259 1038 369 1112 dican,
392 1053 449 1097 non
466 1032 633 1096 dolentem?
653 1037 810 1109 irascetur,
831 1036 856 1093 22
877 1035 944 1095 nihil
960 1038 1038 1114 2222,
1063 1039 1111 1115 qui
1132 1039 1159 1094 in
1179 1038 1249 1096 iram

262 1123 387 1182 concitat
403 1138 437 1179 22
453 1120 540 1198 idque
557 1120 657 1195 exigit,
674 1119 776 1178 similia
792 1117 937 1196 patietur?
954 1122 1040 1179 siccis
1056 1122 1167 1196 agentis
1179 1137 1248 1179 ocu·

264 1204 298 1264 122
325 1204 460 1266 lacrimas
486 1199 587 1263 dabit?
620 1201 697 1261 Fieri
723 1220 780 1261 222
807 1212 914 1280 222222.
960 1203 1023 1263 Ν22
1051 1203 1176 1262 incendit
1195 1205 1290 1266 222228

263 1288 349 1365 ignis,
371 1305 427 1347 nec
447 1287 636 1346 madescimus
657 1286 867 1361 nisi-humore,
891 1305 946 1346 neo
966 1305 1015 1345 res
1031 1287 1088 1347 ulla
1104 1288 1151 1347 dat
1164 1287 1249 1347 alteri

264 1372 400 1447 2212221,
419 1388 504 1448 quem
519 1387 577 1430 non
591 1371 654 1447 ipsa
671 1369 765 1429 habet.
801 1370 922 1429 Primum
938 1379 983 1429 est
1000 1372 1101 1446 igitur,
1124 1380 1154 1430 ut
1174 1369 1249 1448 apud

264 1472 313 1515 nos
328 1455 445 1515 valeant
461 1472 513 1529 22,
537 1471 610 1532 quae
631 1453 730 1513 valere
746 1454 821 1531 apud
842 1454 964 1514 iudicem
979 1455 1126 1529 volumus,
1142 1455 1248 1513 allicia-

265 1556 380 1617 nrarque
405 1546 557 1616 antequam
576 1536 695 1596 allicere
720 1553 865 1596 conemur.
903 1537 943 1596 At
963 1537 1106 1616 quomodo
1131 1538 1290 1612 1222,2229

263 1618 551 1698 212222222122222
574 1622 648 1679 enirn
670 1629 735 1679 sunt
753 1631 847 1680 motus
868 1621 896 1679 in
918 1630 1043 1680 nostram
1065 1630 1248 1700 potestatem.

263 1704 420 1785 ’1222222122
438 1707 523 1764 etiam
538 1704 574 1764 de
589 1704 646 1763 hoc
661 1704 769 1763 dicere.
807 1705 886 1778 Quas
903 1705 1066 1781 φαντασίας
1080 1705 1183 1764 Graeci
1198 1721 1250 1764 vo-

262 1798 336 1865 cant,
351 1805 406 1848 nos
421 1806 491 1848 sane
504 1790 634 1849 admones
644 1788 835 1866 appellemus,
851 1805 905 1866 per
917 1806 988 1865 quas
1003 1790 1141 1864 imagines
1155 1806 1251 1847 rerum

262 1872 420 1933 2122222222
436 1873 474 1931 222
491 1880 742 1949 repraesentantur
765 1873 875 1946 animo,
898 1881 928 1930 22
950 1890 1000 1931 222
1022 1890 1142 1931 2222222
1158 1871 1251 1932 222122

263 1973 299 2016 22
317 1964 488 2056 praesentes
515 1955 622 2015 habere
641 1955 797 2014 videamur
830 1954 889 2014 llas
910 1956 1040 2034 quisquis
1055 1955 1129 2015 bene
1146 1973 1250 2015 conce·
1239 1963 1293 2017 ·30

262 2040 373 2138 perit,
363 2058 388 2099 rs
402 2040 457 2099 erit
471 2040 499 2098 22
514 2038 664 2099 affectibus
676 2039 902 2116 potentissimus.
935 2038 1015 2098 Hune
1031 2040 1144 2117 quidam
1155 2039 1251 2099 dicunt

259 2114 511 2200 avpcnuolmrov,
532 2141 581 2201 qur
574 2121 650 2181 ’22122
665 2140 728 2197 222,
750 2139 858 2197 22222,
881 2131 961 2181 22222
983 2123 1138 2182 2222221222
1151 2138 1252 2181 verum

259 2208 368 2285 optime
386 2206 489 2281 linget;
506 2206 583 2283 quod
599 2205 1079 2304 2222222212222122221222122212
1094 2207 1249 2302 contingat.

260 2289 306 2350 An
323 2306 396 2350 veru
413 2291 487 2348 inter
502 2291 560 2348 otia
581 2292 736 2348 animorum
752 2299 780 2348 et
797 2308 866 2367 spes
884 2290 982 2349 inanes
999 2299 1028 2348 22
1045 2290 1124 2349 22122
1143 2289 1279 2348 somnia*

260 2373 402 2452 quaedam
416 2373 594 2448 vigilantium
610 2374 648 2433 222
664 2372 794 2448 2221222,
813 2374 849 2432 de
865 2373 967 2450 quibus
983 2373 1097 2450 loquor,
1114 2373 1252 2450 imagines

259 2465 493 2536 prosequuntur,
515 2465 546 2514 22
561 2458 756 2534 peregrinari,
779 2458 932 2533 navigare,
955 2457 1109 2535 proeliari,
1126 2455 1252 2535 populos

259 2541 382 2618 ulloqui,
397 2540 566 2615 divitiarum,
585 2558 656 2619 quas
673 2558 729 2599 non
742 2541 889 2615 babemus,
906 2558 987 2599 usum
998 2541 1145 2600 videamur
1155 2539 1252 2617 dispo-

259 2642 343 2699 nere,
358 2641 416 2682 nee
431 2625 561 2699 cogitare
577 2623 630 2682 sed
645 2623 762 2683 iacere:
778 2624 836 2683 hoc
851 2626 933 2683 animi
943 2625 1040 2683 vitium
1054 2625 1089 2683 ad
1105 2624 1254 2684 utilitatem

261 2724 319 2767 non
333 2703 562 2767 transieramus?
593 2706 632 2766 At
646 2707 787 2766 hominem
803 2708 930 2767 occisum
942 2717 1061 2785 queror;
1077 2724 1135 2767 non
1150 2709 1253 2778 omnia,
1260 2709 1294 2763 31

262 2808 337 2869 quae
352 2792 383 2849 in
394 2807 427 2848 re
440 2791 586 2867 praesenti
602 2791 743 2850 accidisse
753 2791 891 2851 credibile
903 2801 957 2865 est,
973 2793 1001 2849 in
1013 2792 1106 2851 222122
1118 2786 1254 2850 1221221221

262 2890 319 2934 non
341 2889 501 2952 percussor
527 2873 577 2932 ille
604 2873 714 2933 subitus
738 2871 889 2952 erumpet?
916 2891 973 2934 non
1000 2884 1178 2952 expavescet
1200 2875 1254 2933 cir·

263 2953 454 3018 cumrentus?
471 2954 664 3016 exclamabit?
681 2958 730 3017 vel
746 2957 861 3035 rogabit
883 2959 932 3016 221
947 2955 1060 3034 lugiet?
1078 2975 1135 3016 non
1150 2958 1254 3017 lerien-

262 3049 336 3116 2222,
358 3057 418 3099 222
434 3040 632 3100 concidentem
651 3038 777 3100 videbo?
796 3059 853 3100 non
876 3044 968 3100 animo
984 3043 1100 3117 sanguis
1119 3050 1148 3100 et
1161 3040 1256 3118 pallor

263 3132 293 3184 et
305 3126 431 3202 gemitus
447 3134 593 3183 extremus
611 3124 735 3202 denique
755 3126 913 3202 expirantis
927 3125 1019 3184 hiatus
1034 3121 1159 3184 insidet?

345 3207 518 3285 lnsequetur
535 3201 678 3286 ἐναργεια,
695 3226 768 3287 quae
784 3226 801 3267 a
819 3207 961 3267 Cicerone
975 3209 1137 3269 111222222ιί2
1151 3216 1181 3267 22
1194 3207 1298 3268 221-32

261 3291 369 3354 denua
382 3291 552 3366 nominatur,
575 3308 648 3369 quae
665 3309 722 3350 non
740 3301 797 3352 tam
817 3291 915 3351 dicere
935 3293 1048 3351 videtur
1063 3309 1146 3368 quam
1162 3301 1257 3351 osten·

261 3374 349 3440 dere:
373 3383 404 3433 et
425 3374 545 3434 21122222
562 3390 619 3433 222
637 3375 735 3448 212222,
759 3393 842 3453 qnam
856 3393 880 3432 sr
874 3374 1006 3433 '‘rebus
998 3376 1069 3452 22222
1084 3377 1256 3448 intersimus,

262 3467 433 3538 sequentur.
470 3457 515 3518 An
529 3474 587 3517 non
603 3477 639 3516 ex
655 3459 697 3518 hia
711 3459 869 3518 visionibus
884 3458 933 3517 illa
948 3467 1030 3518 sunt:
1046 3455 1181 3520 11222222
1194 3477 1257 3518 mc-

261 3543 478 3616 memorauit,
500 3544 698 3619 revolutaque
720 3545 915 3641 222221-
947 3539 1079 3620 Leot’que
1097 3551 1207 3621 pateras
1228 3543 1300 3601 22233

260 3635 387 3703 paoem
408 3626 539 3707 22212221
560 3642 651 3767 222222
671 3625 751 3684 ille
743 3626 892 3685 22122222
913 3624 1129 3700 Pallantis‚—
1093 3625 1259 3703 —poar'tis

262 3710 456 3792 Mpaibua?
489 3705 584 3783 Quid?
604 3709 755 3769 nunidem
774 3719 863 3789 poeta
885 3711 998 3786 penitus
1018 3709 1107 3769 ultimi
1121 3709 1171 3768 1222
1190 3724 1258 3767 cun·
