3184 4409
328 281 369 371 72
644 322 1001 384 m.ruu.ou1un1u1uu1
1059 281 1061 284 V

286 489 321 543 15
328 477 414 540 sunt‘l
445 480 525 540 Sicut
541 476 578 538 de
594 496 627 538 re
647 478 772 554 militari,
792 496 952 557 quanquam
969 487 1034 538 sunt
1053 480 1161 539 tradita·
1173 481 1314 558 quaedam

328 573 485 644 praecepta
503 564 669 635 communia,
685 563 776 639 magis
791 571 886 622 tamen
897 562 1025 641 proderit
1040 565 1127 639 scire,
1144 581 1199 642 qua
1212 563 1314 624 ducum

329 649 450 727 quisque
475 648 602 723 ratione,
623 649 653 706 in
676 647 754 726 quali
774 664 825 721 re,
847 656 996 726 tempore,
1018 646 1085 707 loco
1109 649 1146 708 sit
1168 649 1315 725 sapienter

327 749 396 790 usus
412 741 459 791 aut
475 740 583 792 contra.
621 731 692 790 Nam
708 733 736 789 in
753 730 882 791 omuibus
897 731 959 790 lere
974 726 1065 790 minus
1080 731 1177 790 valent
1192 749 1314 810 praece·

287 823 320 877 16
328 808 478 894 ριεᾳιιεει
495 815 706 895 experimenta,
731 813 777 874 An
791 831 863 874 vero
879 814 1049 874 declamabit
1064 815 1178 894 quidem
1193 833 1315 893 praece·

329 908 410 977 ptor,
431 909 461 958 ut
479 900 515 958 sit
537 899 671 977 exemplo
694 899 753 957 suis
777 899 968 966 auditoribus;
985 899 1045 957 'non
1060 899 1125 976 plus
1142 899 1316 960 contulerint

327 984 395 1043 lecti
413 981 517 1043 Cicero
541 993 588 1043 aut
603 979 835 1042 Demosthenes?
872 980 1041 1059 Corrigetur
1062 983 1173 1061 palam,
1197 984 1222 1042 si
1246 983 1315 1062 quid

327 1068 356 1126 in
371 1067 557 1129 declamando
570 1066 727 1145 discipulus
743 1067 898 1134 erraverit;
915 1083 972 1125 nou
987 1068 1132 1144 potentius
1148 1067 1202 1125 erit
1217 1085 1314 1126 eruen-

328 1151 396 1211 darc
418 1153 593 1225 orationem,
614 1151 681 1229 quin
704 1150 787 1209 immo
810 1152 894 1209 etiam
917 1147 1087 1210 iucundius?
1119 1150 1222 1210 hliena
1239 1152 1315 1211 enim

286 1235 395 1295 livitia
421 1234 593 1314 reprehendi
619 1236 739 1313 quisque
763 1234 870 1293 mavult
892 1253 976 1313 quam
1001 1252 1063 1293 sua.
1108 1233 1171 1293 Nec
1194 1234 1316 1295 deerant

327 1320 424 1398 plura,
445 1337 518 1397 quae
534 1319 674 1386 dicerem;
692 1317 744 1377 sed
759 1319 899 1377 nemiuem
916 1318 988 1378 haec
1003 1319 1109 1378 utilitas
1125 1318 1208 1395 fugit,
1226 1327 1314 1398 atque

327 1404 432 1461 utinam
449 1411 505 1479 tarp
520 1420 576 1461 nou
592 1403 688 1480 pigeat
704 1402 802 1461 lacere
820 1402 893 1461 istud
911 1421 995 1480 quam
1011 1419 1068 1460 non
1082 1402 1257 1480 displicebit.

287 1488 321 1542 18
411 1485 495 1558 Quod
516 1488 540 1544 si
562 1488 688 1563 potuerit
714 1485 853 1560 obtineri,
879 1503 936 1544 non
956 1488 993 1546 ita
1020 1486 1145 1547 difficilis
1170 1487 1316 1564 supererit

328 1571 476 1648 quaestio,
500 1572 548 1649 qui
570 1570 685 1646 legendi
702 1571 757 1628 sint
779 1570 988 1648 incipientibus.
1017 1570 1090 1630 Nam
1111 1570 1224 1649 quidam
1245 1570 1315 1631 illos

327 1656 468 1727 minores,
495 1657 560 1732 quia
585 1654 698 1713 facilior
719 1654 883 1713 intellectus
907 1654 1074 1729 videbatur,
1103 1653 1313 1733 probaverunt;

328 1738 375 1797 alii
390 1737 518 1796 floridius
535 1755 642 1814 genus,
665 1746 695 1797 ut
716 1738 751 1797 ad
772 1737 874 1797 alenda
889 1739 1042 1815 primarum
1058 1746 1184 1798 aetatum
1198 1739 1313 1814 ingenia

287 1822 418 1897 19magis
441 1822 694 1882 accommodatum.
732 1821 797 1899 Ego
821 1822 945 1899 optimos
975 1823 1090 1901 quidem
1113 1831 1142 1881 et
1163 1823 1258 1881 statim
1284 1831 1322 1881 et·

328 1924 443 1984 semper
458 1906 509 1965 sed
524 1915 618 1966 tamen
634 1924 732 1966 corum
745 1905 973 1966 candidissimum
989 1924 1131 1985 quemque
1146 1913 1174 1964 et
1190 1906 1314 1966 maxime

328 1993 490 2068 expositum
504 1991 607 2068 velim,
625 2000 655 2050 ut
666 1990 773 2050 Livium
787 1991 912 2068 apueris
928 1992 1018 2067 magis
1028 2009 1117 2070 quam
1129 1988 1311 2055 Sallustium

328 2084 357 2134 et
372 2075 419 2134 hic
434 2075 571 2134 historiae
587 2076 677 2135 maior
693 2084 737 2134 est
752 2084 871 2149 auctor,
890 2075 926 2134 ad
941 2092 1026 2152 quem
1040 2083 1134 2134 tamen
1149 2072 1313 2149 intelligen-

285 2159 392 2218 eodum
408 2161 462 2219 iam
477 2160 610 2236 profectu
627 2176 699 2237 opus
715 2159 760 2217 sit.
793 2156 915 2233 Cicero,
932 2167 961 2217 ut
976 2159 1043 2218 mihi
1058 2157 1171 2238 quidem
1187 2157 1313 2232 videtur,

328 2252 357 2302 et
378 2243 515 2302 iucundus
540 2241 740 2320 incipientibus
762 2259 879 2320 quoque
901 2251 929 2301 ct
951 2251 1067 2322 apertus
1089 2251 1133 2301 est
1148 2241 1233 2316 satis,
1258 2258 1314 2300 nee

327 2326 469 2403 prodesse
485 2334 590 2386 tanturn
601 2327 653 2386 sed
671 2327 754 2385 etiam
766 2327 853 2386 amari
868 2334 975 2403 potest,
991 2335 1049 2386 tum
1061 2324 1313 2405 (quemadmodum

327 2408 421 2468 Livius
438 2411 593 2488 praecipit)
612 2411 779 2488 utquisque
797 2410 852 2469 erit
868 2407 1002 2469 Ciceroni
1018 2411 1185 2469 simillimus.

286 2495 317 2547 21
409 2492 472 2551 Duo
489 2502 581 2552 autem
597 2511 705 2570 genera
720 2495 841 2553 maxime
857 2494 984 2553 cavenda
999 2495 1096 2572 pueris
1113 2501 1196 2571 puto:
1216 2510 1312 2567 unum,

328 2595 364 2635 ne
382 2578 445 2654 quis
461 2593 513 2635 eos
529 2579 702 2657 antiquitatis
718 2579 819 2637 nimius
836 2578 989 2638 admirator
1005 2579 1033 2637 iu
1049 2577 1242 2638 Gracchorum
1258 2573 1312 2636 Ga·

327 2661 460 2739 tonisque
477 2670 505 2719 et
527 2663 645 2722 aliorum
663 2663 794 2721 similium
817 2663 943 2722 lectione
960 2663 1116 2723 durescere
1133 2660 1217 2727 velit;
1244 2659 1314 2719 dent

328 2745 401 2802 enim
417 2744 525 2805 horridi
543 2756 628 2824 atque
649 2748 750 2814 ieinui;
773 2765 838 2807 uam
854 2764 948 2825 neque
965 2747 1022 2805 vim
1040 2762 1139 2805 eurum
1161 2743 1254 2803 adhuc
1271 2744 1313 2801 in·

326 2827 446 2887 tellectu
470 2839 683 2908 consequentur
705 2839 733 2889 et
756 2830 939 2905 elocutione,
964 2848 1039 2908 quae
1061 2839 1119 2889 tum
1140 2829 1203 2886 sine
1224 2826 1312 2886 dubio

327 2920 388 2970 erat
404 2913 509 2990 optima
525 2914 576 2973 sed
592 2916 696 2973 nostris
708 2914 885 2992 temporibus
901 2915 994 2974 aliena
1009 2922 1064 2988 est,
1081 2911 1218 2986 contenti,
1235 2910 1314 2989 quod

283 3003 370 3057 tuest
385 2998 548 3074 pessimum,
566 2998 672 3057 similes
685 2999 738 3057 sibi
753 3000 863 3074 maguis
879 3000 948 3057 viris
963 2998 1142 3058 videbuntur·
1168 2995 1313 3070 Alterum,
1326 3030 1329 3035 ·

326 3079 402 3156 quod
419 3080 484 3140 huic
501 3082 643 3141 diversum
660 3091 720 3156 est,
737 3101 772 3142 ne
788 3083 914 3142 recentis
930 3081 1012 3141 huius
1029 3082 1166 3141 lasciviae
1182 3079 1313 3138 flosculis

326 3162 402 3239 capti
418 3163 567 3242 voluptate
584 3184 672 3244 prava
695 3166 890 3241 debriantur,
912 3175 942 3224 ut
959 3166 1116 3244 praedulce
1132 3163 1200 3224 illud
1218 3180 1313 3240 genus

325 3253 354 3304 et
370 3246 527 3323 puerilibus
543 3251 662 3326 ingeniis
679 3249 736 3308 hoc
751 3251 870 3326 gratius,
889 3266 946 3328 quo
962 3250 1081 3328 propius
1097 3257 1152 3322 est,
1169 3246 1312 3307 adameut.

281 3328 425 3392 23Firmis
449 3340 542 3391 autem
565 3334 675 3392 iudiciis
698 3334 811 3411 iamque
836 3342 917 3393 extra
942 3334 1101 3412 periculum
1121 3333 1223 3410 positis
1246 3349 1311 3390 sua·

325 3414 411 3474 serim
433 3423 462 3474 et
479 3416 609 3494 antiquos
632 3417 751 3494 legere,
774 3435 812 3476 ex
829 3415 940 3496 quibus]
951 3419 975 3476 si
993 3424 1153 3477 assumatur
1167 3414 1261 3475 solida
1277 3431 1312 3474 ac

323 3497 414 3557 virilis
430 3499 536 3576 ingenii
550 3501 604 3574 vis,
623 3500 739 3561 deterso
756 3500 833 3560 rudis
849 3501 957 3560 saeculi
973 3502 1120 3580 squalore,
1138 3509 1196 3558 tum
1211 3507 1313 3557 noster

324 3583 372 3645 bic
389 3582 481 3643 cultus
497 3583 602 3644 clarius
619 3585 774 3654 enitescet;
793 3593 823 3644 et
837 3602 945 3661 novos,
967 3586 1070 3664 quibus
1093 3592 1122 3644 et
1137 3584 1207 3663 ipsis
1221 3581 1312 3644 multa

293 3826 295 3833 t

293 3892 296 3899 ι

293 3948 498 4052 μνῄ““
504 4038 547 4049 ””·-ι
554 4042 565 4050 v-
