3184 4409
1018 388 1032 434 Ι

334 469 395 531 274
619 483 675 530 ιι.
695 481 773 530 usn.
794 480 1013 542 colummers

333 637 432 713 batur,
448 634 530 716 Age,
547 637 655 714 inquit,
677 636 796 714 aliquid
810 639 900 698 atrei
912 637 1054 715 potttcce
1069 655 1166 698 cocao
1180 637 1306 700 elaboro
1314 663 1327 707 ‚-

336 739 449 799 quaque
465 720 568 781 Cicero
586 720 662 796 lusit,
680 738 753 796 oum,
767 720 872 780 Vatinii
884 730 975 779 morte
988 721 1122 795 nuntiata,
1135 724 1215 780 cuius
1227 741 1328 800 parum

293 815 326 870 69
337 815 433 864 certus
449 805 597 864 dicebatur
614 814 723 878 auctor,
740 803 877 880 Interim,
893 805 992 882 inquit,
1008 806 1221 883 resarciretur.
1248 806 1327 865 ldem

335 907 388 967 per
411 889 627 964 allegorian
648 888 686 948 Μ.
707 886 852 964 Caelium,
877 890 979 949 melius
1001 887 1185 961 obiicientem
1210 891 1326 949 crimina

334 991 418 1050 quam
432 971 646 1049 defendentem,
669 971 796 1034 Boreum
802 975 959 1049 deutrum,
973 956 1085 1033 maloin
1098 975 1253 1034 sinistram
1273 975 1326 1034 lto·

334 1059 406 1118 bere
425 1055 548 1115 dicebat.
583 1054 809 1134 Empbasirt.
832 1055 942 1116 'lollius
963 1056 1050 1132 dixit,
1069 1057 1234 1154 serromin
1251 1055 1327 1117 Tuo·

293 1143 415 1204 loeium
428 1142 582 1201 incidisse
614 1138 735 1217 Figuras
752 1157 868 1218 quoque
885 1141 1002 1214 mentis,
1024 1158 1098 1240 quae
1119 1133 1250 1220 σχήματα
1263 1141 1327 1200 δια-

334 1224 417 1297 νοίας
431 1224 576 1299 dicuntur,
602 1242 651 1283 res
671 1224 771 1283 eadem
792 1226 897 1302 recipit
918 1241 1032 1299 omnes,
1055 1226 1083 1282 in
1104 1242 1174 1301 quas
1198 1224 1328 1283 nonnulli

248 1329 251 1335 ⁵
335 1309 492 1368 diviserunt
507 1309 622 1385 species
644 1309 793 1369 diciorum.
823 1307 894 1368 Nam
914 1317 943 1368 et
964 1310 1172 1384 interrogamus
1200 1317 1229 1367 et
1247 1307 1327 1367 dubi-

334 1401 425 1451 tamus
442 1401 470 1450 et
485 1391 656 1450 allirmamus
672 1401 701 1450 et
716 1394 853 1450 minamur
876 1403 905 1452 et
921 1401 1062 1470 optamus,
1079 1392 1217 1468 quaedam
1232 1401 1262 1450 ut
1277 1392 1327 1450 mi-

335 1484 477 1550 serantes,
492 1475 631 1552 quaedam
654 1484 685 1534 ut
698 1477 858 1535 irascentes
875 1477 1003 1536 dicimus.
1033 1475 1192 1534 Ridiculum
1214 1485 1258 1534 est
1278 1493 1339 1533 ιιι--

294 1567 391 1623 lttem
406 1576 506 1633 omne,
523 1558 599 1636 quod
616 1569 716 1637 aperte
732 1559 857 1636 tingitur.
887 1560 979 1620 Stulta
993 1559 1208 1637 reprehendere
1224 1559 1328 1618 lacilli·

334 1661 409 1701 mum
425 1651 486 1716 est,
509 1660 574 1701 num
596 1661 649 1721 per
669 1661 702 1702 se
726 1652 790 1701 sunt
811 1644 945 1711 ridicula;
967 1643 1020 1702 sed
1034 1661 1094 1701 rem
1108 1642 1243 1702 urbanam
1258 1643 1328 1702 iacit

335 1727 430 1804 aliqua
446 1743 483 1783 ex
497 1725 580 1784 nobis
596 1727 730 1786 adiectio.
767 1727 861 1787 Stulte
878 1729 1107 1803 interrogaverat
1122 1735 1275 1785 exeuntem
1292 1727 1328 1785 de

335 1809 448 1868 theatro
474 1806 655 1887 Carpathium
681 1810 771 1870 Titius
793 1809 947 1886 Maximus,
977 1829 1013 1870 an
1043 1807 1227 1888 spectasset?
1256 1811 1329 1870 iecit

336 1890 505 1970 Carpathius
523 1893 728 1954 dubitationem
749 1897 811 1954 eius
833 1895 994 1955 stultiorem
1006 1895 1127 1954 dicendo
1137 1892 1250 1972 ,Non,
1270 1896 1329 1956 sed

334 1979 367 2038 ira
380 1978 538 2038 orchestra
548 1979 618 2056 pilo
631 1979 700 2040 lusi.

295 2070 328 2126 ta
418 2061 612 2122 Reiutatio
636 2081 698 2123 cum
718 2064 755 2121 sit
776 2064 804 2120 in
823 2063 972 2138 negando,
990 2062 1209 2138 redarguendo,
1227 2061 1325 2120 deien-

336 2146 447 2220 dendo,
475 2145 632 2206 elevando:
658 2146 779 2206 ridicule
805 2147 955 2222 negavit
980 2144 1089 2206 blanius
1110 2144 1227 2212 Curius;
1251 2163 1326 2219 nam,

338 2247 402 2288 cum
419 2230 481 2288 eius
498 2240 650 2290 accusator
671 2232 699 2289 in
723 2232 830 2307 sipario
847 2229 976 2288 omnibus
992 2229 1065 2289 locis
1081 2239 1128 2288 aut
1143 2230 1246 2288 nudum
1262 2246 1327 2286 eunr

337 2315 364 2372 in
380 2331 469 2372 nervo
487 2323 534 2372 aut
555 2313 590 2374 ab
612 2317 708 2374 amicis
730 2315 908 2392 redemptum
930 2332 968 2372 ex
988 2314 1052 2373 alea
1070 2315 1225 2391 pinxisset:
1242 2309 1328 2390 Ergo

295 2405 401 2474 itepo,
417 2399 516 2474 inquit,
532 2416 685 2475 nunquam
702 2400 782 2458 cici?
801 2397 1064 2473 Redarguimus
1085 2398 1196 2456 interim
1212 2405 1327 2473 aperte,

337 2489 367 2537 ut
383 2478 487 2538 Cicero
503 2479 616 2540 Vibium
632 2479 746 2539 Curium
764 2481 880 2540 multum
901 2480 936 2539 de
952 2483 1031 2540 annis
1047 2483 1148 2540 aetatis
1164 2497 1233 2538 suae
1248 2498 1327 2538 men·

338 2563 471 2638 tientem,
490 2562 563 2624 Tum
577 2584 665 2643 erpo,
684 2584 751 2624 ocem
765 2582 829 2625 ona
843 2567 1099 2639 declamodomas,
1113 2584 1172 2625 nort
1186 2581 1259 2625 cros
1272 2581 1329 2623 na·

339 2654 405 2716 tus,·
420 2648 530 2705 interim
545 2657 574 2706 et
589 2648 717 2707 simulata
729 2651 908 2724 assensione,
923 2658 953 2707 ut
967 2649 1042 2707 idem
1053 2647 1140 2707 Fabia
1152 2646 1329 2706 Dolabellae

340 2729 469 2805 dicente,
490 2733 604 2807 triginta
624 2750 656 2790 se
673 2749 762 2791 annos
778 2732 903 2805 habere,
925 2730 1035 2792 Veram
1047 2741 1108 2807 est,
1128 2732 1232 2808 inquit;
1255 2749 1329 2790 nom

297 2813 395 2875 labec
411 2815 494 2874 illam
514 2817 620 2894 viginti
637 2818 727 2876 annis
747 2818 850 2877 audio.
883 2815 965 2875 belle
978 2817 1088 2874 interim
1110 2814 1257 2873 subiicitur
1273 2830 1328 2891 pro

340 2914 387 2971 eo,
405 2899 481 2974 quod
497 2917 598 2976 neges,
615 2900 690 2959 aliud
705 2901 881 2960 mordacius:
896 2909 927 2959 ut
941 2899 1037 2957 lunius
1053 2899 1169 2972 Bassus,
1182 2904 1330 2974 'querente

339 2980 462 3040 Domitia
482 2983 624 3058 Passieni,
655 2984 731 3061 quod
755 2986 888 3043 incusans
917 2986 978 3042 eius
1000 2983 1102 3041 sordes
1123 2982 1240 3041 calceos
1265 2999 1330 3038 eam

237 3123 239 3129 ,
339 3075 457 3125 veteres
483 3067 593 3128 diceret
616 3069 744 3127 vendere
773 3069 887 3143 solere,
914 3065 982 3127 Nora
1002 3067 1204 3141 mehercules,
1224 3067 1329 3141 inquit,

339 3148 396 3210 boc
409 3166 543 3227 ouqrrom
557 3153 642 3220 oleo·
661 3154 718 3213 sed
733 3154 814 3229 dici,
831 3171 931 3213 emere
944 3159 973 3212 tc
986 3152 1092 3212 solere.
1125 3149 1328 3208 Defensio·

340 3249 416 3291 nem
436 3236 559 3294 imitatus
581 3246 625 3295 est
647 3254 736 3314 eques
756 3236 916 3311 Romanus,
944 3237 992 3313 qui
1016 3233 1160 3293 obiicienti
1181 3232 1327 3308 Augusto,

300 3316 416 3392 acquod
432 3321 627 3394 patrimonium
643 3321 833 3395 comedisset,
849 3318 965 3395 lllertm,
980 3320 1080 3396 inquit,
1096 3319 1213 3396 putooi.
1242 3315 1328 3375 Ele-

340 3418 359 3457 ι
370 3399 450 3458 andi
466 3405 539 3462 ratio
555 3414 599 3463 est
613 3403 731 3482 duplex,
751 3413 782 3472 ut
801 3412 848 3463 aut
862 3402 1062 3462 verecundiam
1079 3404 1142 3478 quis
1159 3410 1205 3459 aut
1219 3401 1327 3459 iaetan-

341 3484 408 3541 tiam
421 3485 542 3546 minuat:
565 3487 798 3564 quemadmodum
814 3485 845 3546 C.
864 3485 973 3546 Caesar
984 3486 1140 3563 Pomponio
1163 3484 1328 3544 ostendenti

341 3566 443 3624 vulnus
458 3584 509 3626 ore
524 3580 677 3648 exceptum
694 3572 721 3629 in
736 3571 877 3629 seditione
894 3571 1067 3648 Sulpiciana,
1080 3570 1157 3647 quod
1172 3571 1197 3627 is
1213 3587 1246 3628 se
1261 3585 1327 3646 pas·

318 3667 403 3729 ,sum
417 3668 471 3727 pro
487 3650 612 3712 Caesare
629 3663 803 3731 pugnantem
823 3654 1012 3730 gloriabatur,
1030 3651 1193 3731 Nunquam
1205 3653 1327 3732 fugiens

323 3739 518 3817 respexeris,
536 3737 642 3818 inquit;
659 3747 708 3801 aut
722 3739 829 3799 crimen
843 3737 996 3815 obiectum,
1011 3747 1041 3796 ut
1054 3736 1157 3798 Cicero
1174 3737 1325 3816 obiurgan-
