3184 4409
595 438 1018 508 memoraremnrexfl.
1233 426 1291 490 183

297 595 472 660 difficultas?
504 595 631 658 Periisse
659 596 793 675 prolecto
821 595 1010 657 confitendum
1042 566 1292 674 estpraeteritum

246 687 248 724 ³
297 685 443 758 laborem,
468 683 512 742 cui
534 699 650 759 semper
664 680 740 741 idem
755 680 942 741 laborandum
960 689 1013 739 est.
1044 679 1146 756 Neque
1164 697 1220 756 ego
1236 680 1294 740 hoc

246 778 248 787 ’
299 785 366 845 ago,
382 776 413 826 ut
428 783 466 826 ex
482 775 614 844 tempore
630 764 729 825 dicere
742 765 822 825 malit
836 765 889 825 sed
903 773 933 824 ut
946 764 1049 843 possit.
1080 762 1112 824 ld
1128 773 1222 823 autem
1236 782 1293 824 ma·

300 854 375 910 xime
389 851 448 911 hoc
463 850 550 909 modo
567 866 786 927 consequemur.
901 847 915 875 ⁶

379 974 454 1036 Nota
470 976 507 1034 sit
527 975 647 1053 primum
662 973 775 1034 dicendi
791 975 849 1034 ria.
884 972 987 1051 Neque
1002 973 1075 1033 enim
1090 974 1170 1051 prius
1186 974 1323 1037 contin-5

297 1078 369 1137 gere
388 1077 488 1119 onrsns
501 1067 599 1137 potest
611 1074 694 1138 quam
706 1060 868 1134 scierimus,
885 1075 942 1136 quo
958 1057 995 1116 sit
1011 1066 1040 1116 et
1054 1074 1109 1135 qna
1125 1059 1295 1135 pervenien-

297 1145 373 1203 dum.
400 1142 463 1202 Nec
484 1145 554 1203 satis
566 1151 611 1202 est
625 1159 682 1201 non
695 1141 831 1220 ignorare
847 1159 921 1221 quae
938 1150 1002 1200 sunt
1019 1158 1167 1201 causarum
1178 1140 1296 1200 iudicia·

298 1227 366 1287 lium
382 1236 490 1305 partes,
507 1235 555 1286 aut
570 1227 770 1306 quaestionum
785 1227 915 1286 ordinem
929 1234 1012 1285 recte
1026 1225 1192 1304 disponere,
1208 1241 1296 1302 quan·

298 1328 382 1389 qnam
398 1312 452 1370 ista
467 1313 522 1370 sint
537 1311 708 1389 praecipua;
736 1308 788 1370 sed
810 1309 878 1388 quid
899 1326 1015 1388 quoqne
1037 1307 1104 1368 loco
1125 1309 1245 1387 primum
1261 1309 1299 1368 sit

297 1413 333 1454 ac
348 1395 504 1454 secundum
519 1403 548 1453 et
563 1393 714 1472 deinceps;
739 1412 813 1473 quae
834 1396 873 1453 ita
897 1401 961 1453 sunt
975 1402 1075 1454 natura
1092 1392 1244 1470 copulata,
1266 1400 1298 1451 ut
1355 1466 1358 1470 ι

297 1478 399 1538 mutari
415 1487 462 1537 aut
478 1478 624 1546 intervelli
645 1480 706 1538 sine
731 1479 902 1538 confusione
929 1494 986 1536 nou
1007 1478 1128 1556 possint.
1160 1475 1326 1553 Quisquisfi

297 1570 391 1622 autem
410 1562 456 1621 via
472 1561 564 1638 dicet,
588 1561 709 1622 ducetur
722 1571 788 1622 ante
804 1563 897 1622 omnia
917 1579 1013 1620 rerum
1033 1561 1096 1639 ipsa
1119 1561 1196 1619 serie
1217 1559 1298 1618 velut

296 1646 387 1713 duce;
404 1655 525 1724 propter
540 1645 617 1724 quod
628 1646 757 1705 homines
774 1647 859 1706 etiam
868 1645 982 1706 modice
994 1645 1145 1705 exercitati
1159 1642 1296 1704 facillime

296 1739 428 1789 tenorem
443 1731 472 1788 in
486 1729 695 1790 narrationibus
712 1738 838 1790 servant.
873 1728 997 1806 Deinde,
1014 1727 1082 1807 quid
1098 1743 1213 1807 quoque
1228 1727 1296 1787 loco

298 1822 454 1892 quaerant,
477 1816 584 1891 scient,
606 1832 662 1874 nec
678 1813 960 1892 circumspectabunt
980 1831 1036 1873 nec
1055 1811 1243 1875 offerentibus
1264 1829 1297 1870 se

297 1897 413 1956 aliunde
430 1897 563 1957 sensibus
580 1897 769 1958 turbabuntur
783 1915 839 1957 nec
852 1895 1028 1957 confundent
1045 1913 1082 1955 ex
1093 1896 1216 1956 diversis
1233 1913 1298 1956 ora·

295 1983 404 2040 tionem
432 1981 513 2042 velut
540 1980 678 2043 salientes
704 1981 760 2041 hnc
785 1981 857 2041 illuc
883 1999 939 2041 nec
969 1997 1090 2059 nsquam
1119 1981 1295 2040 insistentes.

296 2064 447 2124 Postremo
463 2065 608 2125 habebunt
623 2064 736 2125 modum
754 2073 784 2124 et
800 2064 901 2140 linem,
926 2064 973 2142 qui
995 2081 1062 2123 esse
1085 2063 1157 2124 citra
1180 2062 1325 2127 divisio-'l

296 2167 362 2207 nem
381 2148 476 2209 nullus
505 2158 612 2228 potest.
656 2147 790 2228 Expletis
818 2164 873 2228 pro
893 2147 1031 2209 facultate
1052 2147 1199 2223 omnibus,
1221 2163 1296 2226 quae

297 2235 513 2312 proposuerint,
531 2233 701 2313 pervenisse
714 2251 747 2292 se
762 2233 799 2294 ad
813 2232 939 2292 uldmum
956 2233 1089 2292 sentient.

380 2355 418 2418 Et
432 2359 505 2419 haec
519 2357 633 2437 quidem
649 2366 781 2434 exarte,
797 2357 848 2418 illa
862 2374 935 2418 vero
951 2375 989 2417 ex
1005 2355 1115 2416 studio:
1138 2363 1170 2415 ut
1184 2356 1297 2434 copiam
1336 2356 1338 2359 ’

297 2443 439 2502 sermonis
449 2444 558 2522 optImi,
572 2442 809 2520 quemadmodum
819 2449 1007 2521 praeceptum
1018 2448 1296 2518 est,comparemus;

297 2526 386 2585 multo
402 2544 437 2585 ac
452 2527 530 2587 fideli
544 2526 611 2587 stilo
627 2528 670 2586 sic
685 2527 826 2587 formetur
843 2527 953 2601 oratio,
974 2532 1006 2584 ut
1022 2524 1197 2602 scriptorum
1215 2523 1297 2584 colo·

297 2628 359 2672 rem
381 2610 465 2669 etiam
490 2628 563 2689 quae
586 2610 680 2671 subito
702 2610 794 2670 effusa
816 2610 873 2670 sint
891 2608 1029 2677 reddant;
1056 2617 1102 2684 nt,
1124 2624 1188 2667 cum
1209 2606 1298 2668 multa

298 2695 511 2772 scripserimus,
529 2695 614 2754 etiarn
627 2694 716 2754 multa
731 2694 868 2755 dicamus.
891 2692 964 2754 Nam
976 2690 1155 2753 consuetudo
1168 2700 1198 2751 et
1212 2698 1326 2754 exer-8

299 2779 396 2838 citatio
415 2778 582 2839 facilitatem
596 2780 719 2839 maxime
735 2779 826 2856 parit;
848 2777 962 2857 quaesi
977 2775 1122 2856 paululum
1136 2777 1297 2836 intermissa

298 2862 402 2921 inerit:
418 2879 476 2922 non
489 2863 631 2923 velocitas
646 2862 696 2923 illa
710 2861 796 2923 modo
812 2861 949 2938 tardatur,
965 2860 1018 2922 sed
1028 2861 1122 2940 ipsum
1133 2876 1167 2920 os
1181 2875 1299 2939 quoque

300 2947 455 3006 concurrit:
488 2945 656 3024 Quanquam
670 2947 745 3006 enim
759 2962 833 3024 opus
851 2955 897 3006 est
910 2944 1033 3006 naturali
1051 2943 1170 3022 quadam
1186 2941 1298 3002 mobili·

298 3037 358 3087 tate
373 3030 467 3105 animi,
483 3037 524 3107 ut,
545 3031 610 3091 dnm
625 3031 755 3109 proxima
770 3030 905 3106 dicimus,
923 3038 1037 3089 struere
1050 3027 1190 3088 ulteriora
1205 3027 1299 3105 possi·

298 3129 371 3186 mus,
390 3131 563 3192 semperque
578 3123 705 3174 nostram
719 3130 824 3174 rocem
837 3114 955 3192 provisa
974 3121 1004 3173 et
1023 3112 1144 3173 formata
1160 3109 1298 3187 cogitatio

300 3195 441 3272 excipiat:
457 3199 506 3256 vix
521 3207 614 3257 tamen
629 3206 677 3258 aut
690 3205 792 3258 natura
805 3206 856 3257 aut
871 3198 945 3257 ratio
960 3198 989 3256 in
1003 3204 1059 3256 tam
1072 3193 1224 3273 multiplex
1235 3193 1327 3256 ott-o

301 3280 375 3338 cium
389 3279 526 3340 diducere
542 3282 662 3341 animum
679 3289 777 3359 queat,
792 3288 824 3340 nt
840 3281 1007 3357 inventioni,
1026 3279 1219 3357 dispositioni,
1236 3277 1297 3338 elo·

301 3362 419 3438 cationi,
438 3364 529 3425 ordini
544 3382 639 3424 rerum
652 3363 876 3443 verborumque,
891 3373 950 3424 turn
963 3365 1017 3438 iis,
1033 3379 1107 3441 quac
1122 3362 1206 3438 dicit,
1223 3379 1298 3440 quae

301 3444 503 3506 subiuncturus
519 3456 579 3524 est,
604 3466 679 3527 qnae
698 3448 773 3509 ultra
794 3448 952 3527 spectanda
967 3455 1048 3524 sunt,
1063 3445 1190 3507 adhibita
1203 3446 1297 3520 roais,

301 3531 555 3609 pronuntiationis,
578 3542 678 3610 gestus
699 3532 923 3609 observatione,
946 3549 1001 3592 una
1023 3530 1156 3591 sufficiat.
1198 3527 1341 3606 Longelo

301 3614 376 3673 enim
395 3615 552 3693 praecedat
575 3625 691 3695 oportet
712 3617 831 3678 intentio
858 3635 893 3678 ac
908 3633 978 3695 prae
996 3634 1029 3676 se
1042 3633 1091 3676 res
1106 3621 1189 3692 agat,
1210 3630 1297 3691 quan·

301 3707 418 3779 tumque
432 3700 555 3762 dicendo
572 3703 756 3794 consumitur,
771 3709 877 3764 tantum
892 3719 930 3762 ex
941 3701 1040 3762 ultimo
1049 3706 1240 3780 prorogemr;
1256 3705 1297 3774 nt,
