3184 4409
595 390 1037 459 rusr.oanroe.urs.1x‚4.
1263 385 1322 445 145

246 463 252 501 1

248 560 254 583 ²
299 549 400 610 tineri.
440 547 597 607 blembrum
615 546 728 624 longius
749 549 842 622 iusto,
864 547 990 614 tardum;
1018 547 1154 625 brevius,
1176 551 1310 611 instabile

246 632 254 669 l
302 642 361 693 est.
397 632 567 709 Ubicunque
583 634 688 691 acriter
701 632 770 707 erit,
787 633 937 706 instanter,
954 634 1125 709 pugnaciter
1140 635 1307 694 dicendum:

246 724 250 753 ¹
302 717 483 778 membratim
500 717 665 792 caesimque
687 716 832 783 dicemus,
854 734 917 775 nam
939 716 997 774 hoc
1019 718 1047 774 in
1072 719 1201 776 oratione
1224 718 1359 796 pluri-iti

246 800 252 836 l
302 820 381 861 mum
401 801 495 869 valet;
529 800 661 876 adeoque
684 798 772 858 rebus
796 800 1040 860 accommodanda
1064 805 1255 879 compositio,
1281 812 1312 863 ut

246 880 253 919 ¹
304 887 419 963 asperis
441 901 563 963 asperos
586 886 671 942 etiam
687 900 822 942 numeros
838 883 967 944 adhiberi
983 893 1119 962 oporteat
1140 895 1169 943 et
1190 904 1252 944 cum
1271 887 1311 944 di-

246 965 253 1003 ¹
304 979 393 1029 cente
409 987 503 1045 aeque
519 966 680 1028 audientem
695 968 910 1027 inhorrescere.
949 967 1127 1027 Membratim
1139 969 1310 1049 plerumque

247 1054 250 1067 ’
304 1053 500 1128 narrabimus,
525 1061 573 1111 aut
588 1054 667 1130 ipsas
684 1053 822 1129 periodos
837 1052 992 1111 maioribus
1007 1053 1168 1112 intervallis
1185 1063 1213 1113 et
1230 1054 1359 1116 velutlti

303 1137 468 1198 laxioribus
481 1136 564 1196 nodis
580 1136 779 1211 resolvemus,
798 1138 930 1214 exceptis
948 1155 1022 1214 quae
1035 1155 1092 1196 nou
1107 1137 1231 1198 docendi
1246 1156 1311 1215 gra·

246 1216 259 1309 '⁸
303 1225 346 1282 tia
367 1221 419 1281 sed
435 1221 553 1280 ornandi
574 1228 739 1295 narrantur,
760 1230 789 1279 ut
809 1223 837 1279 iu
852 1220 975 1280 Verrem
990 1221 1183 1298 Proserpinae
1198 1232 1307 1300 raptus.

304 1305 361 1366 Hic
385 1308 459 1364 euim
484 1305 556 1364 leuis
585 1313 613 1363 et
636 1305 728 1364 liuens
755 1313 909 1363 contextus
931 1305 1026 1364 decet.
1076 1305 1217 1366 Periodos
1242 1315 1308 1384 apta

303 1392 463 1470 prooemiis
484 1391 623 1465 maiorum
639 1406 804 1465 causarum,
828 1388 876 1447 ubi
896 1389 1107 1465 sollicitudine,
1128 1391 1359 1451 commenda-m

303 1476 400 1550 tione,
428 1475 613 1533 miseratione
635 1491 683 1532 res
704 1481 787 1549 eget,
823 1475 891 1531 item
913 1474 1109 1533 communibus
1134 1474 1209 1534 locis
1233 1484 1262 1534 et
1283 1475 1312 1533 in

304 1560 382 1618 omni
405 1558 642 1637 amplificatioue;
670 1557 722 1616 sed
745 1559 877 1634 poscitur
898 1566 956 1616 tum
978 1568 1110 1634 austera,
1134 1560 1159 1618 si
1175 1577 1309 1634 accuses,

302 1653 364 1703 tum
379 1642 459 1718 fusa,
483 1644 507 1701 si
534 1640 644 1701 laudes.
688 1640 807 1700 illultum
827 1651 857 1700 et
875 1643 902 1700 in
919 1642 1043 1720 epilogis
1060 1643 1164 1720 pollet.
1204 1644 1308 1705 'lotum

303 1736 400 1787 autem
419 1727 476 1785 hoc
497 1726 686 1786 adhibendum
705 1734 764 1800 est,
787 1725 864 1803 quod
890 1727 927 1784 sit
947 1727 1067 1804 amplius
1089 1730 1306 1806 compositionis
1316 1734 1359 1790 121

302 1829 413 1889 genus,
431 1829 495 1870 cum
510 1811 597 1869 iudex
612 1827 670 1869 nou
682 1809 774 1875 solum
787 1827 849 1867 rem
864 1818 959 1884 tenet,
976 1810 1029 1869 sed
1045 1813 1130 1870 etiam
1146 1821 1247 1890 captus
1264 1820 1308 1871 est

304 1896 437 1955 oratione
461 1903 490 1954 et
511 1912 544 1953 se
569 1894 662 1954 credit
682 1895 773 1953 actori
797 1902 826 1952 et
847 1893 997 1972 voluptate
1017 1893 1072 1952 iam
1099 1895 1221 1954 ducitur.
1259 1896 1307 1955 lli·

302 1981 394 2040 storia
414 1995 471 2038 uon
492 1988 548 2038 tam
569 1978 664 2037 finitos
689 1995 824 2036 numeros
845 1995 928 2055 quam
949 1977 1049 2037 orbem
1074 1980 1215 2054 quendam
1239 1997 1307 2039 con-

302 2072 472 2142 textumque
491 2061 647 2122 desiderat.
689 2061 819 2139 Namque
842 2062 936 2120 omnia
951 2064 1013 2120 eius
1033 2062 1160 2122 membra
1177 2080 1308 2123 connexa

303 2157 370 2208 sunt
389 2156 433 2222 et,
458 2148 592 2225 quoniam
607 2145 717 2206 lubrica
734 2154 778 2204 est
794 2162 829 2204 ac
844 2146 922 2220 fluit,
945 2154 975 2204 ut
989 2146 1136 2221 homiues,
1157 2149 1205 2226 qui
1220 2148 1307 2206 mani·

302 2231 359 2291 bus
381 2232 504 2291 invicem
525 2230 715 2309 apprehensis
736 2230 856 2306 gradum
873 2229 1000 2306 firmant,
1025 2233 1172 2290 continent
1193 2241 1222 2291 et
1242 2248 1310 2291 con·

301 2317 438 2375 tinentur.
466 2314 728 2374 Demonstrativum
743 2331 836 2390 genus
852 2330 936 2372 omne
952 2313 1078 2374 fusiores
1089 2314 1176 2375 habet
1190 2314 1359 2389 liberio-13(

302 2418 412 2478 resque
436 2415 586 2467 numeros;
611 2398 748 2475 judiciale
763 2407 792 2457 et
807 2398 989 2475 contionale,
1010 2408 1041 2458 ut
1061 2401 1181 2460 materia
1199 2401 1308 2460 varium

304 2493 366 2560 est,
383 2485 426 2543 sic
442 2485 528 2543 etiam
543 2483 606 2562 ipsa
618 2482 815 2542 collocatione
830 2481 996 2541 verborum.
1099 2521 1100 2525 =

387 2567 444 2627 Ubi
459 2569 514 2626 iam
529 2567 612 2626 nohis
628 2585 695 2646 pars
712 2585 750 2625 ex
765 2565 893 2641 duabus,
911 2583 982 2645 quas
1003 2566 1089 2626 modo
1106 2567 1243 2644 lecimus,
1262 2585 1308 2627 se·

304 2649 397 2712 cunda
415 2652 562 2711 tractanda
579 2659 633 2711 est.
674 2649 745 2710 Nam
761 2652 825 2729 quis
841 2649 952 2710 dubitat
967 2650 1022 2711 alia
1038 2651 1148 2728 lenius,
1167 2652 1222 2711 alia
1240 2668 1308 2711 con·

304 2736 437 2811 citatius,
460 2736 516 2795 alia
540 2735 705 2810 sublimius,
730 2735 785 2794 alia
803 2735 979 2812 pugnacius,
1004 2735 1059 2795 alia
1081 2737 1225 2810 ornatius,
1252 2736 1308 2794 alia

302 2819 442 2896 gracilius
461 2837 528 2878 esse
543 2819 680 2887 dicenda;
704 2819 857 2895 gravibus,
874 2817 1061 2894 sublimibus,
1080 2821 1188 2879 ornatis
1206 2819 1307 2895 longas
1315 2827 1359 2882 131

302 2905 396 2980 magis
415 2903 543 2979 syllabas
567 2900 746 2963 convenire?
767 2904 807 2962 ita
823 2912 854 2961 ut
873 2903 949 2963 leuia
966 2905 1108 2986 spatium,
1131 2900 1263 2961 sublimia
1280 2910 1309 2961 et

303 2996 405 3047 ornata
427 2989 587 3048 claritatem
613 3004 729 3066 quoque
755 2987 898 3046 vocalium
923 2996 1062 3065 poseant;
1094 2987 1138 3047 his
1165 2987 1308 3045 contraria

301 3074 394 3148 magis
406 3072 535 3149 gaudere
548 3070 696 3146 brevibus,
709 3081 886 3148 argumenta,
898 3071 1078 3149 partitiones,
1091 3071 1175 3129 iocos
1188 3077 1217 3128 et
1229 3071 1308 3147 quid·

304 3155 371 3234 quid
393 3166 438 3215 est
453 3159 579 3216 sermoni
601 3157 692 3232 magis
708 3154 812 3215 simile.
856 3154 957 3231 ltaque
979 3170 1184 3233 componemus
1201 3157 1359 3232 proce-13!

301 3243 388 3301 mium
408 3243 489 3300 varie
514 3250 600 3319 atque
627 3247 659 3299 ut
679 3257 782 3298 sensus
809 3240 871 3298 eius
893 3237 1060 3316 postulabit.
1104 3237 1206 3315 Neque
1225 3240 1307 3320 'enim

303 3325 480 3384 accesserim
497 3323 602 3401 Celso,
625 3325 673 3402 qui
689 3340 772 3383 unam
788 3323 928 3399 quandam
948 3321 1018 3391 huic
1033 3324 1107 3399 parti
1123 3322 1241 3381 formam
1257 3322 1306 3383 de-

303 3409 360 3484 dit,
386 3417 414 3468 et
436 3411 571 3487 optimam
589 3409 830 3487 compositionem
852 3424 919 3465 esse
940 3407 1081 3483 prooemii
1097 3415 1128 3466 ut
1150 3406 1225 3485 apud
1240 3406 1306 3465 Asi-

302 3494 380 3550 nium
396 3492 481 3552 dixit:
505 3492 557 3569 Si,
581 3490 718 3568 Caesar,
741 3510 781 3552 ec
802 3491 940 3552 omnibus
954 3491 1147 3568 mortalibus,
1169 3491 1221 3570 qai
1239 3499 1308 3552 cunt

302 3597 343 3638 ce
356 3577 497 3654 suerunt,
520 3584 624 3655 posset
637 3575 709 3636 licie
728 3595 844 3638 causae
859 3577 1046 3652 disceptator
1060 3578 1133 3652 lapi,
1148 3593 1208 3637 noa
1223 3575 1306 3653 quis·
1344 3651 1351 3661 Ι

303 3678 396 3740 quom
415 3668 444 3720 tc
463 3665 565 3738 potios
587 3661 739 3737 optandus
761 3661 847 3723 uobis
863 3661 930 3740 [uit.
968 3659 1118 3740 Nonquia
1129 3675 1242 3733 negem
1251 3657 1359 3719 heom

341 3764 372 3800 rr.
392 3764 416 3800 a.
441 3766 554 3812 pernati.
572 3749 606 3804 tt
1114 3743 1159 3802 lb
1357 3756 1359 3782 ⁴
