3184 4409
517 509 607 559 meu.
623 509 773 560 cernon.
791 509 860 558 nus.
878 509 974 576 1x‚4.
1184 499 1242 561 137

246 665 356 741 solent,
381 682 476 744 eoque
500 664 579 724 lactc
600 665 715 742 mtium,
738 656 895 743 quoderat
916 665 944 723 in
967 663 1040 740 line,
1068 666 1241 727 continuatio

246 749 385 810 emendat.
430 747 498 810 Non
518 750 580 811 oolt
598 751 730 827 popolus
743 749 899 810 Romanos
912 750 1051 810 obsoletis
1066 752 1244 813 criminibus

246 834 390 896 occasuri
407 831 534 895 Verrem
547 834 664 910 durum,
687 834 711 893 si
730 833 861 902 desinas;
887 832 940 891 sed
957 851 1021 892 oum
1036 843 1081 892 est
1096 837 1242 894 continua·

246 927 300 977 turn
322 918 356 976 iis
380 935 455 995 quae
478 925 656 995 sequuntur,
679 933 839 994 quanquam
860 925 959 977 natura
979 918 1043 994 ipsa
1060 917 1152 977 divisa
1175 921 1241 992 sint,

246 999 333 1067 Nooo
352 1003 500 1079 postolat,
522 995 662 1062 inaudito
682 1003 857 1062 desiderat:
879 1000 976 1059 salvus
992 1008 1038 1060 est
1056 1019 1166 1061 cursus.
1207 1001 1283 1064 llt'll

246 1087 356 1159 odeas,
372 1093 487 1146 tontum
503 1085 606 1160 dahis,
623 1083 698 1143 male
716 1084 863 1161 eluderet,
882 1102 946 1143 nam
962 1093 991 1143 et
1007 1085 1125 1144 trimetri
1140 1104 1242 1145 versus

246 1187 310 1248 pars
332 1168 430 1228 ultima
455 1176 513 1237 est;
543 1169 652 1245 excipit
675 1166 712 1228 Ut
734 1170 834 1230 eibum
858 1170 1054 1246 uestitumque
1078 1171 1243 1249 introferre

246 1255 349 1329 licent,
376 1259 512 1320 tontnmr
538 1269 682 1330 praeceps
704 1251 799 1312 adhuc
821 1251 948 1313 firmatur
968 1270 1003 1313 ac
1024 1253 1180 1313 sustinetur
1199 1253 1242 1312 ul·

246 1338 312 1396 timo
336 1331 430 1398 Nemo
444 1337 618 1398 recnsohot.
776 1384 778 1388 Α

326 1419 449 1479 Versum
472 1421 501 1478 in
522 1420 654 1480 oratione
675 1419 738 1479 ficri
753 1418 844 1479 multo
863 1418 1058 1479 foedissimum
1078 1428 1123 1479 est
1140 1427 1285 1495 totumne

246 1503 296 1563 sed
313 1504 395 1563 etiam
409 1506 438 1563 in
453 1513 535 1582 parte
552 1503 696 1571 deiorme;
717 1504 817 1581 utique
833 1504 857 1561 si
873 1520 940 1580 pars
956 1504 1144 1581 posterioria
1163 1504 1241 1564 cleu·

246 1587 307 1648 sula
322 1587 554 1666 deprehendatur
575 1596 622 1648 aut
637 1604 737 1646 rursus
751 1588 832 1665 prior
846 1588 875 1646 in
890 1589 1034 1664 ingressu.
1078 1586 1149 1647 Nam
1165 1587 1242 1666 quod

246 1681 290 1732 est
307 1681 406 1731 contra
424 1689 514 1750 saepe
529 1673 615 1732 ctiam
629 1672 730 1746 decet,
753 1671 868 1748 quia'et
882 1670 988 1732 claudit
1005 1673 1117 1731 interim
1134 1673 1242 1750 optime

246 1757 335 1834 prima
351 1773 417 1833 pars
432 1774 551 1830 uersus,
568 1754 633 1815 dum
647 1755 720 1813 intra
735 1771 842 1832 paucas
858 1755 1005 1831 syllabas,
1021 1756 1178 1834 praecipue
1196 1773 1242 1816 se·

246 1840 317 1898 narii
339 1848 425 1917 atque
441 1839 598 1906 octonarii;
624 1836 674 1919 (In
687 1835 798 1916 Africo
815 1838 913 1917 foisse
933 1840 1040 1899 initium
1057 1840 1163 1899 senarii
1185 1847 1285 1913 estas

246 1924 363 2002 primurn
383 1939 436 2001 pro
459 1922 495 1995 Q.
517 1922 632 1999 Ligario
653 1929 739 1999 capnt
759 1921 880 1990 claudit;
906 1919 984 1984 Esse
999 1923 1157 2000 videntur,
1178 1940 1243 1982 nam

246 2007 326 2065 nimis
341 2005 493 2084 frequens,
516 2006 694 2067 octonarium
709 2004 839 2073 inchoat3
866 2005 933 2065 talia
948 2015 1013 2066 sunt
1026 2007 1241 2083 Demosthenis,

246 2093 318 2150 πᾶσι
343 2088 393 2150 noi
415 2084 539 2161 πάσαις·
566 2088 617 2150 noi
636 2093 728 2149 πᾶσιν
747 2081 833 2167 ὑμῖν,
863 2098 893 2148 et
912 2098 1002 2149 toturn
1022 2107 1115 2168 paene
1138 2091 1242 2169 prinei·

246 2175 337 2254 pium)
365 2183 394 2234 et
417 2173 515 2233 ultima
538 2190 673 2233 versuum
697 2174 776 2234 initio
799 2173 972 2233 conueniunt
997 2174 1149 2232 orationis:
1176 2170 1284 2241 Etsi74

246 2277 369 2334 uereor,
383 2259 515 2333 indices,
531 2265 561 2317 ct
576 2257 802 2332 Animadverti,
816 2259 944 2318 indicet.
988 2257 1046 2317 Sed
1062 2257 1140 2317 initia
1156 2258 1241 2317 initiis
1343 2328 1346 2336 ι

246 2359 301 2402 non
322 2342 509 2417 conveniunt,
531 2341 581 2421 (Τ.
604 2341 699 2401 Livius
720 2341 879 2401 hexametri
901 2340 1021 2401 exordio
1039 2342 1151 2418 coepit:
1179 2339 1240 2402 xc-

246 2434 388 2487 otnrnene
403 2443 517 2503 operor
535 2427 666 2506 pretium
685 2427 763 2496 sirm
790 2442 854 2484 nam
875 2425 913 2485 ita
935 2424 1037 2499 edidit,
1059 2433 1161 2502 estque
1181 2440 1241 2484 me·

246 2509 317 2583 lius,
342 2527 426 2588 quarn
451 2526 507 2587 quo
533 2509 619 2569 modo
642 2509 823 2587 emendatur)
844 2526 901 2568 nec
923 2507 1071 2570 clausulae
1093 2509 1239 2584 clausulis,
1249 2517 1283 2575 75

245 2601 275 2652 ut
296 2590 419 2669 Cicero,
445 2590 511 2666 Qoo
532 2612 580 2655 me
595 2603 729 2670 certam,
749 2594 872 2662 nesciat
898 2593 946 2670 qui
962 2593 1082 2652 trimetri
1102 2593 1165 2652 linis
1186 2601 1240 2652 est.

246 2676 406 2737 Trimetron
422 2686 451 2737 et
470 2677 634 2756 promiscue
654 2676 752 2737 dicere
771 2677 874 2752 liccat,
895 2695 950 2736 sex
971 2678 1046 2737 enim
1065 2677 1158 2755 pedes
1181 2686 1242 2737 tres

245 2763 451 2840 percussiones
471 2761 587 2821 hahent.
631 2760 715 2822 Peius
737 2760 827 2822 cludit
847 2761 910 2821 linis
927 2761 1099 2839 hexametri,
1125 2769 1156 2821 ut
1172 2761 1240 2820 Bru·

246 2853 291 2904 tus
306 2846 335 2904 in
351 2845 500 2923 epistolis:
516 2843 622 2925 Neque
635 2846 680 2907 illi
694 2846 809 2907 molom
822 2844 937 2908 holere
948 2853 1063 2908 tutores
1076 2855 1129 2907 cot
1140 2845 1242 2924 deferr·

246 2946 346 3005 soree,
370 2947 544 3008 pannonum
558 2930 658 2992 scirem
675 2931 832 3008 placuisse
846 2927 964 2992 Catoni.
1006 2928 1053 2990 llli
1067 2930 1158 2988 minus
1179 2932 1284 2992 succro

246 3011 403 3088 notabiles,
427 3015 492 3091 quia
515 3014 571 3074 hcc
591 3031 682 3091 genus
709 3015 834 3075 sermoni
853 3015 1013 3092 proximum
1037 3020 1092 3073 est.
1141 3012 1241 3087 ltaque

246 3104 274 3155 et
293 3115 395 3156 versus
417 3099 470 3157 toti
490 3098 554 3158 iere
576 3098 725 3174 excidunt,
751 3115 825 3178 quos
839 3097 942 3158 Brutus
965 3099 1029 3175 ipso
1053 3092 1243 3173 componendi

246 3180 346 3240 ductus
366 3181 462 3241 studio
485 3182 655 3260 saepissime
678 3181 760 3258 iacit,
782 3199 840 3242 non
853 3199 920 3242 raro
937 3180 1068 3255 Asinius,
1090 3178 1242 3238 sedetiam

245 3261 350 3323 Cicero
365 3282 580 3345 nonnunquam,
603 3274 635 3324 ut
655 3266 683 3324 in
703 3266 846 3344 principio
867 3266 961 3325 statim
981 3262 1118 3324 orationis
1139 3263 1167 3320 in
1188 3260 1242 3320 Lu·

245 3348 319 3406 cium
339 3348 487 3410 Pisonem:
514 3349 575 3412 Pro
597 3351 642 3416 dii
660 3351 861 3427 imncortolee3
880 3350 948 3428 quis
962 3349 1013 3409 hie
1033 3347 1133 3409 illuri
1155 3347 1243 3407 alieti
1302 3422 1306 3432 Ι

247 3429 312 3489 Non
328 3433 439 3492 minore
455 3443 547 3494 autem
561 3450 629 3510 cura
642 3433 786 3495 vitandum
800 3441 861 3508 est,
878 3431 1014 3511 quidquid
1026 3439 1071 3491 est
1081 3429 1242 3511 ἔνρυθμον,
1250 3435 1284 3492 77

245 3514 331 3591 quale
340 3517 416 3593 apud
430 3517 611 3578 Sallustium:
623 3514 715 3579 Falso
725 3519 863 3596 poenitor
874 3519 913 3578 de
926 3523 1039 3577 notura
1048 3533 1116 3576 eoo.
1138 3514 1241 3588 Quam-

245 3598 288 3655 ris
304 3600 377 3658 enirn
392 3601 486 3660 vincta
502 3603 555 3676 sit,
574 3611 668 3661 tamen
682 3601 777 3661 soluta
791 3599 883 3660 videri
898 3599 986 3660 dehet
1007 3601 1109 3659 oratio.
1154 3596 1243 3676 Atqui

246 3679 345 3758 Plato,
363 3682 598 3761 diligentissimus
613 3685 849 3764 compositionis,
864 3685 893 3742 in
909 3683 1027 3743 Timaeo
1043 3684 1132 3762 prima
1148 3681 1242 3741 statim

246 3773 328 3843 parte
341 3767 433 3828 vitare
448 3768 503 3828 ista
515 3783 572 3827 non
586 3768 688 3847 potuit.
724 3765 796 3829 Nam
811 3776 841 3828 et
855 3769 961 3830 initium
976 3767 1134 3831 hexametri
1148 3763 1242 3827 statim
1250 3769 1284 3828 tu
