3184 4409
542 475 631 526 mer.
655 473 803 527 eunucu.
825 475 894 523 nra.
916 474 954 541 u,
973 471 999 525 6.
1013 468 1038 524 7.
1228 459 1285 521 195

290 624 411 710 quere‚'
427 629 463 689 au
484 631 631 708 peierarit.
670 629 729 690 Sed
751 628 834 689 nobis
857 626 1090 688 adolescentibus
1111 629 1242 686 seniores
1260 630 1315 694 in6

292 714 409 791 agendo
436 713 505 773 lacti
528 714 701 791 praecipere
721 713 870 786 solebant,
891 731 928 771 ne
948 730 1071 789 unquam
1096 713 1287 772 iusiurandum

290 797 492 873 deferremus,
516 799 591 857 sicut
607 815 702 876 neque
721 799 802 876 optio
823 797 925 855 iudicis
943 797 1108 855 adversario
1127 805 1206 854 esset
1221 814 1287 873 per·

291 881 431 941 mittenda
451 899 507 941 nec
530 899 567 940 ex
588 881 735 940 advocatis
752 881 841 959 partis
857 880 997 939 adversae
1017 879 1103 938 iudex
1121 880 1286 956 eligendum

291 983 366 1042 nam,
390 966 415 1024 si
435 964 535 1033 dicere
550 966 691 1024 contraria
702 974 786 1042 turpe
798 964 1110 1038 advocatovideretur,
1135 972 1215 1022 certe
1230 972 1287 1022 tur-

291 1050 356 1128 pius
371 1047 548 1127 babendum,
564 1049 663 1108 iacere
683 1047 760 1128 quod
774 1056 889 1107 noceat.

570 1223 573 1228 ¹
679 1200 723 1250 DE
739 1199 903 1253 TESTIBUS.

376 1294 440 1357 Vll.
467 1295 607 1356 Maximus
621 1307 714 1356 tamen
731 1298 859 1376 patronis
875 1299 951 1357 circa
971 1299 1180 1356 testimonia
1200 1297 1288 1356 sudor

293 1390 347 1441 cst.
378 1379 422 1440 Ea
440 1380 632 1440 dicunturaut
652 1399 720 1459 per
739 1380 888 1441 tabulas
909 1388 956 1440 aut
977 1399 994 1440 a
1013 1380 1286 1461 praesentibus.

293 1464 459 1542 Simplicior
484 1473 585 1544 contra
608 1464 720 1525 tabulas
743 1472 848 1543 pugna.
882 1465 954 1525 Nam
978 1474 1007 1524 et
1028 1467 1118 1523 minus
1140 1465 1288 1524 obstitisse

292 1547 407 1606 videtur
420 1548 514 1626 pudor
530 1550 605 1607 inter
619 1566 728 1626 paucos
745 1551 926 1625 signatores,
945 1557 974 1608 et
985 1565 1039 1626 pro
1054 1549 1211 1609 diffidentia
1222 1565 1287 1627 pre·

292 1632 379 1690 mitur
396 1631 537 1692 absentia.
566 1633 596 1691 si
613 1632 870 1711 reprehensionem
891 1649 948 1691 uon
968 1635 1044 1710 capit
1062 1634 1125 1712 ipsa
1145 1649 1287 1710 persona:

293 1715 431 1775 infamare
445 1718 610 1793 signatores
626 1716 704 1776 licet.
728 1715 827 1776 l'acita
837 1716 990 1795 praeterea
1001 1717 1140 1793 quaedam
1150 1718 1287 1793 cogitatio
1299 1725 1316 1777 2

294 1799 458 1876 refragatur
478 1799 522 1858 his
543 1799 688 1876 omnibus,
709 1800 786 1878 quod
806 1817 889 1859 nemo
904 1818 958 1878 per
972 1799 1083 1861 tabulas
1098 1801 1146 1860 dat
1160 1803 1287 1860 testimo·

293 1884 370 1942 nium
389 1884 444 1942 uisi
466 1901 517 1942 sua
536 1882 699 1951 uoluntate;
722 1901 778 1960 quo
801 1886 865 1961 ipso
886 1901 943 1942 uon
968 1901 1034 1941 esse
1058 1887 1176 1943 amicum
1197 1887 1224 1942 ei
1243 1903 1287 1959 se,

293 1975 396 2026 contra
416 1985 501 2045 quern
524 1967 609 2043 dicit,
632 1966 746 2026 latetur.
777 1966 881 2044 Neque
901 1977 995 2027 tamen
1015 1970 1144 2048 protinus
1166 1970 1289 2027 cesserit

292 2061 410 2126 orator,
433 2067 489 2128 quo
513 2052 603 2109 minus
625 2060 654 2109 et
675 2052 783 2110 amicus
804 2068 858 2128 pro
880 2053 971 2109 amico
992 2059 1021 2108 et
1042 2052 1170 2109 inimicus
1189 2060 1288 2110 contra

291 2135 435 2194 inimicum
455 2135 548 2212 possit
568 2151 684 2209 verum,
707 2137 731 2192 si
750 2135 863 2211 integra
881 2135 917 2193 sit
934 2135 961 2192 ei
977 2133 1065 2209 fides,
1087 2134 1195 2193 dicere.
1229 2135 1290 2194 Sed
1346 2192 1348 2197 .

291 2219 350 2279 late
367 2218 452 2278 locus
467 2227 590 2296 uterque
605 2227 751 2279 tractatur.

379 2298 450 2362 (lum
465 2319 572 2380 praes
581 2301 727 2360 entibus
742 2318 814 2360 vero
826 2302 926 2377 ingens
939 2301 1082 2360 dimicatio
1094 2309 1149 2375 est,
1161 2300 1315 2376 ideoque3
1355 2373 1357 2375 Ι

289 2385 374 2446 volut
393 2385 501 2463 duplici
521 2394 621 2444 contra
643 2402 695 2444 eos
710 2403 822 2464 proque
838 2387 872 2444 iis
888 2387 951 2444 acie
968 2384 1130 2460 confligitur
1145 2386 1288 2444 actionum

291 2480 321 2529 et
336 2471 604 2545 interrogationum.
634 2468 666 2528 ln
686 2469 893 2528 actionibus
909 2471 1027 2546 primum
1041 2468 1220 2545 generaliter
1233 2485 1286 2547 pro

290 2552 416 2613 testibus
437 2562 523 2630 atque
546 2555 576 2611 in
594 2562 685 2612 testes
704 2554 759 2613 dici
780 2554 866 2613 solet.
893 2551 947 2612 Est
961 2553 1008 2612 bic
1023 2555 1178 2612 communis
1192 2552 1317 2630 locus‚4

292 2655 358 2696 cum
374 2653 442 2715 pars
455 2636 546 2696 altera
558 2636 665 2696 nullam
678 2637 831 2701 firmiorem
842 2636 1041 2715 probationem
1051 2655 1118 2696 esse
1131 2637 1287 2714 contendit,

292 2737 378 2796 quam
396 2738 470 2797 quae
487 2723 523 2780 sit
538 2721 680 2782 bominum
696 2723 816 2781 selentia
831 2723 912 2788 uixa;
929 2721 1019 2780 altera
1034 2720 1069 2779 ad
1086 2721 1290 2782 detrabendum

292 2804 353 2863 illis
374 2803 459 2863 fidem
481 2805 588 2880 omnia,
617 2823 671 2883 per
690 2823 765 2882 quae
788 2805 854 2879 lieri-
876 2805 990 2864 soleant
1015 2805 1089 2864 falsa
1115 2807 1288 2880 testimonia,

294 2897 453 2946 enumerat.
491 2888 622 2966 Sequens
641 2891 714 2948 ratio
738 2898 799 2965 cst,
824 2907 887 2949 cum
909 2890 1078 2967 specialiter
1098 2890 1214 2968 quidem
1237 2889 1317 2948 sedi»

293 2980 389 3029 tamen
404 2970 509 3030 multos
521 2975 628 3049 pariter
640 2973 900 3050 invaderepatroni
911 2974 1016 3032 solent.
1039 2971 1110 3032 Nam
1123 2982 1152 3032 ct
1163 2973 1290 3050 gentium

293 3054 379 3114 simul
393 3056 590 3114 universarum
606 3056 720 3115 elevata
736 3059 898 3117 testimonia
914 3057 949 3116 ab
964 3056 1126 3116 oratoribus
1141 3059 1246 3115 scimus
1261 3065 1290 3114 et

293 3146 357 3197 tota
381 3156 490 3214 genera
515 3141 756 3200 testimoniorum:
789 3149 820 3200 ut
840 3139 876 3200 de
899 3140 1104 3207 auditionibus;
1135 3141 1290 3198 nonenim

291 3224 375 3300 ipsos
398 3240 466 3280 esse
486 3231 577 3282 testes
593 3223 645 3283 sed
660 3225 844 3283 iniuratorum
860 3224 964 3284 allerre
978 3242 1082 3290 voces:
1106 3232 1136 3282 ut
1151 3225 1179 3282 iu
1195 3225 1295 3283 causis·

284 3306 535 3384 repetundarum,
552 3309 599 3384 qui
614 3325 648 3366 se
662 3324 715 3366 reo
732 3324 900 3367 numerasse
915 3311 1053 3385 pecunias
1068 3309 1177 3383 iurant,
1195 3307 1289 3384 litiga·

291 3399 387 3448 torum
406 3407 464 3448 nou
480 3393 594 3449 testium
608 3390 756 3450 habendos
772 3391 849 3451 loco.
874 3391 989 3451 Interim
1005 3391 1144 3451 adversus
1159 3393 1317 3468 singulosd

291 3474 425 3550 dirigitur
440 3476 530 3542 actio;
552 3475 629 3552 quod
643 3476 839 3534 insectationis
856 3493 949 3552 genus
963 3485 992 3534 ct
1006 3475 1175 3554 permixtum
1190 3476 1288 3534 delen-

292 3559 367 3616 sioni
390 3557 512 3634 legimus
533 3560 562 3617 iu
585 3559 762 3619 orationibus
784 3559 913 3637 plurimis
937 3569 967 3618 et
991 3561 1145 3637 separatim
1172 3559 1288 3630 editum,

291 3643 368 3701 sicut
392 3643 421 3699 in
439 3639 582 3701 Vatinium
601 3650 714 3701 testem.
754 3641 856 3702 l'otum
875 3645 963 3720 igitur
982 3645 1158 3703 excutiamus
1182 3643 1287 3716 locum,

291 3725 408 3802 quando
426 3725 587 3785 universum
601 3727 807 3786 iustitutionem
821 3729 955 3804 aggressi
969 3744 1075 3787 sumus.
1101 3725 1289 3786 subiciebant

1067 3808 1131 3874 ta*
