3184 4409
340 436 402 502 208
647 452 1008 512 museoururmmur

340 625 461 685 cumque
482 605 630 685 responsis
646 605 799 666 dominatio
816 607 877 666 dari
898 605 988 666 tribus
1005 605 1150 673 Corneliis
1165 606 1327 688 dicebatur,

339 710 429 771 seque
455 709 518 751 eum
539 692 652 750 tertium
675 708 741 748 esse
763 690 900 750 credebat
920 699 986 768 post
1001 686 1328 770 'Sullam..01nnamque‚

296 785 329 840 31
338 779 403 855 quia
421 777 529 853 etipse
547 773 699 834 Cornelius
717 782 787 832 erat.
822 773 893 834 Nam
916 783 945 843 et
970 774 1039 833 illud
1061 767 1137 858 apud
1153 769 1328 853 ¹Euripidem

339 860 471 936 irigidum
487 877 566 934 sane,
586 857 662 935 quod
673 874 776 917 nomen
787 857 942 933 Polynicis,
958 867 988 917 ut
1001 866 1196 934 argumentum
1207 877 1328 937 morum,

339 944 428 1003 irater
444 943 572 1002 incessit.
606 941 739 1001 locorum
754 950 848 1000 tamen
864 959 900 1000 ex
916 959 952 1000 eo
967 941 1104 1020 frequens
1120 944 1254 1018 materia,
1272 962 1329 1021 qua

340 1025 444 1086 Cicero
460 1028 488 1085 in
502 1025 624 1085 Verrem
638 1041 695 1085 non
710 1024 801 1084 semel
815 1043 884 1083 usus
902 1034 956 1083 est.
994 1025 1073 1084 Haec
1088 1025 1152 1085 iere
1168 1027 1245 1086 circa
1261 1045 1327 1105 per·

339 1128 425 1169 sonas
440 1118 504 1168 sunt
519 1117 566 1169 aut
581 1110 625 1169 his
640 1109 752 1168 similia.
786 1107 890 1186 Neque
911 1109 984 1168 enim
1000 1109 1155 1187 complecti
1170 1111 1263 1169 omnia
1278 1112 1327 1171 vel

338 1194 392 1266 hac
403 1195 431 1252 in
444 1202 525 1272 parte
537 1193 585 1252 vel
600 1194 628 1251 in
640 1194 746 1252 ceteris
760 1208 923 1271 possumus,
941 1195 1067 1252 contenti
1084 1193 1222 1252 rationem
1239 1212 1327 1271 quae·

339 1278 434 1336 sitnris
450 1277 614 1336 ostendere.

295 1368 329 1422 32
420 1361 502 1420 Nunc
516 1360 552 1419 ad
572 1377 635 1418 res
656 1368 788 1436 transeo,
814 1360 843 1418 in
859 1357 960 1437 quibus
974 1359 1098 1420 maxime
1115 1369 1179 1419 sunt
1193 1363 1329 1439 personis

337 1447 448 1520 innota,
474 1461 547 1522 quae
563 1445 689 1521 agimus,
711 1443 836 1522 ideoque
859 1445 949 1522 prima
963 1443 1120 1517 tractanda.
1149 1442 1181 1503 ln
1196 1445 1327 1505 omnibns

336 1545 442 1607 pomo,
470 1546 544 1606 quae
575 1528 658 1602 fiunt,
688 1531 834 1605 quaeritur
859 1536 907 1587 ant
927 1522 1069 1600 Quare?
1092 1535 1141 1586 aut
1164 1525 1254 1588 Ubi?
1280 1538 1328 1589 aut

295 1608 505 1685 &Quando'd
522 1620 570 1671 aut
585 1607 793 1684 Quomodo?
815 1610 945 1670 arrtPe'r
960 1628 1051 1688 quae
1066 1609 1142 1671 iacta
1158 1609 1245 1672 sunt?
1268 1611 1327 1672 Du·

338 1705 438 1755 cuntur
452 1697 537 1772 igitur
551 1703 716 1770 argumenta
736 1712 774 1754 ex
794 1695 917 1755 causis
932 1694 1074 1754 factorum
1087 1694 1135 1755 vel
1152 1695 1326 1764 futurorum3

338 1797 455 1856 quarum
468 1779 623 1852 materiam,
636 1797 720 1856 quam
730 1771 806 1856 ὅλην
818 1778 877 1853 alii,
889 1771 1030 1853 eddvcpcv
1040 1777 1089 1837 alii
1099 1779 1325 1855 nominaverunt,

336 1864 365 1922 in
378 1863 434 1922 duo
451 1879 560 1940 genera
573 1862 625 1922 sed
638 1870 791 1940 quaternas
805 1864 954 1939 utriusque
964 1861 1090 1922 dividunt
1105 1863 1232 1940 species.
1254 1861 1327 1923 Nam

337 1946 400 2006 iere
411 1956 544 2006 versatur
555 1948 627 2005 ratio
640 1946 763 2005 faciendi
775 1948 852 2006 circa
867 1944 1007 2005 bonorum
1022 1946 1215 2024 adeptionem,
1231 1947 1326 2006 incre-

240 2087 242 2092 ,
336 2039 470 2107 mentum,
485 2031 743 2105 conservationem,
760 2048 855 2098 usum;
869 2039 916 2088 ant
929 2029 1068 2089 malorum
1079 2031 1274 2106 evitationem,
1292 2031 1324 2091 ii-

335 2114 524 2190 horationem,
532 2115 761 2189 imminutionem,
773 2114 966 2182 tolerantiam3
981 2131 1054 2191 qnae
1064 2122 1093 2172 et
1103 2113 1326 2174 indeliberando

294 2199 484 2278 diplarimum
499 2198 604 2257 valent.
636 2198 694 2257 Sed
709 2197 760 2257 has
777 2215 879 2258 causas
892 2196 998 2257 habent
1013 2206 1104 2272 recta,
1120 2215 1209 2276 prava
1223 2207 1325 2258 contra

337 2302 374 2343 ex
396 2282 477 2342 falsis
497 2281 678 2360 opinionibus
701 2285 827 2341 veniunt.
873 2280 945 2340 Nam
966 2290 1011 2340 est
1029 2281 1073 2340 his
1094 2282 1200 2340 initium
1223 2283 1324 2355 exiis,

337 2385 411 2445 quac
431 2367 550 2426 credunt
565 2365 639 2424 bona
655 2373 702 2424 aut
716 2366 801 2441 mala,
814 2364 879 2424 inde
895 2382 1010 2424 errores
1027 2367 1151 2425 existunt
1166 2373 1195 2424 et
1206 2366 1326 2444 pessimi

336 2450 466 2524 affectus,
483 2449 627 2526 inquibus
643 2457 707 2507 sunt
723 2451 775 2523 ira,
792 2449 897 2523 odium,
919 2450 1038 2524 invidia,
1063 2449 1220 2527 cupiditas,
1243 2466 1325 2527 spes,

336 2532 474 2606 ambitus,
491 2533 625 2606 audacia,
642 2540 743 2607 metus,
760 2542 858 2592 cetera
872 2535 989 2608 generis
1004 2533 1141 2592 eiusdem.
1173 2531 1327 2599 Accedunt

336 2616 489 2694 aliquando
503 2616 635 2690 fortuita,
656 2614 797 2690 ebrietas,
817 2617 992 2692 ignorantia,
1007 2634 1081 2695 quae
1097 2617 1207 2675 interim
1223 2616 1258 2675 ad
1273 2633 1324 2674 ve·

335 2701 409 2758 niam
426 2698 533 2774 valent,
548 2700 658 2758 interim
674 2699 709 2758 ad
723 2698 921 2777 probationem
934 2702 1067 2775 criminis,
1083 2709 1113 2759 ut
1130 2701 1154 2758 si
1170 2701 1244 2778 quis3
1259 2699 1325 2759 dum

294 2783 384 2848 aselii
402 2783 564 2857 insidiatur,
586 2783 670 2841 alium
693 2782 795 2842 dicitur
812 2785 1003 2843 interemisse.
1035 2782 1147 2863 Causae
1162 2798 1250 2861 porro
1266 2800 1325 2842 nou

336 2868 371 2928 ad
387 2867 610 2926 convincendum
626 2866 722 2942 modo,
739 2867 815 2943 quod
830 2868 978 2944 obiicitur,
995 2868 1046 2927 scd
1062 2867 1097 2927 ad
1114 2867 1324 2927 defendendum

336 2969 452 3030 quoque
468 2952 562 3010 excuti
578 2951 690 3024 solem,
713 2969 776 3009 oum
797 2953 861 3028 quis
881 2971 914 3011 se
936 2961 1017 3011 recte
1038 2952 1146 3012 iecisse
1167 2952 1195 3011 id
1212 2959 1258 3010 est
1271 2951 1323 3010 ho·

335 3046 417 3096 nesta
441 3053 543 3108 causa,
567 3034 727 3102 contendit:
758 3052 814 3112 qua
834 3036 870 3095 de
890 3054 924 3095 re
943 3035 1027 3095 latins
1044 3037 1172 3095 intentio
1190 3035 1264 3094 libro
1281 3035 1323 3094 di-

293 3129 411 3184 doctum
432 3128 486 3178 est.
523 3117 670 3178 Finitionis
691 3135 806 3196 quoque
830 3121 1015 3197 quaestiones
1035 3139 1073 3198 ex
1095 3121 1189 3178 causis
1211 3119 1325 3177 interim

334 3204 474 3282 pendent,
498 3200 546 3262 Ao
560 3204 770 3282 tyrannicida,
787 3206 840 3281 quc·
853 3212 1029 3283 tyrannum,
1045 3221 1065 3263 a
1082 3220 1140 3280 qno
1155 3202 1324 3281 depreden-

333 3305 388 3347 oua
401 3290 433 3348 c‘o
448 3288 600 3348 adulterio
617 3287 736 3363 socrat,
760 3289 894 3349 occidit?
927 3284 977 3347 An
996 3288 1182 3364 uocatoque,
1199 3287 1270 3364 qui,
1290 3292 1324 3347 ut

334 3369 433 3431 doctos
448 3372 524 3432 orbe
537 3372 710 3448 supellec-et,
728 3387 817 3431 ormo
834 3371 940 3449 templo
954 3370 1053 3449 ostica
1074 3371 1229 3431 detraxit?
1264 3369 1322 3428 Dn-

294 3461 327 3518 at
336 3462 436 3513 cuntur
457 3463 621 3529 argumenta
648 3462 676 3512 et
702 3471 739 3511 ex
763 3453 859 3513 loco.
905 3454 1058 3532 Spectatur
1086 3454 1160 3513 enirn
1179 3453 1216 3512 ad
1238 3452 1322 3513 iidem

335 3536 524 3616 probationis,
539 3547 687 3597 montanus
698 3537 855 3614 cupiendo,
870 3539 1024 3597 maritimus
1036 3555 1072 3596 an
1084 3537 1321 3610 mediterraneus,

335 3623 463 3687 consitus
484 3639 519 3680 an
539 3621 677 3696 incultus,
699 3621 836 3698 irequeos
858 3639 894 3681 an
915 3622 1065 3698 desertus,
1089 3622 1267 3700 propinquus
1287 3636 1324 3678 an

330 3714 477 3786 remotus,
500 3713 677 3786 opportunus
692 3704 872 3768 consiliisan
884 3705 1034 3778 adversum
1056 3723 1140 3784 qnam
1156 3715 1267 3785 partem
1281 3701 1322 3762 ri·
