3184 4409
521 472 611 523 mer,
627 471 776 523 onerosa.
792 475 861 522 ma.
876 475 909 541 v,
926 470 969 524 13.
1168 461 1244 528 ‚233

334 626 491 691 Plurimum
510 637 605 689 autem
630 628 736 705 refert,
761 636 791 687 et
812 627 879 705 qnid
894 629 1047 707 protulerit
1062 628 1275 694 adversariusa'

255 723 283 777 et
295 713 455 793 quomodo.
491 712 613 773 Primum
633 713 719 789 igitur
740 712 904 772 intuendum
926 723 986 788 est,
1002 714 1046 787 id,
1067 715 1112 773 cui
1126 731 1247 792 respon·

257 799 315 858 suri
328 814 444 872 sumus,
460 797 607 875 proprium
624 797 662 856 sit
675 798 737 856 eius
753 796 848 856 iudicii
863 815 898 856 au
915 796 951 856 ad
967 814 1081 857 causam
1098 807 1180 857 extra
1203 816 1246 858 ar·

256 881 402 942 omitum.
431 879 504 940 Nam
518 881 542 938 si
560 888 606 939 est
620 898 710 959 prop
720 881 827 939 rium:
848 889 895 939 aut
910 879 1070 957 negandum
1085 890 1132 940 aut
1147 882 1246 940 defen·

256 964 377 1025 dendum
391 972 441 1024 aut
454 964 697 1033 transferendum
724 973 805 1023 extra
826 963 899 1023 baec
919 966 947 1023 in
971 965 1082 1024 iudiciis
1097 963 1161 1023 fere
1177 965 1246 1025 nibil

256 1057 308 1108 est
337 1046 516 1126 Deprecatio
533 1048 659 1126 quidem,
682 1066 756 1126 quae
775 1056 820 1106 est
835 1049 896 1107 sine
911 1049 971 1108 ullu
986 1048 1087 1126 specie
1103 1048 1276 1112 defensio-5

255 1133 308 1208 nir,
322 1147 390 1191 rara
405 1130 554 1191 admodum
570 1140 599 1192 et
615 1132 690 1209 apud
706 1149 757 1191 eos
774 1131 855 1190 solos
872 1133 992 1206 iudices,
1011 1132 1058 1209 qui
1074 1130 1153 1191 nulla
1168 1141 1248 1192 certa

254 1214 454 1294 pronuntiandi
475 1215 566 1276 forma
589 1214 731 1276 tenentur.
764 1213 931 1293 Quanquam
946 1215 1013 1276 illae
1034 1231 1149 1293 quoqne
1172 1215 1248 1292 apud

256 1297 288 1359 ὓ.
304 1297 462 1359 Gaesarem
479 1308 508 1358 et
525 1298 700 1359 Triumviros
722 1315 775 1377 pro
797 1298 973 1361 diversarum
994 1301 1114 1377 partium
1129 1298 1247 1357 bomini·

254 1381 307 1442 bus
324 1383 466 1457 actiones,
483 1384 593 1443 etiamsi
605 1383 740 1461 precibus
753 1391 878 1457 utuntur,
894 1383 1029 1443 adhibent
1041 1392 1134 1442 tamen
1151 1391 1247 1460 patro·

255 1467 345 1534 cinia;
360 1467 415 1525 uisi
430 1465 487 1526 boc
502 1484 560 1526 uon
574 1467 730 1526 fortissime
747 1467 929 1527 defendentis
946 1476 1008 1542 est,
1032 1467 1149 1541 dicere,
1166 1463 1249 1538 Quid

254 1550 341 1611 uliud
354 1552 480 1630 opimus,
498 1549 632 1629 Tubero,
647 1552 708 1611 uiri
721 1561 770 1626 ut,
785 1553 868 1629 quod
882 1552 931 1612 bic
945 1558 1059 1628 potest,
1074 1570 1129 1611 nos
1142 1569 1248 1629 porre-

255 1635 345 1697 musi
378 1633 488 1706 Quodsi
512 1635 627 1717 quando
647 1635 723 1712 apud
738 1635 898 1712 Principem
914 1635 1054 1709 aliumve,
1076 1634 1139 1709 cui,
1156 1644 1277 1699 utrumq

255 1720 335 1796 velit,
351 1715 451 1793 liceat,
469 1717 619 1799 dicendum
638 1721 702 1794 erit,
719 1720 844 1797 dtpnum
859 1721 980 1796 quidem
992 1727 1175 1794 mortorum,
1190 1737 1249 1798 pro

256 1821 314 1884 quo
329 1805 502 1882 loquemur,
520 1804 658 1864 clementi
679 1812 779 1864 tamen
793 1805 979 1864 servandum
994 1822 1061 1864 esre
1074 1804 1123 1865 oei
1139 1805 1248 1864 talem:

256 1890 375 1966 primum
398 1887 521 1946 omnium
541 1905 598 1946 non
622 1887 676 1946 erit
692 1904 741 1945 res
757 1887 840 1946 uobis
857 1905 920 1946 cum
936 1886 1101 1946 adversario
1118 1887 1171 1946 sed
1186 1903 1249 1946 oum

256 1972 366 2048 iudice,
389 1970 493 2030 deinde
514 1970 605 2030 forma
629 1970 835 2031 deliberativae
849 1971 941 2046 magis
956 1972 1092 2029 materiae
1110 1988 1193 2048 quam
1207 1971 1249 2028 iu·

256 2055 366 2116 dicialis
386 2063 508 2114 utemur.
555 2054 742 2114 suadebimus
763 2055 852 2129 enim,
880 2063 911 2112 ut
931 2053 1044 2113 laudem
1069 2054 1249 2113 humanitatis

257 2140 449 2218 potiusquam
465 2137 642 2216 voluptatem
657 2139 773 2197 ultionis
797 2139 993 2215 concupiscat.
1031 2136 1116 2214 Apud
1138 2138 1275 2205 iudices]

258 2222 369 2302 quidem
390 2223 548 2282 secundum
579 2223 675 2299 legem
697 2223 824 2283 dict-uros
850 2221 1018 2281 sententiam
1044 2222 1080 2279 de
1105 2220 1248 2280 confessis

257 2307 429 2386 praecipere
444 2305 592 2366 ridiculum
609 2315 663 2365 est.
701 2304 797 2382 Ergo,
820 2323 894 2382 qnae
915 2323 1009 2382 neque
1030 2307 1130 2381 negari
1154 2320 1248 2381 neque

257 2391 407 2451 transferri
433 2399 569 2468 possunt,
600 2391 699 2467 utique
725 2389 905 2450 defendenda
931 2398 1012 2463 sunt,
1040 2389 1249 2467 qualiacunque

257 2483 336 2550 suut,
359 2482 409 2535 aut
432 2491 517 2533 causa
540 2473 708 2533 cedendum.
754 2473 884 2549 Negandi
908 2473 1051 2550 duplicem
1073 2472 1249 2532 ostendimus

257 2558 388 2632 formam,
408 2567 456 2617 aut
472 2575 530 2616 uon
548 2576 616 2616 esse
631 2558 737 2617 factum
752 2567 800 2617 aut
815 2574 871 2615 non
886 2556 943 2615 boc
956 2575 1033 2631 esse,
1049 2558 1126 2634 quod
1142 2557 1250 2616 factum

259 2643 302 2701 sit.
341 2641 427 2716 Quae
449 2659 542 2719 neque
566 2642 680 2701 defendi
698 2660 792 2719 neque
815 2640 965 2700 transferri
989 2650 1126 2718 possunt,
1150 2643 1249 2718 utique

259 2725 408 2803 neganda,
436 2743 490 2784 nec
513 2725 606 2784 solum
630 2727 654 2784 si
675 2725 763 2785 linitio
828 2733 885 2784 test
913 2743 980 2783 esse
1001 2741 1054 2802 pro
1075 2724 1174 2799 nobis,
1197 2723 1251 2785 red

261 2811 341 2869 etiam
359 2809 386 2882 si
401 2807 474 2868 nuda
489 2809 618 2868 infitiatio
636 2819 780 2887 superest.
838 2817 916 2867 estes
933 2817 1016 2885 erunt
1025 2829 1031 2866 :
1051 2809 1139 2868 multa
1156 2810 1184 2867 in
1198 2814 1279 2869 eos8

261 2891 356 2953 dicere
379 2892 463 2959 iicet;
487 2892 724 2970 chirographum:
755 2893 791 2952 de
815 2891 996 2951 similitudine
1016 2891 1172 2951 litterarum
1194 2893 1250 2952 dis-

261 2994 398 3037 seremus.
434 2976 539 3054 Utique
565 2977 634 3036 nibil
656 2979 710 3036 erit
730 2978 813 3055 peius
840 2993 924 3053 quarn
945 2976 1101 3035 confessio.
1145 2975 1251 3035 Ultima

262 3069 303 3120 est
316 3061 441 3122 actionis
457 3063 666 3138 controversia,
684 3080 747 3121 oum
765 3059 938 3120 defendendi
956 3061 1117 3136 negandive
1131 3076 1188 3117 non
1205 3067 1251 3117 est

262 3143 357 3220 locus,
380 3143 473 3203 idest
493 3145 650 3204 translatio.
688 3145 777 3223 Atqui
797 3144 937 3223 quaedam
956 3153 1037 3217 sunt,
1061 3161 1134 3221 quae
1155 3149 1279 3220 neque9

262 3230 358 3306 negari
380 3245 475 3306 neque
503 3227 618 3289 defendi
644 3246 738 3307 neque
764 3228 914 3287 transferri
934 3236 1064 3305 possunt.
1099 3224 1252 3288 Adulterii

263 3330 313 3374 reo
327 3320 389 3388 eet,
407 3329 502 3389 quae,
518 3332 586 3374 cum
599 3330 681 3373 occo
694 3313 790 3373 vidua
811 3313 934 3391 fuisset,
951 3313 1043 3372 enixo
1059 3318 1124 3379 ectr
1144 3311 1179 3370 lis
1195 3328 1252 3371 non

266 3396 322 3455 erit.
361 3395 458 3470 Quare
479 3395 548 3455 illud
570 3397 738 3456 stultissime
761 3397 948 3474 praecipitur,
972 3394 1048 3472 quod
1065 3395 1180 3455 defendi
1194 3414 1252 3455 non

267 3483 361 3555 possit,
378 3480 494 3539 silentio
507 3481 753 3548 dissimulandum
771 3480 911 3557 siquidem
927 3488 971 3538 est
986 3480 1025 3555 id,
1042 3479 1078 3539 de
1094 3497 1150 3558 qno
1165 3480 1251 3540 iudex

268 3566 491 3637 pronuntiaturus
512 3573 565 3622 est.
609 3565 647 3624 At
669 3567 693 3624 si
715 3573 821 3623 extra
843 3581 988 3623 causam
1005 3565 1041 3622 sit
1057 3564 1207 3624 adductum
1222 3571 1251 3622 et
1260 3569 1293 3623 1³0

270 3651 366 3707 tantum
382 3650 578 3708 coniunctum:
601 3648 695 3707 malirn
716 3648 829 3726 quidem
846 3647 959 3719 dicere,
982 3647 1050 3707 nihil
1068 3647 1096 3707 id
1113 3649 1147 3706 ad
1163 3665 1265 3725 quae-t

272 3731 382 3792 cionem
393 3749 449 3794 nec
466 3748 532 3792 esse
550 3733 578 3791 in
598 3733 641 3791 bis
655 3733 820 3792 morandum
842 3741 870 3791 et
889 3732 979 3790 minus
998 3749 1080 3809 esse,
1105 3749 1188 3810 quam
1203 3729 1251 3790 ad·
