<?xml version="1.0" encoding="UTF-8"?>
<!DOCTYPE html PUBLIC "-//W3C//DTD XHTML 1.0 Transitional//EN"
    "http://www.w3.org/TR/xhtml1/DTD/xhtml1-transitional.dtd">
<html xmlns="http://www.w3.org/1999/xhtml" xml:lang="en" lang="en">
 <head>
  <title>
</title>
<meta http-equiv="Content-Type" content="text/html;charset=utf-8" />
  <meta name='ocr-system' content='tesseract 3.04.00' />
  <meta name='ocr-capabilities' content='ocr_page ocr_carea ocr_par ocr_line ocrx_word'/>
</head>
<body>
  <div class='ocr_page' id='page_1' title='image "./mfabiiquintilia02quingoog_0385.png"; bbox 0 0 3184 4409; ppageno 0'>
   <div class='ocr_carea' id='block_1_1' title="bbox 578 488 1287 564">
    <p class='ocr_par' dir='ltr' id='par_1_1' title="bbox 578 488 1287 564">
     <span class='ocr_line' id='line_1_1' title="bbox 578 488 1287 564; baseline 0.006 -18"><span class='ocrx_word' id='word_1_1' title='bbox 578 499 668 547; x_wconf 78' lang='lat' dir='ltr'>ruer.</span> <span class='ocrx_word' id='word_1_2' title='bbox 682 499 829 547; x_wconf 76' lang='lat' dir='ltr'>crunon.</span> <span class='ocrx_word' id='word_1_3' title='bbox 842 500 910 546; x_wconf 82' lang='lat' dir='ltr'>urs.</span> <span class='ocrx_word' id='word_1_4' title='bbox 923 500 1000 564; x_wconf 88' lang='lat' dir='ltr'>v111,</span> <span class='ocrx_word' id='word_1_5' title='bbox 1013 495 1039 548; x_wconf 85' lang='lat'>3.</span> <span class='ocrx_word' id='word_1_6' title='bbox 1247 488 1287 550; x_wconf 83' lang='lat'>53</span> 
     </span>
    </p>
   </div>
   <div class='ocr_carea' id='block_1_2' title="bbox 258 649 1327 3825">
    <p class='ocr_par' dir='ltr' id='par_1_2' title="bbox 293 649 1327 1549">
     <span class='ocr_line' id='line_1_2' title="bbox 293 649 1327 731; baseline 0 -17"><span class='ocrx_word' id='word_1_7' title='bbox 293 653 405 714; x_wconf 89' lang='lat' dir='ltr'>bendus</span> <span class='ocrx_word' id='word_1_8' title='bbox 427 661 472 712; x_wconf 89' lang='lat' dir='ltr'>est</span> <span class='ocrx_word' id='word_1_9' title='bbox 492 653 603 713; x_wconf 82' lang='lat' dir='ltr'>decor?</span> <span class='ocrx_word' id='word_1_10' title='bbox 636 653 706 726; x_wconf 82' lang='lat' dir='ltr'>Quis</span> <span class='ocrx_word' id='word_1_11' title='bbox 723 649 832 730; x_wconf 77' lang='lat' dir='ltr'>negat?</span> <span class='ocrx_word' id='word_1_12' title='bbox 868 652 939 711; x_wconf 89' lang='lat' dir='ltr'>Nam</span> <span class='ocrx_word' id='word_1_13' title='bbox 961 655 1031 712; x_wconf 92' lang='lat' dir='ltr'>etin</span> <span class='ocrx_word' id='word_1_14' title='bbox 1047 655 1175 714; x_wconf 87' lang='lat' dir='ltr'>ordinem</span> <span class='ocrx_word' id='word_1_15' title='bbox 1193 665 1285 714; x_wconf 91' lang='lat' dir='ltr'>certa·</span> <span class='ocrx_word' id='word_1_16' title='bbox 1323 724 1327 731; x_wconf 85' lang='lat'>.</span> 
     </span>
     <span class='ocr_line' id='line_1_3' title="bbox 294 735 1286 817; baseline 0.003 -21"><span class='ocrx_word' id='word_1_17' title='bbox 294 757 351 817; x_wconf 89' lang='lat' dir='ltr'>que</span> <span class='ocrx_word' id='word_1_18' title='bbox 374 737 526 797; x_wconf 76' lang='lat' dir='ltr'>intervalla</span> <span class='ocrx_word' id='word_1_19' title='bbox 549 738 676 813; x_wconf 79' lang='lat' dir='ltr'>redigam</span> <span class='ocrx_word' id='word_1_20' title='bbox 695 755 773 796; x_wconf 88' lang='lat' dir='ltr'>meas</span> <span class='ocrx_word' id='word_1_21' title='bbox 794 736 924 795; x_wconf 89' lang='lat' dir='ltr'>arbores.</span> <span class='ocrx_word' id='word_1_22' title='bbox 962 735 1036 809; x_wconf 85' lang='lat' dir='ltr'>Quid</span> <span class='ocrx_word' id='word_1_23' title='bbox 1053 738 1104 796; x_wconf 89' lang='lat' dir='ltr'>illo</span> <span class='ocrx_word' id='word_1_24' title='bbox 1127 740 1286 816; x_wconf 75' lang='lat' dir='ltr'>quincunce</span> 
     </span>
     <span class='ocr_line' id='line_1_4' title="bbox 294 821 1286 900; baseline 0.001 -19"><span class='ocrx_word' id='word_1_25' title='bbox 294 822 472 900; x_wconf 79' lang='lat' dir='ltr'>speciosius,</span> <span class='ocrx_word' id='word_1_26' title='bbox 492 821 555 897; x_wconf 95' lang='lat' dir='ltr'>qui,</span> <span class='ocrx_word' id='word_1_27' title='bbox 578 822 606 878; x_wconf 93' lang='lat' dir='ltr'>in</span> <span class='ocrx_word' id='word_1_28' title='bbox 627 838 825 898; x_wconf 91' lang='lat' dir='ltr'>quamcunque</span> <span class='ocrx_word' id='word_1_29' title='bbox 842 829 952 897; x_wconf 92' lang='lat' dir='ltr'>partem</span> <span class='ocrx_word' id='word_1_30' title='bbox 970 824 1165 897; x_wconf 91' lang='lat' dir='ltr'>spectaveris,</span> <span class='ocrx_word' id='word_1_31' title='bbox 1189 833 1286 882; x_wconf 89' lang='lat' dir='ltr'>rectus</span> 
     </span>
     <span class='ocr_line' id='line_1_5' title="bbox 294 903 1286 982; baseline 0 -18"><span class='ocrx_word' id='word_1_32' title='bbox 294 903 360 965; x_wconf 80' lang='lat' dir='ltr'>est?</span> <span class='ocrx_word' id='word_1_33' title='bbox 394 904 452 963; x_wconf 87' lang='lat' dir='ltr'>Sed</span> <span class='ocrx_word' id='word_1_34' title='bbox 476 905 605 982; x_wconf 89' lang='lat' dir='ltr'>protinus</span> <span class='ocrx_word' id='word_1_35' title='bbox 625 905 653 962; x_wconf 94' lang='lat' dir='ltr'>in</span> <span class='ocrx_word' id='word_1_36' title='bbox 672 905 700 963; x_wconf 94' lang='lat' dir='ltr'>id</span> <span class='ocrx_word' id='word_1_37' title='bbox 718 921 834 982; x_wconf 93' lang='lat' dir='ltr'>quoque</span> <span class='ocrx_word' id='word_1_38' title='bbox 854 904 990 980; x_wconf 90' lang='lat' dir='ltr'>prodest,</span> <span class='ocrx_word' id='word_1_39' title='bbox 1020 912 1050 962; x_wconf 90' lang='lat' dir='ltr'>ut</span> <span class='ocrx_word' id='word_1_40' title='bbox 1069 913 1165 963; x_wconf 90' lang='lat' dir='ltr'>terrae</span> <span class='ocrx_word' id='word_1_41' title='bbox 1186 924 1286 965; x_wconf 90' lang='lat' dir='ltr'>sucum</span> 
     </span>
     <span class='ocr_line' id='line_1_6' title="bbox 294 987 1327 1065; baseline -0.007 -17"><span class='ocrx_word' id='word_1_42' title='bbox 294 987 455 1065; x_wconf 89' lang='lat' dir='ltr'>aequaliter</span> <span class='ocrx_word' id='word_1_43' title='bbox 476 987 578 1047; x_wconf 91' lang='lat' dir='ltr'>trahat.</span> <span class='ocrx_word' id='word_1_44' title='bbox 618 989 770 1065; x_wconf 84' lang='lat' dir='ltr'>Surgentia</span> <span class='ocrx_word' id='word_1_45' title='bbox 790 988 819 1045; x_wconf 95' lang='lat' dir='ltr'>in</span> <span class='ocrx_word' id='word_1_46' title='bbox 840 988 926 1046; x_wconf 89' lang='lat' dir='ltr'>altum</span> <span class='ocrx_word' id='word_1_47' title='bbox 944 989 1089 1046; x_wconf 87' lang='lat' dir='ltr'>cacumina</span> <span class='ocrx_word' id='word_1_48' title='bbox 1106 989 1189 1056; x_wconf 88' lang='lat' dir='ltr'>oleae</span> <span class='ocrx_word' id='word_1_49' title='bbox 1207 989 1285 1048; x_wconf 85' lang='lat' dir='ltr'>ferro</span> <span class='ocrx_word' id='word_1_50' title='bbox 1294 990 1327 1042; x_wconf 89' lang='lat' dir='ltr'>lo</span> 
     </span>
     <span class='ocr_line' id='line_1_7' title="bbox 294 1070 1287 1147; baseline -0.001 -15"><span class='ocrx_word' id='word_1_51' title='bbox 294 1071 456 1138; x_wconf 92' lang='lat' dir='ltr'>coercebo;</span> <span class='ocrx_word' id='word_1_52' title='bbox 479 1072 507 1129; x_wconf 92' lang='lat' dir='ltr'>in</span> <span class='ocrx_word' id='word_1_53' title='bbox 523 1070 623 1130; x_wconf 90' lang='lat' dir='ltr'>orbem</span> <span class='ocrx_word' id='word_1_54' title='bbox 639 1072 839 1131; x_wconf 82' lang='lat' dir='ltr'>setormosius</span> <span class='ocrx_word' id='word_1_55' title='bbox 855 1071 954 1131; x_wconf 90' lang='lat' dir='ltr'>lundet</span> <span class='ocrx_word' id='word_1_56' title='bbox 975 1081 1003 1130; x_wconf 93' lang='lat' dir='ltr'>et</span> <span class='ocrx_word' id='word_1_57' title='bbox 1019 1073 1148 1147; x_wconf 88' lang='lat' dir='ltr'>protinus</span> <span class='ocrx_word' id='word_1_58' title='bbox 1164 1072 1287 1132; x_wconf 79' lang='lat' dir='ltr'>fructum</span> 
     </span>
     <span class='ocr_line' id='line_1_8' title="bbox 293 1154 1285 1233; baseline 0.001 -19"><span class='ocrx_word' id='word_1_59' title='bbox 293 1157 378 1215; x_wconf 88' lang='lat' dir='ltr'>ramis</span> <span class='ocrx_word' id='word_1_60' title='bbox 404 1154 533 1233; x_wconf 92' lang='lat' dir='ltr'>pluribus</span> <span class='ocrx_word' id='word_1_61' title='bbox 555 1155 639 1214; x_wconf 86' lang='lat' dir='ltr'>leret.</span> <span class='ocrx_word' id='word_1_62' title='bbox 674 1155 833 1214; x_wconf 90' lang='lat' dir='ltr'>Decentior</span> <span class='ocrx_word' id='word_1_63' title='bbox 857 1173 963 1231; x_wconf 88' lang='lat' dir='ltr'>equus,</span> <span class='ocrx_word' id='word_1_64' title='bbox 988 1156 1067 1213; x_wconf 91' lang='lat' dir='ltr'>cuius</span> <span class='ocrx_word' id='word_1_65' title='bbox 1089 1156 1205 1214; x_wconf 87' lang='lat' dir='ltr'>astricta</span> <span class='ocrx_word' id='word_1_66' title='bbox 1225 1157 1285 1232; x_wconf 92' lang='lat' dir='ltr'>ilia,</span> 
     </span>
     <span class='ocr_line' id='line_1_9' title="bbox 294 1238 1286 1317; baseline 0.001 -20"><span class='ocrx_word' id='word_1_67' title='bbox 294 1240 347 1298; x_wconf 91' lang='lat' dir='ltr'>sed</span> <span class='ocrx_word' id='word_1_68' title='bbox 362 1239 437 1299; x_wconf 89' lang='lat' dir='ltr'>idem</span> <span class='ocrx_word' id='word_1_69' title='bbox 452 1239 593 1298; x_wconf 91' lang='lat' dir='ltr'>velocior.</span> <span class='ocrx_word' id='word_1_70' title='bbox 633 1238 755 1298; x_wconf 81' lang='lat' dir='ltr'>Pulcher</span> <span class='ocrx_word' id='word_1_71' title='bbox 773 1247 893 1317; x_wconf 89' lang='lat' dir='ltr'>aspectu</span> <span class='ocrx_word' id='word_1_72' title='bbox 905 1239 940 1296; x_wconf 92' lang='lat' dir='ltr'>sit</span> <span class='ocrx_word' id='word_1_73' title='bbox 957 1238 1080 1311; x_wconf 89' lang='lat' dir='ltr'>athleta,</span> <span class='ocrx_word' id='word_1_74' title='bbox 1097 1240 1176 1297; x_wconf 91' lang='lat' dir='ltr'>cuius</span> <span class='ocrx_word' id='word_1_75' title='bbox 1193 1239 1286 1298; x_wconf 86' lang='lat' dir='ltr'>lacer·</span> 
     </span>
     <span class='ocr_line' id='line_1_10' title="bbox 294 1321 1325 1400; baseline -0.007 -19"><span class='ocrx_word' id='word_1_76' title='bbox 294 1333 340 1382; x_wconf 90' lang='lat' dir='ltr'>tos</span> <span class='ocrx_word' id='word_1_77' title='bbox 357 1323 524 1382; x_wconf 89' lang='lat' dir='ltr'>exercitatio</span> <span class='ocrx_word' id='word_1_78' title='bbox 542 1324 699 1400; x_wconf 84' lang='lat' dir='ltr'>expressit;</span> <span class='ocrx_word' id='word_1_79' title='bbox 718 1323 793 1381; x_wconf 91' lang='lat' dir='ltr'>idem</span> <span class='ocrx_word' id='word_1_80' title='bbox 809 1323 955 1381; x_wconf 79' lang='lat' dir='ltr'>certamini</span> <span class='ocrx_word' id='word_1_81' title='bbox 972 1324 1105 1399; x_wconf 72' lang='lat' dir='ltr'>paratior.</span> <span class='ocrx_word' id='word_1_82' title='bbox 1138 1321 1287 1400; x_wconf 90' lang='lat' dir='ltr'>Nunquam</span> <span class='ocrx_word' id='word_1_83' title='bbox 1294 1325 1325 1376; x_wconf 91' lang='lat' dir='ltr'>ll</span> 
     </span>
     <span class='ocr_line' id='line_1_11' title="bbox 294 1405 1286 1484; baseline 0 -20"><span class='ocrx_word' id='word_1_84' title='bbox 294 1423 373 1465; x_wconf 90' lang='lat' dir='ltr'>mera</span> <span class='ocrx_word' id='word_1_85' title='bbox 388 1407 503 1484; x_wconf 90' lang='lat' dir='ltr'>species</span> <span class='ocrx_word' id='word_1_86' title='bbox 524 1405 559 1464; x_wconf 89' lang='lat' dir='ltr'>ab</span> <span class='ocrx_word' id='word_1_87' title='bbox 580 1406 702 1465; x_wconf 89' lang='lat' dir='ltr'>utilitate</span> <span class='ocrx_word' id='word_1_88' title='bbox 717 1406 859 1466; x_wconf 90' lang='lat' dir='ltr'>dividitur.</span> <span class='ocrx_word' id='word_1_89' title='bbox 897 1406 955 1465; x_wconf 89' lang='lat' dir='ltr'>Sed</span> <span class='ocrx_word' id='word_1_90' title='bbox 976 1406 1032 1464; x_wconf 90' lang='lat' dir='ltr'>hoc</span> <span class='ocrx_word' id='word_1_91' title='bbox 1049 1406 1161 1484; x_wconf 87' lang='lat' dir='ltr'>quidem</span> <span class='ocrx_word' id='word_1_92' title='bbox 1177 1405 1286 1465; x_wconf 91' lang='lat' dir='ltr'>discer-</span> 
     </span>
     <span class='ocr_line' id='line_1_12' title="bbox 294 1490 663 1549; baseline 0 -1"><span class='ocrx_word' id='word_1_93' title='bbox 294 1508 364 1549; x_wconf 90' lang='lat' dir='ltr'>nere</span> <span class='ocrx_word' id='word_1_94' title='bbox 377 1490 481 1548; x_wconf 91' lang='lat' dir='ltr'>modici</span> <span class='ocrx_word' id='word_1_95' title='bbox 497 1490 591 1548; x_wconf 91' lang='lat' dir='ltr'>iudicii</span> <span class='ocrx_word' id='word_1_96' title='bbox 610 1499 663 1548; x_wconf 91' lang='lat' dir='ltr'>est.</span> 
     </span>
    </p>

    <p class='ocr_par' dir='ltr' id='par_1_3' title="bbox 258 1572 1327 3555">
     <span class='ocr_line' id='line_1_13' title="bbox 377 1572 1285 1651; baseline -0.001 -19"><span class='ocrx_word' id='word_1_97' title='bbox 377 1573 451 1633; x_wconf 91' lang='lat' dir='ltr'>Illud</span> <span class='ocrx_word' id='word_1_98' title='bbox 466 1572 669 1632; x_wconf 89' lang='lat' dir='ltr'>observatione</span> <span class='ocrx_word' id='word_1_99' title='bbox 690 1573 818 1650; x_wconf 82' lang='lat' dir='ltr'>dignius,</span> <span class='ocrx_word' id='word_1_100' title='bbox 844 1575 921 1651; x_wconf 91' lang='lat' dir='ltr'>quod</span> <span class='ocrx_word' id='word_1_101' title='bbox 936 1574 982 1633; x_wconf 90' lang='lat' dir='ltr'>hic</span> <span class='ocrx_word' id='word_1_102' title='bbox 999 1575 1063 1651; x_wconf 90' lang='lat' dir='ltr'>ipse</span> <span class='ocrx_word' id='word_1_103' title='bbox 1085 1572 1223 1632; x_wconf 88' lang='lat' dir='ltr'>honestus</span> <span class='ocrx_word' id='word_1_104' title='bbox 1238 1590 1285 1632; x_wconf 91' lang='lat' dir='ltr'>or·</span> 
     </span>
     <span class='ocr_line' id='line_1_14' title="bbox 293 1657 1285 1735; baseline 0.001 -19"><span class='ocrx_word' id='word_1_105' title='bbox 293 1666 376 1716; x_wconf 87' lang='lat' dir='ltr'>natus</span> <span class='ocrx_word' id='word_1_106' title='bbox 391 1659 527 1715; x_wconf 86' lang='lat' dir='ltr'>materiae</span> <span class='ocrx_word' id='word_1_107' title='bbox 543 1675 653 1734; x_wconf 82' lang='lat' dir='ltr'>genere</span> <span class='ocrx_word' id='word_1_108' title='bbox 671 1657 756 1717; x_wconf 88' lang='lat' dir='ltr'>decet</span> <span class='ocrx_word' id='word_1_109' title='bbox 770 1659 905 1717; x_wconf 90' lang='lat' dir='ltr'>variatus.</span> <span class='ocrx_word' id='word_1_110' title='bbox 941 1657 1051 1734; x_wconf 86' lang='lat' dir='ltr'>Atque,</span> <span class='ocrx_word' id='word_1_111' title='bbox 1068 1665 1098 1715; x_wconf 89' lang='lat' dir='ltr'>ut</span> <span class='ocrx_word' id='word_1_112' title='bbox 1112 1675 1128 1716; x_wconf 90' lang='lat' dir='ltr'>a</span> <span class='ocrx_word' id='word_1_113' title='bbox 1140 1659 1229 1735; x_wconf 91' lang='lat' dir='ltr'>prima</span> <span class='ocrx_word' id='word_1_114' title='bbox 1245 1657 1285 1717; x_wconf 93' lang='lat' dir='ltr'>di·</span> 
     </span>
     <span class='ocr_line' id='line_1_15' title="bbox 293 1740 1286 1821; baseline 0.001 -22"><span class='ocrx_word' id='word_1_115' title='bbox 293 1742 405 1799; x_wconf 87' lang='lat' dir='ltr'>visione</span> <span class='ocrx_word' id='word_1_116' title='bbox 423 1741 534 1821; x_wconf 88' lang='lat' dir='ltr'>ordiar,</span> <span class='ocrx_word' id='word_1_117' title='bbox 561 1758 617 1799; x_wconf 92' lang='lat' dir='ltr'>non</span> <span class='ocrx_word' id='word_1_118' title='bbox 641 1741 716 1801; x_wconf 92' lang='lat' dir='ltr'>idem</span> <span class='ocrx_word' id='word_1_119' title='bbox 738 1741 967 1801; x_wconf 77' lang='lat' dir='ltr'>demonstrativis</span> <span class='ocrx_word' id='word_1_120' title='bbox 990 1749 1020 1800; x_wconf 90' lang='lat' dir='ltr'>et</span> <span class='ocrx_word' id='word_1_121' title='bbox 1039 1740 1233 1800; x_wconf 85' lang='lat' dir='ltr'>deliberativis</span> <span class='ocrx_word' id='word_1_122' title='bbox 1256 1750 1286 1800; x_wconf 90' lang='lat' dir='ltr'>et</span> 
     </span>
     <span class='ocr_line' id='line_1_16' title="bbox 293 1823 1284 1902; baseline 0.002 -19"><span class='ocrx_word' id='word_1_123' title='bbox 293 1823 471 1885; x_wconf 88' lang='lat' dir='ltr'>iudicialibus</span> <span class='ocrx_word' id='word_1_124' title='bbox 490 1825 584 1882; x_wconf 90' lang='lat' dir='ltr'>causis</span> <span class='ocrx_word' id='word_1_125' title='bbox 605 1826 765 1884; x_wconf 92' lang='lat' dir='ltr'>conveniet.</span> <span class='ocrx_word' id='word_1_126' title='bbox 810 1823 938 1902; x_wconf 89' lang='lat' dir='ltr'>Namque</span> <span class='ocrx_word' id='word_1_127' title='bbox 962 1824 1032 1884; x_wconf 92' lang='lat' dir='ltr'>illud</span> <span class='ocrx_word' id='word_1_128' title='bbox 1048 1842 1140 1900; x_wconf 81' lang='lat' dir='ltr'>genus</span> <span class='ocrx_word' id='word_1_129' title='bbox 1158 1833 1284 1885; x_wconf 87' lang='lat' dir='ltr'>ostenta·</span> 
     </span>
     <span class='ocr_line' id='line_1_17' title="bbox 293 1908 1285 1987; baseline 0.001 -21"><span class='ocrx_word' id='word_1_130' title='bbox 293 1908 363 1967; x_wconf 91' lang='lat' dir='ltr'>tioui</span> <span class='ocrx_word' id='word_1_131' title='bbox 379 1909 567 1985; x_wconf 88' lang='lat' dir='ltr'>compositum</span> <span class='ocrx_word' id='word_1_132' title='bbox 582 1909 673 1967; x_wconf 90' lang='lat' dir='ltr'>solam</span> <span class='ocrx_word' id='word_1_133' title='bbox 689 1909 759 1986; x_wconf 88' lang='lat' dir='ltr'>petit</span> <span class='ocrx_word' id='word_1_134' title='bbox 771 1909 942 1968; x_wconf 90' lang='lat' dir='ltr'>audientium</span> <span class='ocrx_word' id='word_1_135' title='bbox 952 1908 1143 1984; x_wconf 88' lang='lat' dir='ltr'>voluptatem,</span> <span class='ocrx_word' id='word_1_136' title='bbox 1159 1908 1285 1987; x_wconf 91' lang='lat' dir='ltr'>ideoque</span> 
     </span>
     <span class='ocr_line' id='line_1_18' title="bbox 295 1991 1286 2070; baseline 0.001 -21"><span class='ocrx_word' id='word_1_137' title='bbox 295 2008 393 2049; x_wconf 92' lang='lat' dir='ltr'>omnes</span> <span class='ocrx_word' id='word_1_138' title='bbox 409 1991 521 2051; x_wconf 89' lang='lat' dir='ltr'>dicendi</span> <span class='ocrx_word' id='word_1_139' title='bbox 537 1999 615 2050; x_wconf 90' lang='lat' dir='ltr'>artes</span> <span class='ocrx_word' id='word_1_140' title='bbox 630 1993 723 2069; x_wconf 90' lang='lat' dir='ltr'>aperit</span> <span class='ocrx_word' id='word_1_141' title='bbox 738 2001 924 2069; x_wconf 87' lang='lat' dir='ltr'>ornatumque</span> <span class='ocrx_word' id='word_1_142' title='bbox 940 1992 1077 2050; x_wconf 87' lang='lat' dir='ltr'>orationis</span> <span class='ocrx_word' id='word_1_143' title='bbox 1095 1993 1229 2070; x_wconf 78' lang='lat' dir='ltr'>exponit,</span> <span class='ocrx_word' id='word_1_144' title='bbox 1254 2000 1286 2050; x_wconf 89' lang='lat' dir='ltr'>ut</span> 
     </span>
     <span class='ocr_line' id='line_1_19' title="bbox 294 2074 1283 2153; baseline -0.002 -19"><span class='ocrx_word' id='word_1_145' title='bbox 294 2075 372 2153; x_wconf 93' lang='lat' dir='ltr'>quod</span> <span class='ocrx_word' id='word_1_146' title='bbox 389 2091 445 2133; x_wconf 93' lang='lat' dir='ltr'>non</span> <span class='ocrx_word' id='word_1_147' title='bbox 460 2075 607 2134; x_wconf 88' lang='lat' dir='ltr'>insidietur</span> <span class='ocrx_word' id='word_1_148' title='bbox 617 2093 672 2134; x_wconf 90' lang='lat' dir='ltr'>nec</span> <span class='ocrx_word' id='word_1_149' title='bbox 687 2075 722 2134; x_wconf 92' lang='lat' dir='ltr'>ad</span> <span class='ocrx_word' id='word_1_150' title='bbox 736 2077 886 2134; x_wconf 91' lang='lat' dir='ltr'>victoriam</span> <span class='ocrx_word' id='word_1_151' title='bbox 901 2075 953 2133; x_wconf 91' lang='lat' dir='ltr'>sed</span> <span class='ocrx_word' id='word_1_152' title='bbox 968 2074 1003 2133; x_wconf 89' lang='lat' dir='ltr'>ad</span> <span class='ocrx_word' id='word_1_153' title='bbox 1018 2074 1110 2133; x_wconf 90' lang='lat' dir='ltr'>solum</span> <span class='ocrx_word' id='word_1_154' title='bbox 1126 2075 1209 2134; x_wconf 90' lang='lat' dir='ltr'>linem</span> <span class='ocrx_word' id='word_1_155' title='bbox 1224 2074 1283 2134; x_wconf 87' lang='lat' dir='ltr'>lau-</span> 
     </span>
     <span class='ocr_line' id='line_1_20' title="bbox 293 2157 1325 2237; baseline -0.002 -21"><span class='ocrx_word' id='word_1_156' title='bbox 293 2158 337 2217; x_wconf 86' lang='lat' dir='ltr'>dis</span> <span class='ocrx_word' id='word_1_157' title='bbox 354 2167 383 2217; x_wconf 92' lang='lat' dir='ltr'>et</span> <span class='ocrx_word' id='word_1_158' title='bbox 396 2157 509 2234; x_wconf 82' lang='lat' dir='ltr'>gloriae</span> <span class='ocrx_word' id='word_1_159' title='bbox 525 2158 642 2217; x_wconf 60' lang='lat' dir='ltr'>tendat)</span> <span class='ocrx_word' id='word_1_160' title='bbox 669 2159 781 2233; x_wconf 80' lang='lat' dir='ltr'>Quare,</span> <span class='ocrx_word' id='word_1_161' title='bbox 801 2159 936 2237; x_wconf 92' lang='lat' dir='ltr'>quidquid</span> <span class='ocrx_word' id='word_1_162' title='bbox 952 2161 1006 2216; x_wconf 91' lang='lat' dir='ltr'>erit</span> <span class='ocrx_word' id='word_1_163' title='bbox 1026 2161 1174 2217; x_wconf 89' lang='lat' dir='ltr'>sententiis</span> <span class='ocrx_word' id='word_1_164' title='bbox 1191 2163 1325 2236; x_wconf 80' lang='lat' dir='ltr'>popu-12</span> 
     </span>
     <span class='ocr_line' id='line_1_21' title="bbox 293 2241 1282 2319; baseline 0 -19"><span class='ocrx_word' id='word_1_165' title='bbox 293 2242 372 2317; x_wconf 92' lang='lat' dir='ltr'>lare,</span> <span class='ocrx_word' id='word_1_166' title='bbox 383 2241 480 2300; x_wconf 91' lang='lat' dir='ltr'>verbis</span> <span class='ocrx_word' id='word_1_167' title='bbox 493 2242 623 2317; x_wconf 90' lang='lat' dir='ltr'>nitidum,</span> <span class='ocrx_word' id='word_1_168' title='bbox 638 2243 735 2319; x_wconf 81' lang='lat' dir='ltr'>liguris</span> <span class='ocrx_word' id='word_1_169' title='bbox 748 2243 916 2318; x_wconf 89' lang='lat' dir='ltr'>iucundum,</span> <span class='ocrx_word' id='word_1_170' title='bbox 933 2242 1282 2318; x_wconf 80' lang='lat' dir='ltr'>translationibusmagni-</span> 
     </span>
     <span class='ocr_line' id='line_1_22' title="bbox 294 2325 1327 2404; baseline -0.003 -21"><span class='ocrx_word' id='word_1_171' title='bbox 294 2325 392 2400; x_wconf 85' lang='lat' dir='ltr'>licum,</span> <span class='ocrx_word' id='word_1_172' title='bbox 416 2327 624 2403; x_wconf 87' lang='lat' dir='ltr'>compositione</span> <span class='ocrx_word' id='word_1_173' title='bbox 645 2325 837 2402; x_wconf 83' lang='lat' dir='ltr'>elaboratum,</span> <span class='ocrx_word' id='word_1_174' title='bbox 861 2327 941 2384; x_wconf 90' lang='lat' dir='ltr'>velut</span> <span class='ocrx_word' id='word_1_175' title='bbox 957 2328 1070 2385; x_wconf 90' lang='lat' dir='ltr'>institor</span> <span class='ocrx_word' id='word_1_176' title='bbox 1088 2326 1201 2404; x_wconf 89' lang='lat' dir='ltr'>quidam</span> <span class='ocrx_word' id='word_1_177' title='bbox 1222 2325 1283 2385; x_wconf 91' lang='lat' dir='ltr'>elo·</span> <span class='ocrx_word' id='word_1_178' title='bbox 1324 2375 1327 2380; x_wconf 91' lang='lat'>.</span> 
     </span>
     <span class='ocr_line' id='line_1_23' title="bbox 295 2409 1282 2488; baseline 0 -20"><span class='ocrx_word' id='word_1_179' title='bbox 295 2410 427 2486; x_wconf 86' lang='lat' dir='ltr'>quentiae</span> <span class='ocrx_word' id='word_1_180' title='bbox 438 2409 599 2469; x_wconf 90' lang='lat' dir='ltr'>intuendum</span> <span class='ocrx_word' id='word_1_181' title='bbox 611 2419 640 2468; x_wconf 89' lang='lat' dir='ltr'>et</span> <span class='ocrx_word' id='word_1_182' title='bbox 651 2428 743 2488; x_wconf 89' lang='lat' dir='ltr'>paene</span> <span class='ocrx_word' id='word_1_183' title='bbox 755 2409 983 2488; x_wconf 89' lang='lat' dir='ltr'>pertractandum</span> <span class='ocrx_word' id='word_1_184' title='bbox 995 2409 1080 2469; x_wconf 88' lang='lat' dir='ltr'>dabit.</span> <span class='ocrx_word' id='word_1_185' title='bbox 1111 2409 1182 2468; x_wconf 90' lang='lat' dir='ltr'>Nam</span> <span class='ocrx_word' id='word_1_186' title='bbox 1196 2426 1282 2468; x_wconf 89' lang='lat' dir='ltr'>even-</span> 
     </span>
     <span class='ocr_line' id='line_1_24' title="bbox 294 2492 1325 2570; baseline 0.002 -20"><span class='ocrx_word' id='word_1_187' title='bbox 294 2501 340 2550; x_wconf 88' lang='lat' dir='ltr'>tus</span> <span class='ocrx_word' id='word_1_188' title='bbox 361 2492 396 2552; x_wconf 91' lang='lat' dir='ltr'>ad</span> <span class='ocrx_word' id='word_1_189' title='bbox 416 2494 508 2570; x_wconf 92' lang='lat' dir='ltr'>ipsum</span> <span class='ocrx_word' id='word_1_190' title='bbox 529 2510 586 2551; x_wconf 94' lang='lat' dir='ltr'>non</span> <span class='ocrx_word' id='word_1_191' title='bbox 602 2494 637 2553; x_wconf 87' lang='lat' dir='ltr'>ad</span> <span class='ocrx_word' id='word_1_192' title='bbox 659 2512 772 2553; x_wconf 90' lang='lat' dir='ltr'>causam</span> <span class='ocrx_word' id='word_1_193' title='bbox 787 2494 923 2558; x_wconf 62' lang='lat' dir='ltr'>refertur„</span> <span class='ocrx_word' id='word_1_194' title='bbox 963 2493 1002 2553; x_wconf 80' lang='lat' dir='ltr'>At</span> <span class='ocrx_word' id='word_1_195' title='bbox 1016 2493 1065 2552; x_wconf 88' lang='lat' dir='ltr'>uhi</span> <span class='ocrx_word' id='word_1_196' title='bbox 1079 2511 1127 2552; x_wconf 92' lang='lat' dir='ltr'>res</span> <span class='ocrx_word' id='word_1_197' title='bbox 1142 2495 1237 2570; x_wconf 78' lang='lat' dir='ltr'>agitur</span> <span class='ocrx_word' id='word_1_198' title='bbox 1254 2498 1325 2552; x_wconf 79' lang='lat' dir='ltr'>et13</span> 
     </span>
     <span class='ocr_line' id='line_1_25' title="bbox 293 2577 1284 2637; baseline 0.002 -4"><span class='ocrx_word' id='word_1_199' title='bbox 293 2593 364 2634; x_wconf 89' lang='lat' dir='ltr'>vera</span> <span class='ocrx_word' id='word_1_200' title='bbox 380 2577 522 2636; x_wconf 88' lang='lat' dir='ltr'>dimicatio</span> <span class='ocrx_word' id='word_1_201' title='bbox 543 2586 605 2635; x_wconf 89' lang='lat' dir='ltr'>est:</span> <span class='ocrx_word' id='word_1_202' title='bbox 631 2578 744 2636; x_wconf 89' lang='lat' dir='ltr'>ultimus</span> <span class='ocrx_word' id='word_1_203' title='bbox 767 2579 804 2636; x_wconf 87' lang='lat' dir='ltr'>sit</span> <span class='ocrx_word' id='word_1_204' title='bbox 823 2577 915 2636; x_wconf 85' lang='lat' dir='ltr'>famae</span> <span class='ocrx_word' id='word_1_205' title='bbox 936 2577 1028 2636; x_wconf 91' lang='lat' dir='ltr'>locus.</span> <span class='ocrx_word' id='word_1_206' title='bbox 1071 2577 1226 2637; x_wconf 87' lang='lat' dir='ltr'>Praeterea</span> <span class='ocrx_word' id='word_1_207' title='bbox 1246 2595 1284 2635; x_wconf 88' lang='lat' dir='ltr'>ne</span> 
     </span>
     <span class='ocr_line' id='line_1_26' title="bbox 294 2659 1284 2737; baseline 0.002 -20"><span class='ocrx_word' id='word_1_208' title='bbox 294 2659 380 2717; x_wconf 91' lang='lat' dir='ltr'>decet</span> <span class='ocrx_word' id='word_1_209' title='bbox 402 2660 530 2737; x_wconf 91' lang='lat' dir='ltr'>quidem,</span> <span class='ocrx_word' id='word_1_210' title='bbox 558 2659 606 2719; x_wconf 90' lang='lat' dir='ltr'>uhi</span> <span class='ocrx_word' id='word_1_211' title='bbox 628 2663 748 2723; x_wconf 81' lang='lat' dir='ltr'>maxima</span> <span class='ocrx_word' id='word_1_212' title='bbox 767 2680 862 2719; x_wconf 89' lang='lat' dir='ltr'>rerum</span> <span class='ocrx_word' id='word_1_213' title='bbox 882 2670 1023 2720; x_wconf 87' lang='lat' dir='ltr'>momenta</span> <span class='ocrx_word' id='word_1_214' title='bbox 1048 2669 1216 2735; x_wconf 88' lang='lat' dir='ltr'>versantur,</span> <span class='ocrx_word' id='word_1_215' title='bbox 1247 2660 1284 2719; x_wconf 92' lang='lat' dir='ltr'>de</span> 
     </span>
     <span class='ocr_line' id='line_1_27' title="bbox 293 2741 1282 2822; baseline 0.002 -22"><span class='ocrx_word' id='word_1_216' title='bbox 293 2741 391 2801; x_wconf 87' lang='lat' dir='ltr'>verbis</span> <span class='ocrx_word' id='word_1_217' title='bbox 414 2761 480 2802; x_wconf 91' lang='lat' dir='ltr'>esse</span> <span class='ocrx_word' id='word_1_218' title='bbox 501 2743 665 2804; x_wconf 85' lang='lat' dir='ltr'>sollicitum.</span> <span class='ocrx_word' id='word_1_219' title='bbox 709 2743 810 2822; x_wconf 90' lang='lat' dir='ltr'>Neque</span> <span class='ocrx_word' id='word_1_220' title='bbox 835 2745 892 2804; x_wconf 92' lang='lat' dir='ltr'>hoc</span> <span class='ocrx_word' id='word_1_221' title='bbox 917 2761 953 2802; x_wconf 91' lang='lat' dir='ltr'>eo</span> <span class='ocrx_word' id='word_1_222' title='bbox 973 2745 1112 2822; x_wconf 84' lang='lat' dir='ltr'>pertinet,</span> <span class='ocrx_word' id='word_1_223' title='bbox 1137 2745 1217 2803; x_wconf 87' lang='lat' dir='ltr'>utin</span> <span class='ocrx_word' id='word_1_224' title='bbox 1238 2743 1282 2802; x_wconf 92' lang='lat' dir='ltr'>his</span> 
     </span>
     <span class='ocr_line' id='line_1_28' title="bbox 258 2825 1282 2905; baseline 0.001 -21"><span class='ocrx_word' id='word_1_225' title='bbox 258 2898 260 2902; x_wconf 68' lang='lat'>,</span> <span class='ocrx_word' id='word_1_226' title='bbox 294 2825 389 2885; x_wconf 89' lang='lat' dir='ltr'>nullus</span> <span class='ocrx_word' id='word_1_227' title='bbox 404 2828 440 2885; x_wconf 89' lang='lat' dir='ltr'>sit</span> <span class='ocrx_word' id='word_1_228' title='bbox 461 2837 576 2887; x_wconf 88' lang='lat' dir='ltr'>ornatus</span> <span class='ocrx_word' id='word_1_229' title='bbox 594 2827 646 2887; x_wconf 96' lang='lat' dir='ltr'>sed</span> <span class='ocrx_word' id='word_1_230' title='bbox 663 2830 702 2887; x_wconf 94' lang='lat' dir='ltr'>uti</span> <span class='ocrx_word' id='word_1_231' title='bbox 720 2829 849 2905; x_wconf 89' lang='lat' dir='ltr'>pressior</span> <span class='ocrx_word' id='word_1_232' title='bbox 864 2836 893 2887; x_wconf 92' lang='lat' dir='ltr'>et</span> <span class='ocrx_word' id='word_1_233' title='bbox 913 2831 1044 2888; x_wconf 88' lang='lat' dir='ltr'>severior</span> <span class='ocrx_word' id='word_1_234' title='bbox 1060 2838 1089 2887; x_wconf 88' lang='lat' dir='ltr'>et</span> <span class='ocrx_word' id='word_1_235' title='bbox 1106 2829 1196 2887; x_wconf 90' lang='lat' dir='ltr'>minus</span> <span class='ocrx_word' id='word_1_236' title='bbox 1214 2843 1282 2886; x_wconf 92' lang='lat' dir='ltr'>con·</span> 
     </span>
     <span class='ocr_line' id='line_1_29' title="bbox 294 2909 1325 2989; baseline 0.003 -22"><span class='ocrx_word' id='word_1_237' title='bbox 294 2909 407 2985; x_wconf 89' lang='lat' dir='ltr'>lessus,</span> <span class='ocrx_word' id='word_1_238' title='bbox 426 2913 581 2989; x_wconf 90' lang='lat' dir='ltr'>praecipue</span> <span class='ocrx_word' id='word_1_239' title='bbox 595 2913 730 2970; x_wconf 87' lang='lat' dir='ltr'>materiae</span> <span class='ocrx_word' id='word_1_240' title='bbox 747 2911 986 2971; x_wconf 88' lang='lat' dir='ltr'>accommodatus.</span> <span class='ocrx_word' id='word_1_241' title='bbox 1013 2911 1084 2971; x_wconf 90' lang='lat' dir='ltr'>Nam</span> <span class='ocrx_word' id='word_1_242' title='bbox 1095 2921 1124 2970; x_wconf 93' lang='lat' dir='ltr'>et</span> <span class='ocrx_word' id='word_1_243' title='bbox 1136 2911 1281 2970; x_wconf 88' lang='lat' dir='ltr'>suadendo</span> <span class='ocrx_word' id='word_1_244' title='bbox 1292 2915 1325 2970; x_wconf 80' lang='lat'>14</span> 
     </span>
     <span class='ocr_line' id='line_1_30' title="bbox 294 2991 1287 3073; baseline 0.002 -23"><span class='ocrx_word' id='word_1_245' title='bbox 294 2991 441 3052; x_wconf 88' lang='lat' dir='ltr'>sublimius</span> <span class='ocrx_word' id='word_1_246' title='bbox 457 2994 563 3072; x_wconf 91' lang='lat' dir='ltr'>aliquid</span> <span class='ocrx_word' id='word_1_247' title='bbox 578 3004 711 3070; x_wconf 91' lang='lat' dir='ltr'>senatus,</span> <span class='ocrx_word' id='word_1_248' title='bbox 735 2996 903 3054; x_wconf 88' lang='lat' dir='ltr'>concitatius</span> <span class='ocrx_word' id='word_1_249' title='bbox 919 2997 1061 3073; x_wconf 88' lang='lat' dir='ltr'>populus,</span> <span class='ocrx_word' id='word_1_250' title='bbox 1084 3003 1113 3053; x_wconf 91' lang='lat' dir='ltr'>et</span> <span class='ocrx_word' id='word_1_251' title='bbox 1127 2996 1156 3053; x_wconf 90' lang='lat' dir='ltr'>in</span> <span class='ocrx_word' id='word_1_252' title='bbox 1170 2995 1287 3053; x_wconf 89' lang='lat' dir='ltr'>iudiciis·</span> 
     </span>
     <span class='ocr_line' id='line_1_31' title="bbox 294 3074 1280 3156; baseline 0.002 -22"><span class='ocrx_word' id='word_1_253' title='bbox 294 3074 428 3153; x_wconf 91' lang='lat' dir='ltr'>publicae</span> <span class='ocrx_word' id='word_1_254' title='bbox 450 3078 646 3156; x_wconf 88' lang='lat' dir='ltr'>capitalesque</span> <span class='ocrx_word' id='word_1_255' title='bbox 663 3096 767 3137; x_wconf 88' lang='lat' dir='ltr'>causae</span> <span class='ocrx_word' id='word_1_256' title='bbox 781 3087 905 3156; x_wconf 89' lang='lat' dir='ltr'>poscunt</span> <span class='ocrx_word' id='word_1_257' title='bbox 920 3080 1079 3145; x_wconf 87' lang='lat' dir='ltr'>accuratius</span> <span class='ocrx_word' id='word_1_258' title='bbox 1098 3076 1210 3136; x_wconf 90' lang='lat' dir='ltr'>dicendi</span> <span class='ocrx_word' id='word_1_259' title='bbox 1229 3095 1280 3154; x_wconf 85' lang='lat' dir='ltr'>ge·</span> 
     </span>
     <span class='ocr_line' id='line_1_32' title="bbox 293 3159 1280 3240; baseline 0.002 -22"><span class='ocrx_word' id='word_1_260' title='bbox 293 3177 356 3218; x_wconf 91' lang='lat' dir='ltr'>nus.</span> <span class='ocrx_word' id='word_1_261' title='bbox 397 3159 435 3219; x_wconf 82' lang='lat' dir='ltr'>At</span> <span class='ocrx_word' id='word_1_262' title='bbox 462 3164 601 3239; x_wconf 89' lang='lat' dir='ltr'>privatum</span> <span class='ocrx_word' id='word_1_263' title='bbox 621 3163 770 3220; x_wconf 92' lang='lat' dir='ltr'>consilium</span> <span class='ocrx_word' id='word_1_264' title='bbox 791 3179 951 3239; x_wconf 86' lang='lat' dir='ltr'>causasque</span> <span class='ocrx_word' id='word_1_265' title='bbox 972 3179 1142 3240; x_wconf 89' lang='lat' dir='ltr'>paucorum,</span> <span class='ocrx_word' id='word_1_266' title='bbox 1168 3169 1198 3221; x_wconf 91' lang='lat' dir='ltr'>ut</span> <span class='ocrx_word' id='word_1_267' title='bbox 1223 3161 1280 3220; x_wconf 86' lang='lat' dir='ltr'>fre·</span> 
     </span>
     <span class='ocr_line' id='line_1_33' title="bbox 294 3245 1281 3324; baseline 0.004 -24"><span class='ocrx_word' id='word_1_268' title='bbox 294 3251 416 3320; x_wconf 88' lang='lat' dir='ltr'>quenter</span> <span class='ocrx_word' id='word_1_269' title='bbox 436 3246 553 3321; x_wconf 90' lang='lat' dir='ltr'>accidit,</span> <span class='ocrx_word' id='word_1_270' title='bbox 576 3246 752 3305; x_wconf 89' lang='lat' dir='ltr'>calculorum</span> <span class='ocrx_word' id='word_1_271' title='bbox 768 3263 856 3324; x_wconf 92' lang='lat' dir='ltr'>purus</span> <span class='ocrx_word' id='word_1_272' title='bbox 877 3263 971 3305; x_wconf 90' lang='lat' dir='ltr'>sermo</span> <span class='ocrx_word' id='word_1_273' title='bbox 987 3255 1016 3304; x_wconf 90' lang='lat' dir='ltr'>et</span> <span class='ocrx_word' id='word_1_274' title='bbox 1035 3245 1178 3305; x_wconf 91' lang='lat' dir='ltr'>dissimilis</span> <span class='ocrx_word' id='word_1_275' title='bbox 1193 3256 1281 3304; x_wconf 87' lang='lat' dir='ltr'>curae</span> 
     </span>
     <span class='ocr_line' id='line_1_34' title="bbox 293 3328 1279 3406; baseline 0.003 -23"><span class='ocrx_word' id='word_1_276' title='bbox 293 3328 385 3402; x_wconf 85' lang='lat' dir='ltr'>magis</span> <span class='ocrx_word' id='word_1_277' title='bbox 411 3328 568 3388; x_wconf 82' lang='lat' dir='ltr'>decuerit&#39;</span> <span class='ocrx_word' id='word_1_278' title='bbox 590 3328 643 3387; x_wconf 85' lang='lat' dir='ltr'>An·</span> <span class='ocrx_word' id='word_1_279' title='bbox 661 3346 716 3387; x_wconf 91' lang='lat' dir='ltr'>non</span> <span class='ocrx_word' id='word_1_280' title='bbox 733 3330 840 3406; x_wconf 89' lang='lat' dir='ltr'>pudeat</span> <span class='ocrx_word' id='word_1_281' title='bbox 865 3338 972 3388; x_wconf 90' lang='lat' dir='ltr'>certam</span> <span class='ocrx_word' id='word_1_282' title='bbox 994 3329 1129 3388; x_wconf 86' lang='lat' dir='ltr'>creditam</span> <span class='ocrx_word' id='word_1_283' title='bbox 1152 3328 1279 3406; x_wconf 87' lang='lat' dir='ltr'>periodis</span> 
     </span>
     <span class='ocr_line' id='line_1_35' title="bbox 293 3410 1280 3490; baseline 0.001 -22"><span class='ocrx_word' id='word_1_284' title='bbox 293 3410 443 3487; x_wconf 88' lang='lat' dir='ltr'>postulare</span> <span class='ocrx_word' id='word_1_285' title='bbox 464 3421 511 3471; x_wconf 91' lang='lat' dir='ltr'>aut</span> <span class='ocrx_word' id='word_1_286' title='bbox 530 3414 606 3472; x_wconf 91' lang='lat' dir='ltr'>circa</span> <span class='ocrx_word' id='word_1_287' title='bbox 627 3413 770 3473; x_wconf 87' lang='lat' dir='ltr'>stillicidia</span> <span class='ocrx_word' id='word_1_288' title='bbox 788 3414 864 3473; x_wconf 87' lang='lat' dir='ltr'>allici</span> <span class='ocrx_word' id='word_1_289' title='bbox 887 3415 982 3472; x_wconf 89' lang='lat' dir='ltr'>autin</span> <span class='ocrx_word' id='word_1_290' title='bbox 1002 3413 1135 3490; x_wconf 89' lang='lat' dir='ltr'>mancipii</span> <span class='ocrx_word' id='word_1_291' title='bbox 1156 3411 1280 3472; x_wconf 89' lang='lat' dir='ltr'>redhibi-</span> 
     </span>
     <span class='ocr_line' id='line_1_36' title="bbox 294 3492 513 3555; baseline 0.014 -3"><span class='ocrx_word' id='word_1_292' title='bbox 294 3495 373 3552; x_wconf 92' lang='lat' dir='ltr'>tione</span> <span class='ocrx_word' id='word_1_293' title='bbox 390 3492 513 3555; x_wconf 81' lang='lat' dir='ltr'>sudare?</span> 
     </span>
    </p>

    <p class='ocr_par' dir='ltr' id='par_1_4' title="bbox 295 3577 1321 3825">
     <span class='ocr_line' id='line_1_37' title="bbox 377 3577 1321 3657; baseline 0 -21"><span class='ocrx_word' id='word_1_294' title='bbox 377 3577 435 3638; x_wconf 89' lang='lat' dir='ltr'>Sed</span> <span class='ocrx_word' id='word_1_295' title='bbox 451 3579 486 3638; x_wconf 88' lang='lat' dir='ltr'>ad</span> <span class='ocrx_word' id='word_1_296' title='bbox 502 3580 689 3657; x_wconf 89' lang='lat' dir='ltr'>propositum.</span> <span class='ocrx_word' id='word_1_297' title='bbox 730 3579 767 3640; x_wconf 87' lang='lat' dir='ltr'>Et</span> <span class='ocrx_word' id='word_1_298' title='bbox 783 3580 914 3657; x_wconf 87' lang='lat' dir='ltr'>quoniam</span> <span class='ocrx_word' id='word_1_299' title='bbox 934 3581 1070 3638; x_wconf 89' lang='lat' dir='ltr'>orationis</span> <span class='ocrx_word' id='word_1_300' title='bbox 1087 3588 1143 3639; x_wconf 87' lang='lat' dir='ltr'>tam</span> <span class='ocrx_word' id='word_1_301' title='bbox 1163 3587 1280 3638; x_wconf 90' lang='lat' dir='ltr'>ornatus</span> <span class='ocrx_word' id='word_1_302' title='bbox 1288 3584 1321 3636; x_wconf 83' lang='lat'>15</span> 
     </span>
     <span class='ocr_line' id='line_1_38' title="bbox 295 3661 1279 3740; baseline 0 -21"><span class='ocrx_word' id='word_1_303' title='bbox 295 3677 378 3736; x_wconf 91' lang='lat' dir='ltr'>quarn</span> <span class='ocrx_word' id='word_1_304' title='bbox 397 3664 587 3740; x_wconf 89' lang='lat' dir='ltr'>perspicuitas</span> <span class='ocrx_word' id='word_1_305' title='bbox 607 3672 655 3722; x_wconf 88' lang='lat' dir='ltr'>aut</span> <span class='ocrx_word' id='word_1_306' title='bbox 675 3665 702 3721; x_wconf 95' lang='lat' dir='ltr'>in</span> <span class='ocrx_word' id='word_1_307' title='bbox 723 3663 841 3739; x_wconf 80' lang='lat' dir='ltr'>singulis</span> <span class='ocrx_word' id='word_1_308' title='bbox 858 3662 955 3721; x_wconf 89' lang='lat' dir='ltr'>verbis</span> <span class='ocrx_word' id='word_1_309' title='bbox 976 3672 1083 3724; x_wconf 85' lang='lat' dir='ltr'>estant</span> <span class='ocrx_word' id='word_1_310' title='bbox 1102 3665 1131 3722; x_wconf 94' lang='lat' dir='ltr'>in</span> <span class='ocrx_word' id='word_1_311' title='bbox 1150 3661 1279 3739; x_wconf 91' lang='lat' dir='ltr'>pluribus</span> 
     </span>
     <span class='ocr_line' id='line_1_39' title="bbox 295 3745 1277 3825; baseline -0.001 -23"><span class='ocrx_word' id='word_1_312' title='bbox 295 3745 419 3822; x_wconf 91' lang='lat' dir='ltr'>positus:</span> <span class='ocrx_word' id='word_1_313' title='bbox 445 3746 511 3825; x_wconf 91' lang='lat' dir='ltr'>quid</span> <span class='ocrx_word' id='word_1_314' title='bbox 530 3755 679 3825; x_wconf 87' lang='lat' dir='ltr'>separata,</span> <span class='ocrx_word' id='word_1_315' title='bbox 702 3746 769 3824; x_wconf 93' lang='lat' dir='ltr'>quid</span> <span class='ocrx_word' id='word_1_316' title='bbox 783 3749 878 3807; x_wconf 87' lang='lat' dir='ltr'>iuncta</span> <span class='ocrx_word' id='word_1_317' title='bbox 895 3747 1029 3825; x_wconf 81' lang='lat' dir='ltr'>exigant,</span> <span class='ocrx_word' id='word_1_318' title='bbox 1054 3746 1277 3807; x_wconf 88' lang='lat' dir='ltr'>consideremus.</span> 
     </span>
    </p>
   </div>
   <div class='ocr_carea' id='block_1_3' title="bbox 0 0 1598 4409">
    <p class='ocr_par' dir='ltr' id='par_1_5' title="bbox 0 0 1598 4409">
     <span class='ocr_line' id='line_1_40' title="bbox 0 0 1598 4409; baseline 0 0"><span class='ocrx_word' id='word_1_319' title='bbox 0 0 1598 4409; x_wconf 95' lang='lat' dir='ltr'> </span> 
     </span>
    </p>
   </div>
  </div>
 </body>
</html>
