3184 4409
587 465 676 514 mrsu.
690 464 1025 532 cunuou.n1u.v,1o.
1228 451 1289 516 205
1309 421 1326 443 ”

292 629 367 680 tum
389 637 505 699 quoque
518 621 600 699 plura
616 621 767 697 significat.
803 618 875 680 Nam
891 629 921 680 et
938 620 1052 680 fabulae
1069 621 1105 681 ad
1120 629 1213 680 actum
1228 630 1319 685 sce-9

291 722 396 764 narum
412 707 590 782 compositae
606 713 772 781 argumenta
787 703 934 779 dicuntur,
951 714 980 762 et
996 707 1156 764 orationum
1171 702 1289 763 Cicero·

291 790 338 846 uis
371 787 451 847 velut
483 788 577 848 therua
607 791 670 867 ipse
697 805 847 866 exponens
875 787 1031 863 Pedianus,
1061 786 1289 865 Arpumcntum,

292 872 396 950 inquit,
413 873 474 932 tole
495 881 557 944 eum
579 882 608 932 et
628 875 692 950 ipse
710 869 815 931 Cicero
827 872 862 931 ad
876 871 992 931 Brutum
1009 875 1047 931 ita
1063 872 1178 932 scribit:
1204 871 1290 934 Veri-

292 963 344 1016 tou
362 955 513 1034 fortasse,
541 976 581 1018 aa
600 975 656 1017 nos
679 958 711 1016 in
734 953 879 1017 Catonem
899 964 1034 1016 nostrum
1054 957 1292 1035 irarrsferremuc

291 1039 379 1100 illius
399 1041 473 1100 moli
495 1042 586 1118 quial,
608 1042 664 1101 etsi
684 1048 894 1117 argumentum
914 1042 1010 1100 amite
1030 1059 1089 1100 noo
1110 1048 1186 1102 crat.
1225 1039 1290 1113 Quo

293 1131 434 1201 apparet,
453 1141 565 1183 omnem
579 1123 615 1183 ad
630 1123 814 1184 scribendum
836 1124 1003 1183 destinatam
1023 1126 1171 1182 materiam
1186 1125 1225 1182 ita
1241 1141 1290 1201 ap-

292 1205 411 1285 pellari.
447 1206 510 1266 Nec
525 1210 641 1284 mirum,
665 1226 728 1267 curn
743 1207 771 1266 id
787 1209 862 1266 iuter
878 1207 999 1286 opifices
1014 1225 1130 1286 quoque
1145 1207 1291 1283 vulgatum
1302 1218 1333 1270 10

293 1292 345 1365 sit,
361 1289 436 1349 uude
452 1289 616 1368 Vergilius,
641 1289 859 1370 Argumentum
879 1294 1005 1368 lugeam
1029 1292 1177 1368 vulgoque
1202 1290 1289 1369 paulo

292 1375 475 1450 numerosius
498 1392 570 1453 opus
593 1376 695 1435 dicitur
721 1382 962 1450 argumentosum.
1011 1375 1070 1434 Sed
1097 1392 1171 1433 nunc
1194 1374 1230 1433 de
1253 1390 1290 1433 eo

293 1458 445 1517 dicendum
462 1468 629 1535 argumento
645 1468 699 1533 est,
719 1458 795 1535 quod
807 1458 1017 1536 probationem,
1034 1459 1176 1533 indicium,
1194 1458 1289 1532 iidem,

294 1542 517 1616 aggressionem
538 1543 666 1602 eiusdem
684 1543 727 1601 rei
745 1544 858 1602 nomina
874 1543 958 1617 iacit,
979 1560 1079 1620 parurn
1094 1542 1244 1617 distincte,
1261 1551 1291 1600 ut

294 1623 428 1684 arbitror.
469 1625 542 1685 Nam
568 1625 701 1704 probatio
727 1635 756 1684 et
783 1626 863 1685 fides
878 1626 1002 1685 eflicitur
1027 1644 1084 1685 non
1109 1635 1215 1686 tautum
1238 1636 1332 1704 perll

294 1708 382 1784 baec,
397 1726 471 1786 quae
486 1719 550 1769 sunt
565 1711 694 1785 rationis,
710 1710 763 1769 sed
779 1711 864 1768 etiarn
879 1719 932 1788 p'er
944 1710 1143 1770 inartificialia.
1172 1712 1290 1787 Signum

295 1799 402 1868 autem,
419 1793 496 1872 quod
512 1793 562 1853 ille
579 1794 712 1853 indicium
723 1802 820 1869 vocat,
839 1793 874 1852 ab
888 1795 1063 1870 argumentis
1079 1795 1133 1852 iarn
1145 1796 1288 1872 separari.

294 1874 394 1951 Ergo,
416 1894 478 1935 curn
501 1878 538 1936 sit
560 1887 755 1954 argumentum
780 1879 876 1936 ratio
900 1876 1161 1954 probationem
1182 1896 1289 1957 prae-

294 1967 415 2034 stans,
438 1977 508 2037 qua
533 1960 731 2038 colligitur
757 1960 856 2021 aliud
889 1979 953 2039 per
980 1960 1095 2036 aliud,
1120 1972 1154 2021 et
1180 1979 1288 2040 quae,

294 2041 390 2120 quod
414 2052 470 2101 est
493 2043 652 2120 dubium,
683 2063 750 2123 per
771 2045 822 2119 id,
850 2044 942 2122 quod
965 2043 1106 2104 dubium
1128 2054 1288 2119 nonest,

294 2127 506 2187 confirmat:
522 2145 647 2188 necesse
659 2137 704 2187 est
721 2145 787 2187 esse
806 2128 912 2206 aliquid
928 2129 955 2186 iu
973 2145 1076 2203 causa,
1094 2130 1170 2205 quod
1185 2127 1289 2207 proba·

294 2211 374 2270 tione
391 2229 448 2271 non
466 2221 561 2288 egeat.
590 2212 707 2290 Alioqui
723 2211 791 2271 nihil
804 2213 868 2286 erit,
882 2229 937 2288 quo
949 2210 1116 2289 probemus,
1129 2212 1182 2270 nisi
1193 2212 1289 2284 luerit,
1298 2222 1332 2273 12

295 2295 372 2372 quod
394 2303 443 2354 aut
462 2296 499 2354 sit
521 2313 620 2355 verum
643 2304 691 2355 aut
711 2295 858 2370 videatur,
883 2313 920 2354 ex
941 2300 998 2372 quo
1020 2293 1113 2354 dubiis
1136 2295 1207 2355 fides
1230 2296 1287 2355 liat.

293 2377 350 2437 Pro
367 2379 455 2438 certis
471 2388 565 2438 autem
580 2379 717 2440 babemus
732 2380 868 2458 primurn,
890 2396 964 2456 quae
979 2377 1111 2438 sensibus
1127 2380 1289 2458 percipiun-

293 2470 350 2537 tur,
366 2470 398 2520 ut
415 2479 489 2539 quae
505 2464 645 2539 videmus,
662 2464 800 2537 audimus,
820 2462 914 2539 qualia
931 2471 996 2521 sunt
1013 2464 1108 2538 signa;
1125 2463 1227 2523 deiude
1243 2481 1289 2538 ea,

293 2545 321 2604 in
338 2563 414 2623 quae
431 2549 571 2606 communi
588 2549 723 2625 opinione
740 2564 912 2607 consensum
930 2555 991 2621 est,
1009 2548 1082 2608 deos
1102 2566 1180 2623 esse,
1197 2565 1289 2625 prae·

292 2629 437 2690 standum
445 2632 588 2708 pietatem
596 2632 795 2710 parentatum
812 2639 975 2708 praeterea,
994 2648 1067 2707 quae
1082 2630 1196 2707 legibus
1209 2639 1291 2690 cauta
1299 2639 1332 2693 13

294 2721 375 2788 sunt,
403 2730 477 2791 quae
499 2717 688 2792 persuasione
711 2717 900 2775 etiamsinon
925 2717 1047 2773 omnium
1069 2714 1213 2774 bominum
1228 2716 1289 2774 eius

295 2805 390 2856 tamen
413 2798 536 2857 civitatis
559 2807 605 2857 aut
621 2801 732 2875 gentis,
750 2801 778 2857 in
794 2815 850 2876 qua
866 2816 914 2858 res
930 2800 1034 2874 agitur,
1050 2801 1079 2857 iu
1093 2816 1190 2860 mores
1206 2815 1290 2857 rece·

293 2888 344 2957 pta
358 2889 439 2955 sunt,
461 2890 492 2941 ut
512 2882 652 2960 pleraque
672 2885 700 2942 in
720 2884 782 2941 iure
805 2899 863 2940 non
879 2882 993 2958 legibus
1011 2883 1064 2942 sed
1078 2882 1204 2942 moribus
1221 2899 1289 2941 con·

295 2971 385 3032 staut;
410 2965 434 3022 si
452 2966 519 3042 quid
534 2967 608 3025 inter
623 2974 771 3043 utramque
788 2974 899 3044 partem
921 2968 1071 3040 convenit,
1093 2968 1118 3024 si
1139 2965 1206 3044 quid
1223 2983 1290 3043 pro·

294 3043 390 3105 batum
413 3056 475 3122 est,
497 3048 621 3128 denique
643 3051 803 3127 cuicunque
824 3048 1005 3110 adversarius
1027 3066 1085 3110 uon
1111 3049 1287 3108 contradicit.

294 3129 345 3189 Sic
359 3131 435 3189 euim
451 3131 499 3190 liet
515 3143 719 3210 argumentum,
739 3130 815 3193 Cum
834 3134 1029 3210 procidentia
1048 3134 1180 3193 maenalus
1200 3151 1287 3209 rego·
1298 3141 1332 3194 14

293 3222 355 3290 tur,
376 3216 693 3278 administrandarum
714 3217 890 3294 respublica
897 3239 910 3288 ‚·
937 3227 968 3277 ut
988 3215 1206 3278 administranda
1227 3234 1289 3275 res-

291 3296 410 3377 publica
437 3300 491 3375 sit,
520 3303 544 3359 si
573 3300 694 3378 liquebit
713 3299 845 3360 muudum
872 3302 1052 3379 providentia
1077 3301 1151 3376 regi.
1195 3299 1331 3362 Debetlo

291 3382 378 3442 etiam
398 3390 468 3442 uota
490 3401 556 3443 esse
585 3392 667 3443 recte
692 3393 860 3461 argumenta
885 3393 1042 3444 tractaturo
1068 3386 1112 3442 vis
1137 3392 1170 3442 et
1190 3393 1290 3444 natura

291 3466 416 3525 omnium
439 3484 550 3544 rerum,
576 3477 605 3528 et
628 3468 695 3545 quid
718 3486 851 3546 quaeque
876 3485 971 3526 earum
987 3467 1108 3535 eiliciat;
1133 3468 1200 3527 binc
1216 3471 1289 3527 enirn

290 3557 368 3623 sunt,
383 3565 458 3628 quae
470 3543 568 3612 εἰκότα
579 3552 719 3611 dicuntur.
748 3549 896 3611 Credibi
906 3551 991 3610 lium
1001 3561 1096 3611 autern
1106 3568 1215 3629 genera
1227 3559 1331 3612 sunt16

291 3634 360 3692 tria:
377 3651 464 3692 unum
479 3633 682 3709 firmissimum,
700 3637 765 3712 quia
782 3635 846 3694 lere
861 3635 982 3711 accidit,
998 3644 1030 3695 ut
1046 3635 1172 3697 Liberos
1189 3655 1209 3696 a
1228 3652 1288 3713 po-

289 3716 429 3778 rentibus
448 3721 573 3790 omum
593 3719 715 3780 alterum
731 3719 812 3779 velut
823 3721 1015 3798 propensius,
1034 3717 1123 3798 llum,
1139 3720 1192 3798 qui
1206 3725 1291 3780 recta
