3184 4409
357 471 415 532 156
664 484 701 531 u.
718 483 796 531 rsa.
814 482 1032 543 oumrmrsru

309 636 566 716 adquaestionibus
578 637 682 713 singuli
694 654 796 695 sensus
811 637 839 694 in
850 637 1029 714 prooemium
1046 635 1238 696 conferantur.
1269 637 1342 698 Nam

351 723 401 781 ille
417 739 474 780 non
488 721 544 780 hoo
560 721 644 796 dicit,
662 720 714 780 sed
730 720 766 779 ad
783 722 997 798 potentissimas
1014 723 1199 798 quaestiones
1216 721 1343 781 iudicem

352 805 593 884 praeparandum;
613 805 641 862 in
662 820 718 883 quo
743 805 802 862 vitii
824 803 893 863 nihil
918 812 996 878 erat,
1017 804 1071 863 nisi
1088 806 1116 862 in
1131 806 1295 864 universum
1313 806 1343 866 id

353 891 553 967 praeciperet,
581 888 658 965 quod
684 905 739 945 neo
765 889 856 945 omnis
882 888 1013 965 quaestio
1038 889 1223 964 patiturnec
1250 891 1343 949 omnis

353 991 439 1032 causa
455 972 610 1032 desiderat.
648 970 719 1030 Nam
739 973 869 1048 protinus
892 989 908 1030 a
924 972 1048 1048 petitore
1065 972 1155 1048 primo
1172 972 1256 1049 loco,
1275 973 1343 1032 dunt

352 1059 449 1133 ignota
465 1055 550 1114 iudici
566 1055 601 1115 lis
614 1063 668 1130 est,
683 1055 827 1132 quomodo
840 1073 877 1113 ex
893 1054 1107 1132 quaestionibus
1123 1056 1260 1114 ducemus
1275 1075 1343 1116 sen·

352 1136 477 1198 tertias?
491 1140 620 1197 nimirum
635 1157 683 1197 res
696 1148 778 1197 erunt
792 1137 961 1198 indicandae
974 1141 1061 1216 prius.
1094 1139 1200 1197 Demus
1213 1139 1342 1217 aliquas;

248 1214 253 1223 '
317 1279 320 1285 ,
354 1223 492 1300 (numid
512 1224 617 1299 exiget
631 1224 703 1281 ratio
725 1223 946 1300 nonnunquam)
975 1224 1097 1281 etiamne
1128 1225 1344 1299 potentissimas

353 1324 469 1381 omnes,
494 1308 522 1367 id
544 1316 588 1364 est
604 1315 691 1365 totam
708 1303 842 1365 causam?
865 1307 908 1364 sic
929 1305 983 1364 erit
1001 1308 1031 1364 in
1051 1307 1201 1384 prooemio
1222 1316 1344 1384 peracta

313 1391 487 1456 annarratio.
532 1388 606 1462 Quid
623 1385 716 1448 vero?
737 1390 779 1464 si,
802 1398 832 1447 ut
853 1389 1021 1465 frequenter
1040 1390 1162 1465 accidit,
1183 1390 1272 1467 paulo
1298 1399 1344 1449 est

353 1475 449 1534 durior
465 1491 566 1532 causa:
591 1490 648 1531 non
664 1471 858 1532 benivolentia
879 1472 979 1531 iudicis
1000 1473 1125 1550 petenda
1145 1491 1182 1532 ex
1197 1473 1262 1532 aliis
1277 1492 1343 1552 par·

352 1558 427 1617 tibus
444 1558 508 1631 erit,
526 1556 579 1615 sed
594 1574 651 1615 non
666 1564 730 1616 ante
749 1557 903 1625 conciliato
919 1558 980 1614 eius
997 1558 1088 1615 animo
1104 1557 1178 1616 uada
1195 1559 1343 1634 quaestio·

353 1659 418 1699 num
443 1641 634 1699 committetur
659 1637 824 1717 asperitas?
864 1638 945 1716 Quae
971 1641 996 1699 si
1023 1649 1104 1700 recte
1125 1658 1241 1720 semper
1261 1642 1342 1700 initio

312 1723 466 1790 addicendi
489 1731 695 1783 tractarentur:
723 1723 792 1783 nibil
818 1725 968 1800 prooemio
997 1740 1070 1801 opus.
1096 1732 1185 1783 esset
1235 1724 1342 1803 Aliqua

355 1824 426 1884 ergo
441 1825 651 1885 nonnunquam,
668 1825 741 1884 quae
757 1816 839 1866 erunt
854 1808 889 1867 ad
902 1807 1108 1867 conciliandum
1122 1807 1204 1866 nobis
1216 1808 1341 1867 iudicem

353 1892 560 1970 potentissima,
577 1907 633 1950 non
650 1891 785 1954 inutiliter
800 1892 910 1969 interim
929 1909 967 1950 ex
978 1891 1192 1969 quaestionibus
1209 1893 1239 1950 in
1256 1907 1340 1950 exor-

354 1976 400 2034 dio
418 1974 596 2034 locabuntur.
633 1973 714 2047 Quae
734 1976 788 2033 sint
805 1991 895 2052 porro
909 1976 938 2034 in
953 1975 1048 2034 causis
1063 1973 1250 2051 favorabilia,
1273 1993 1339 2034 enu-

353 2076 466 2118 merare
482 2076 539 2117 non
557 2067 607 2117 est
617 2076 751 2133 necesse,
768 2059 900 2136 quoniam
912 2067 940 2118 et
955 2058 1104 2118 manifesta
1116 2066 1208 2134 erunt,
1225 2059 1339 2136 cognita

359 2144 497 2221 cuiusque
516 2143 732 2202 controversiae
747 2141 932 2218 condicione,
951 2151 980 2201 et
994 2143 1087 2201 omnia
1103 2142 1204 2218 colligi
1219 2144 1247 2201 in
1264 2151 1338 2202 tanta

312 2238 346 2293 27
354 2226 443 2285 litium
466 2228 607 2285 varietate
628 2241 685 2284 non
706 2234 836 2303 possunt.
880 2224 918 2284 Ut
945 2234 1041 2285 autem
1068 2225 1143 2285 haec
1161 2228 1291 2285 invenire
1312 2233 1339 2284 et

355 2328 481 2386 augere,
502 2312 541 2368 ita
564 2311 641 2387 quod
662 2309 749 2368 laedit
770 2318 817 2368 aut
838 2311 951 2368 omnino
967 2309 1115 2388 repellere
1131 2318 1178 2369 aut
1196 2319 1277 2369 certe
1291 2310 1339 2367 mi·

354 2412 453 2468 nuere,
471 2411 508 2451 ex
524 2411 610 2452 eausa
632 2401 685 2452 est.
725 2392 872 2452 illiseratio
888 2410 1003 2471 quoque
1019 2393 1171 2471 aliquando
1186 2410 1224 2452 ex
1240 2394 1340 2453 eadem

312 2479 447 2550 neverit,
471 2477 532 2534 siue
559 2476 625 2554 quid
652 2478 729 2553 passi
755 2488 850 2534 sumus
871 2494 961 2555 graue
986 2478 1047 2535 sive
1068 2477 1189 2555 passuri.
1236 2475 1340 2555 Neque

357 2562 430 2617 enim
445 2577 506 2616 sum
522 2561 551 2616 in
565 2560 619 2617 hac
637 2561 781 2636 opinione,
799 2577 855 2638 qua
870 2559 999 2638 quidam,
1013 2568 1044 2618 ut
1058 2578 1094 2620 eo
1112 2560 1217 2619 distare
1232 2575 1340 2637 prooe-

353 2645 437 2700 mium
451 2642 485 2700 ab
502 2643 619 2719 epilogo
636 2643 760 2717 credam,
777 2643 853 2721 quod
865 2645 893 2701 in
907 2643 963 2701 boc
974 2645 1129 2719 praeterita
1139 2642 1230 2703 inillo
1245 2642 1341 2701 lutura

354 2726 496 2792 dicantur;
524 2727 576 2785 sed
599 2726 675 2803 quod
696 2728 723 2784 in
744 2728 876 2803 ingressu
898 2726 1012 2804 parcius
1035 2737 1064 2786 et
1085 2726 1241 2785 modestius
1255 2744 1341 2803 prae-

353 2809 515 2886 temptanda
531 2812 566 2868 sit
581 2809 681 2868 iudicis
699 2810 912 2884 misericordia,
928 2811 957 2868 iu
976 2811 1093 2888 epilogo
1108 2826 1178 2870 vero
1194 2808 1283 2869 liceat
1297 2818 1340 2868 to·

353 2903 399 2951 tos
420 2893 567 2952 effundere
592 2893 711 2952 affectus
733 2903 762 2952 et
783 2893 877 2952 liotam
901 2895 1058 2953 orationem
1073 2895 1191 2954 induere
1206 2894 1343 2971 personis

354 2987 383 3035 et
405 2977 555 3036 defunctos
583 2979 711 3036 excitare
739 2986 768 3036 et
797 2979 918 3055 pignora
935 2995 1050 3037 reorum
1067 2978 1244 3056 producere;
1267 2994 1343 3055 quae

311 3063 443 3123 29minus
465 3063 492 3119 in
513 3061 638 3119 exordiis
662 3069 726 3119 sunt
750 3063 863 3121 usitata.
902 3061 960 3121 Sed
975 3061 1064 3136 baec,
1081 3079 1154 3139 quae
1169 3078 1257 3138 supra
1273 3061 1342 3136 dixi,

354 3162 410 3202 non
425 3163 542 3203 movere
558 3154 674 3218 tantum,
690 3163 790 3203 verum
803 3163 840 3203 ex
851 3145 966 3204 diverso
978 3144 1088 3204 amoliri
1103 3161 1220 3224 quoquo
1235 3160 1342 3222 prooe-

353 3230 408 3285 mio
435 3245 507 3305 opus
533 3236 586 3286 est.
624 3226 661 3286 Ut
677 3237 771 3286 autem
782 3233 910 3287 nostmm
923 3228 1126 3304 miserabilem,
1143 3230 1168 3287 si
1183 3229 1342 3301 vincamur,

355 3312 474 3369 exitum:
496 3313 534 3370 ita
558 3311 786 3370 adversariorum
808 3311 978 3390 superbum,
1002 3314 1026 3370 si
1048 3314 1184 3387 vicerint,
1205 3311 1277 3370 utile
1298 3319 1344 3369 est

313 3395 443 3455 bberedi.
478 3395 536 3454 Sed
562 3413 598 3452 ex
621 3394 664 3453 his
688 3411 820 3471 quoque,
842 3414 915 3473 quae
930 3413 987 3454 non
1005 3404 1070 3455 sunt
1083 3412 1274 3473 personarum
1287 3410 1343 3453 noo

356 3495 513 3551 causarum,
529 3496 628 3536 verum
645 3478 775 3537 adiuncta
791 3481 922 3555 personis
944 3488 973 3538 et
989 3481 1095 3555 causis,
1110 3480 1175 3539 duci
1192 3479 1342 3557 prooemia

354 3560 458 3619 solent,
494 3560 628 3619 Personis
650 3559 830 3638 applicantur
849 3579 906 3621 non
922 3564 1043 3639 pignora
1060 3562 1157 3637 modo,
1180 3563 1216 3622 de
1240 3560 1341 3640 quibus

354 3662 440 3720 supra
462 3644 536 3718 dixi,
560 3644 612 3703 sed
627 3645 877 3722 propinquitates,
899 3648 1055 3722 amicitiae,
1077 3647 1189 3706 iuterim
1204 3647 1343 3722 regiones

354 3729 439 3787 etiam
463 3728 667 3806 civitatesque,
688 3735 717 3786 et
736 3729 760 3786 si
786 3729 853 3807 quid
874 3728 949 3788 aliud
970 3731 1032 3790 eius
1057 3747 1143 3810 quem
1162 3729 1345 3791 defendimus
