3184 4409
356 450 390 511 to
659 465 697 512 u.
712 463 790 512 nau.
808 464 1026 524 Qumrrnmnr

353 619 427 677 nium
448 618 476 675 in
491 617 577 677 lilium
598 619 812 696 peregrinitatis
831 636 911 679 rcum
926 619 1007 687 dixit:
1030 637 1110 695 eum,
1131 619 1178 697 qui
1194 619 1286 679 lilium
1301 620 1339 680 le·

352 701 419 759 noni
440 701 574 761 vendidit.
615 699 648 760 ln
662 701 734 776 hoc,
763 701 800 761 de
825 719 883 781 quo
905 702 1063 780 loquimur,
1091 711 1172 781 patre
1199 704 1269 781 quid
1294 721 1338 782 ap

310 793 344 848 56
354 785 492 862 prehendi
506 781 624 862 potest?
645 809 648 816 ·
666 783 821 844 Damnatus
836 794 891 844 est.
921 784 1063 863 Numquid
1076 787 1162 862 igitur
1178 785 1228 846 lex
1243 787 1281 847 ad
1295 787 1343 865 ab!

352 868 463 927 solutos
478 877 583 927 tantum
599 877 697 946 patres
709 866 855 946 pertinet?
890 868 967 929 Dura
982 871 1072 947 prima
1086 870 1181 929 fronte
1194 872 1336 948 quaestio.

351 950 415 1010 Non
430 951 631 1029 desperemus;
656 951 794 1011 credibile
812 961 873 1027 est,
896 952 1094 1029 hocvoluisse
1111 953 1335 1030 legumlatoren,

275 1029 279 1067 ¹
296 1050 298 1055 ’
352 1054 388 1094 ne
402 1035 506 1095 auxilia
521 1035 675 1095 liberomm
690 1035 888 1096 innocentibus
906 1036 1051 1096 deessent.
1093 1036 1151 1096 Sed
1168 1036 1227 1095 hoc
1242 1034 1335 1097 dicere

351 1121 458 1178 rustico
472 1118 665 1178 verecundum
680 1129 739 1194 est,
763 1121 828 1197 quia
846 1122 1025 1180 innocentem
1040 1120 1129 1179 luisse
1144 1128 1257 1197 patrem
1271 1120 1334 1180 iate

308 1207 405 1265 titur.
443 1201 500 1262 Dat
520 1203 596 1262 aliud
621 1212 816 1279 argumentum
838 1205 1050 1263 controversia:
1071 1203 1245 1264 Damnatus
1267 1222 1333 1282 pro

351 1288 473 1347 ditionis
493 1305 562 1347 eum
580 1287 730 1351 advocato
748 1287 857 1349 emtor.
892 1286 949 1347 Vix
968 1288 1081 1347 videtur
1098 1304 1187 1366 posse
1209 1287 1334 1362 lieri,rt

351 1387 444 1447 poena
466 1369 525 1428 lilio
545 1372 574 1428 in
598 1369 700 1429 eodem
714 1379 812 1449 patre,
837 1372 907 1430 etsi
927 1369 1040 1430 alluerit
1055 1379 1084 1430 et
1099 1372 1123 1430 si
1143 1388 1201 1430 non
1216 1369 1334 1442 alluerit,

351 1456 504 1512 constituta
519 1455 564 1511 sit.
606 1452 759 1513 Praeterea
774 1453 823 1513 lex
840 1454 875 1514 ad
891 1455 991 1515 exules
1007 1455 1084 1514 nulla
1101 1456 1234 1532 pertinet.
1276 1453 1333 1515 Nou

283 1546 285 1548 ’
350 1554 422 1614 ergo
446 1536 584 1595 credibile
600 1546 644 1595 est
658 1537 694 1596 de
706 1537 851 1598 advocato
865 1538 985 1598 damnati
1002 1540 1152 1615 scriptum3
1175 1555 1211 1597 an
1227 1539 1334 1615 possint

305 1623 424 1683 illenim
439 1619 513 1678 bona
535 1637 602 1678 esse
617 1620 676 1680 ulla
698 1619 814 1680 exulis?
848 1621 1045 1682 scholasticus
1066 1623 1094 1680 in
1109 1631 1258 1698 utramque
1276 1638 1333 1699 par·

348 1712 406 1763 tem
431 1702 544 1762 dubium
562 1703 644 1772 iacit;
673 1705 796 1764 disertus
818 1714 848 1764 et
867 1706 964 1765 verbis
985 1705 1160 1780 inhaerebit,
1187 1703 1333 1782 inquibus

348 1787 426 1847 nulla
444 1787 578 1864 exceptio
600 1797 660 1863 est,
683 1797 712 1847 et
726 1797 847 1866 propter
861 1788 917 1848 boc
930 1791 1023 1866 ipsum
1043 1806 1166 1867 poenam
1181 1805 1248 1847 esse
1271 1804 1332 1847 con·

348 1874 473 1930 stitutam
489 1873 546 1945 eis,
569 1873 616 1948 qui
632 1872 854 1947 nonaffuerint,
876 1890 912 1937 ne
928 1872 1058 1950 periculo
1076 1872 1155 1932 exilii
1171 1871 1332 1931 deterrean-

347 1965 392 2015 tur
403 1955 608 2029 advocatione,
623 1965 651 2014 et
663 1957 799 2015 rusticum
810 1958 952 2015 innocenti
963 1973 1020 2014 non
1032 1956 1147 2015 affuisse
1160 1955 1246 2014 dicet.
1265 1951 1332 2015 Illud

346 2041 475 2118 protinus
490 2055 547 2097 non
562 2038 720 2115 indignum,
737 2039 813 2117 quod
833 2048 999 2115 annotetur,
1022 2056 1112 2117 posse
1137 2057 1174 2098 ex
1190 2055 1248 2097 uno
1264 2045 1331 2097 statu

347 2123 417 2182 duas
439 2122 592 2200 generales
613 2124 675 2182 fieri
697 2124 897 2200 quaestiones,
918 2122 964 2181 An
988 2119 1137 2201 quisquis?
1163 2139 1199 2181 an
1223 2123 1331 2181 cuicun-

305 2216 339 2271 59
347 2203 422 2284 que?
455 2205 535 2265 llaec
552 2224 590 2265 ex
606 2205 715 2284 duabus
729 2209 861 2284 personis
876 2207 1006 2284 quaesita
1022 2215 1096 2266 sunt.
1128 2204 1174 2264 Ex
1188 2206 1275 2264 tertia
1291 2221 1331 2264 aa·

346 2299 417 2364 tem,
440 2307 513 2368 quae
535 2299 579 2348 est
598 2290 770 2364 adversarii,
793 2291 870 2350 nulla
892 2291 960 2349 oriri
983 2291 1113 2368 quaestio
1136 2297 1249 2367 potest,
1273 2287 1332 2366 quit

345 2373 423 2431 nulla
443 2374 473 2432 irt
495 2373 575 2432 eide
594 2391 646 2432 sua
662 2382 744 2451 parte
762 2376 970 2433 controversia.
1008 2373 1140 2433 Nondum
1155 2381 1250 2432 tamen
1270 2386 1331 2430 cura

346 2456 469 2515 deficiat.
514 2455 570 2516 lsta
594 2459 667 2515 enim
690 2457 782 2516 omnia
805 2457 860 2517 dici
880 2466 1001 2536 possent
1021 2460 1105 2517 etiam
1129 2473 1185 2514 non
1203 2454 1331 2534 restituto

346 2549 437 2618 patre.
475 2539 538 2598 Nec
553 2541 645 2599 statim
662 2558 697 2600 eo
715 2540 878 2616 tendamus,
901 2541 978 2618 quod
994 2541 1119 2600 occurrit
1139 2539 1233 2614 ultro,
1256 2556 1273 2596 a
1292 2555 1333 2599 ru·

346 2624 418 2681 stico
439 2625 609 2681 restitutum.
657 2622 711 2696 Qui
736 2623 878 2683 subtiliter
904 2633 1041 2702 quaeret,
1065 2623 1172 2700 aliquid
1193 2619 1334 2699 spectabit

345 2705 434 2772 ultra;
460 2725 539 2776 nam,
564 2715 594 2765 ut
617 2724 708 2782 genus
729 2709 845 2785 speeies
866 2709 1010 2785 sequitur,
1034 2709 1071 2766 ita
1094 2707 1222 2784 speciem
1244 2719 1333 2781 genus

303 2789 502 2866 sopraecedit.
540 2788 692 2865 Fingamus
714 2808 784 2867 ergo
805 2791 841 2849 ab
861 2791 919 2851 alio
939 2793 1114 2850 restitutum:
1139 2789 1333 2848 ratiocinativa

345 2891 397 2931 seu
414 2873 566 2932 collectiva
581 2875 710 2952 quaestio
728 2877 850 2950 orietur,
874 2872 923 2935 Aa
937 2876 1084 2935 restitutio
1097 2891 1155 2953 pro
1168 2873 1335 2934 suturam

344 2957 453 3017 iudicii
469 2958 509 3017 uc‘t
526 2967 554 3016 et
572 2959 703 3035 proinde
716 2961 835 3033 voleat,
854 2976 894 3019 ac
914 2959 942 3019 ai
961 2959 1108 3019 iudicium
1127 2974 1188 3022 moa
1207 2954 1334 3034 scisset?

345 3039 400 3099 Ubi
426 3040 574 3118 temptabit
595 3042 718 3100 rusticus
742 3041 857 3117 dicere,
885 3060 922 3100 ne
940 3042 1095 3118 impetrare
1119 3038 1233 3118 quidem
1255 3038 1335 3098 aliter

345 3126 476 3201 potuisse
491 3141 606 3183 suorum
619 3127 828 3185 restitutionem
838 3142 894 3183 uno
905 3127 1033 3203 praemio
1046 3125 1099 3190 nisi
1111 3133 1192 3201 patre
1205 3122 1334 3199 promte.

326 3257 327 3260 ,
347 3209 419 3267 acsi
436 3217 586 3267 accusatus
601 3225 658 3266 non
673 3219 767 3284 esset,
789 3200 943 3286 revocato,
961 3225 1035 3286 quae
1054 3225 1103 3266 res
1119 3206 1252 3265 advocati
1269 3221 1334 3284 quo

304 3306 337 3361 61
348 3308 403 3367 que
419 3308 558 3368 poenam,
580 3301 713 3369 tanquam
731 3295 755 3350 is
777 3309 834 3350 non
849 3292 992 3366 affuisset,
1010 3292 1162 3350 remiserit.
1202 3287 1275 3348 Tum
1291 3307 1335 3347 ve·

346 3374 436 3431 nimus
459 3374 495 3434 ad
516 3375 560 3449 id,
583 3376 660 3453 quod
675 3377 793 3453 primum
809 3374 996 3449 occurrebat,
1018 3375 1156 3434 arustico
1173 3390 1241 3430 esse
1256 3372 1335 3431 resti·

346 3465 435 3515 tutum
450 3467 569 3534 patrem.
609 3457 664 3518 Ubi
679 3477 777 3518 rursus
794 3460 1021 3533 ratiocinamur,
1033 3475 1068 3517 an
1082 3457 1232 3516 restitutor
1246 3453 1337 3532 accipi

347 3540 452 3599 debeat
468 3558 520 3618 pro
536 3541 694 3616 advocato,
715 3542 828 3619 qnando
843 3541 871 3600 id
885 3543 1075 3619 praestiterit,
1092 3539 1168 3618 quod
1182 3538 1337 3598 advocatus

347 3625 442 3701 petiit;
472 3641 527 3682 nec
545 3625 704 3702 improbum
724 3626 761 3684 sit
781 3625 940 3702 prosimili
961 3626 1067 3702 accipi,
1097 3622 1174 3702 quod
1195 3619 1262 3701 plus
1284 3629 1336 3682 cst.

304 3707 468 3788 radetque
494 3709 548 3769 iam
571 3709 738 3788 aequitatis,
765 3708 855 3769 utrius
880 3708 980 3768 iustius
1005 3709 1043 3769 sit
1066 3702 1263 3768 desiderium?
1307 3703 1336 3785 ld
