3184 4409
590 491 678 539 ruso.
693 491 841 540 cunnos.
854 487 1014 557 urs.11,l.
1255 476 1296 541 65

300 657 405 709 natura
419 647 562 707 minimum
578 647 641 725 spei
656 646 784 722 dederit,
807 647 836 704 in
857 663 913 724 qua
928 647 1071 723 ingenium
1086 647 1190 706 iudicio
1211 640 1296 725 pruo'l

300 733 432 792 sumitur.
479 731 628 791 Materiam
655 747 721 790 esse
748 731 868 808 primum
893 730 963 789 volo
988 730 1036 789 vel
1062 730 1295 791 abundantiorem

301 826 390 894 atque
408 815 483 876 ultra
505 833 590 893 quam
611 823 746 891 oporteat
768 814 870 872 fusam.
902 813 1020 873 blultum
1042 816 1107 883 inde
1131 816 1295 894 decoquent

301 900 382 975 anni,
404 899 521 959 multum
536 900 609 958 ratio
627 898 751 972 timebit,
768 898 875 976 aliquid
890 897 970 956 velut
985 917 1037 957 usu
1055 900 1118 976 ipso
1136 900 1294 974 deteretur‚

300 986 337 1043 sit
352 984 440 1043 modo
456 983 530 1042 unde
546 983 641 1042 excidi
658 983 751 1061 possit
766 991 795 1040 et
813 982 890 1059 quod
912 983 1043 1059 exculpi;
1069 984 1123 1042 erit
1137 993 1246 1059 autem,
1270 985 1295 1041 si

299 1085 358 1126 uon
381 1067 418 1126 ab
439 1068 517 1126 initio
540 1075 654 1126 tenuem
678 1068 792 1125 nimium
815 1066 945 1125 laminam
972 1066 1134 1125 duxerimus
1161 1076 1189 1126 et
1212 1085 1295 1145 quam

300 1151 450 1211 caelatura
472 1151 557 1210 altior
578 1160 698 1229 rumpat.
739 1149 823 1222 Quod
847 1167 891 1208 me
907 1150 944 1209 de
966 1149 1009 1208 his
1026 1150 1167 1209 aetatibus
1187 1153 1322 1215 sentires

299 1238 392 1295 minus
408 1235 571 1310 mirabitur,
589 1235 637 1314 qui
655 1233 729 1312 apud
746 1231 918 1294 Ciceronem
933 1233 1054 1311 legerit:
1075 1232 1147 1296 Volo
1166 1237 1245 1298 enim
1261 1254 1296 1296 sc

300 1320 409 1402 efferat
425 1320 459 1379 in
479 1320 672 1380 adolescente
689 1318 876 1396 fecunditas.

385 1401 572 1480 Quapropter
593 1403 621 1461 in
642 1403 739 1480 primis
756 1402 904 1462 evitandus
927 1412 956 1462 et
977 1404 1005 1462 111
1022 1405 1119 1482 pueris
1137 1403 1294 1482 praecipue

299 1488 439 1564 magister
456 1487 568 1562 aridus,
592 1502 648 1545 non
665 1487 756 1544 minus
776 1505 859 1564 quam
873 1489 980 1546 teneris
997 1488 1089 1547 adhuc
1110 1488 1215 1566 plantis
1238 1489 1293 1546 sic-

300 1589 363 1630 cum
380 1579 411 1629 et
426 1571 488 1628 siue
502 1570 622 1629 humore
638 1570 698 1629 ullo
715 1571 819 1630 solum.
849 1570 918 1630 lude
933 1572 1002 1630 liunt
1017 1572 1138 1631 humiles
1156 1573 1249 1630 statim
1265 1574 1320 1629 et9

299 1655 378 1714 relut
394 1663 501 1714 terram
523 1663 707 1733 spectantes,
731 1657 779 1732 qui
799 1654 867 1713 nihil
886 1673 973 1734 supra
996 1655 1167 1716 cotidianum
1185 1671 1293 1715 sermo·

298 1757 363 1798 nem
387 1737 524 1797 attollere
549 1739 681 1798 audeant.
717 1737 825 1798 Macies
848 1739 905 1798 illis
928 1752 981 1818 pro
1004 1741 1126 1800 sanitate
1146 1748 1176 1799 et
1198 1739 1293 1798 iudicii
1321 1743 1323 1746 '
1358 1752 1359 1755 ’

298 1823 365 1882 loco
383 1822 532 1881 infirmitas
550 1832 610 1897 est,
633 1831 661 1881 et
683 1823 748 1883 dum
771 1824 841 1881 satis
858 1830 957 1900 putant
978 1825 1048 1883 vitio
1070 1842 1188 1898 carere,
1214 1824 1241 1881 111
1265 1823 1292 1882 id

298 1909 392 1985 ipsum
414 1907 540 1966 incidunt
560 1907 673 1981 vitium,
695 1907 772 1984 quod
792 1907 943 1966 virtutibus
965 1917 1073 1967 carent.
1105 1908 1201 1981 Quare
1226 1906 1292 1965 mihi

297 2010 332 2050 ne
348 1991 498 2050 maturitas
520 1991 634 2069 quidem
650 1991 712 2068 ipsa
729 1986 864 2070 festinet,
888 2009 943 2050 nec
959 2001 1051 2052 musta
1067 1993 1095 2050 in
1116 1992 1180 2051 lacu
1198 1992 1293 2051 statim

297 2084 415 2134 austera
431 2075 503 2142 sint;
521 2076 564 2134 sic
582 2083 611 2133 et
626 2091 715 2133 annos
731 2075 827 2133 ferent
842 2082 871 2133 et
886 2084 1030 2134 vetustate
1045 2075 1207 2153 prolicient.

381 2156 446 2217 Neo
462 2158 532 2218 illud
549 2159 665 2236 quidem
681 2159 758 2236 quod
774 2158 977 2218 admoneamus
1000 2160 1143 2234 iudignum
1166 2166 1228 2234 est,
1252 2160 1291 2216 in·
1303 2164 1335 2214 lo

295 2243 382 2320 genia
398 2246 554 2321 puerorum
575 2244 659 2302 nimia
681 2243 791 2300 interim
814 2243 1021 2302 emendationis
1043 2244 1200 2302 severitate
1221 2242 1291 2302 deii-

296 2346 382 2394 cerc;
406 2343 470 2398 nam
488 2335 518 2386 et
540 2327 696 2404 desperant
714 2334 743 2384 et
762 2326 863 2385 dolent
886 2334 915 2386 et
935 2328 1091 2385 novissime
1110 2326 1233 2385 oderunt
1250 2333 1290 2401 et,

295 2411 374 2490 quod
391 2410 513 2470 maxime
526 2419 624 2485 nocet,
643 2410 708 2470 dum
720 2411 814 2469 omnia
830 2411 938 2485 timent,
955 2411 1024 2470 nihil
1037 2419 1183 2469 conantur.
1207 2408 1290 2482 Quod
1300 2416 1331 2467 11

295 2496 383 2555 etiam
406 2495 522 2552 rusticis
544 2503 640 2553 notum
663 2503 724 2570 est,
747 2495 796 2572 qui
813 2494 961 2558 frondibus
982 2497 1092 2555 teucris
1115 2511 1173 2553 non
1192 2502 1292 2571 putant

295 2577 489 2639 adhibendam
506 2596 574 2636 esse
593 2577 716 2654 falcem,
740 2580 806 2656 quia
827 2578 1016 2638 reformidare
1032 2580 1139 2639 ferrum
1159 2578 1292 2636 videntur

295 2671 323 2722 et
344 2661 473 2722 nondum
491 2662 658 2721 cicatricem
676 2661 736 2739 pati
759 2679 859 2740 posse.
900 2662 1042 2723 Iucundus
1065 2679 1137 2739 ergo
1159 2671 1217 2720 tum
1232 2669 1334 2720 mala

295 2747 371 2806 xime
389 2744 479 2806 debet
499 2763 566 2804 csse
586 2754 780 2824 praeceptor,
801 2754 832 2804 ut
854 2747 998 2822 remedia,
1023 2765 1097 2827 quae
1119 2746 1227 2825 alioqui
1242 2763 1289 2804 na·

296 2839 358 2890 tura
374 2836 442 2889 suut
457 2846 572 2909 aspera,
589 2829 669 2898 molli
684 2847 767 2888 manu
783 2830 938 2898 leniantur;
955 2830 1073 2891 laudare
1088 2831 1195 2911 aliqua,
1211 2829 1291 2888 ferro

297 2913 455 2993 quaedam,
479 2921 589 2972 mutare
606 2910 711 2988 etiam,v
731 2913 844 2974 reddita
862 2933 913 2973 cur
928 2915 956 2974 id
971 2916 1020 2974 liat
1036 2915 1164 2989 ratione,
1186 2913 1289 2972 illumi-

295 3015 364 3057 nare
395 2997 609 3075 interponendo
630 2998 738 3075 aliquid
760 2998 814 3056 sui.
863 2997 1071 3078 Nonnunquam
1092 2997 1149 3056 hoc
1172 3015 1289 3079 quoque

295 3083 350 3141 erit
364 3080 448 3157 utile,
465 3082 558 3160 ipsum
573 3088 649 3141 totas
665 3082 774 3141 dictare
786 3083 931 3157 materias,
948 3101 1019 3160 quas
1035 3091 1065 3141 et
1079 3083 1203 3140 imitetur
1217 3098 1290 3159 puer

293 3172 325 3224 et
339 3165 454 3224 interim
469 3174 603 3244 tanquam
620 3183 687 3225 suas
705 3174 789 3224 amet.
829 3165 865 3224 Et
882 3167 978 3225 sitam
995 3167 1148 3243 negligens
1164 3166 1191 3223 ei
1206 3164 1288 3223 stilus
1298 3170 1332 3224 13

291 3249 400 3324 fuerit,
426 3257 458 3308 ut
479 3250 708 3310 emendationem
731 3266 788 3309 uon
808 3250 945 3328 recipiat:
974 3258 1112 3327 expertus
1134 3266 1196 3307 sum
1221 3265 1288 3326 pro·

291 3333 401 3408 desse,
431 3335 566 3412 quotiens
594 3334 716 3393 eandem
738 3335 886 3394 materiam
910 3352 1010 3394 rursus
1033 3352 1049 3397 a
1073 3351 1118 3392 me
1139 3341 1289 3414 tractatam

290 3412 427 3478 scribere
443 3418 479 3477 de
495 3419 609 3495 integro
629 3417 772 3493 iuberem,
796 3437 887 3497 poste
907 3419 986 3479 enim
1012 3436 1080 3479 eum
1101 3417 1206 3478 adhuc
1226 3437 1288 3477 me-

290 3503 374 3571 lius,-
391 3510 533 3581 quatenus
549 3502 628 3563 nullo
644 3503 735 3578 magis
751 3503 845 3561 studia
860 3520 945 3580 quam
960 3520 1014 3580 spe
1029 3501 1165 3579 gaudent.
1194 3496 1289 3560 Aliter
1298 3505 1331 3559 14

292 3593 390 3646 autem
404 3585 461 3645 alia
477 3595 557 3646 aetas
576 3586 754 3646 emendanda
773 3594 829 3662 est,
847 3595 876 3645 et
892 3603 945 3663 pro
963 3587 1049 3646 modo
1064 3587 1165 3646 virium
1181 3593 1211 3645 et
1226 3585 1286 3644 cxi·

293 3670 419 3746 gendum
442 3677 471 3729 et
488 3670 690 3748 corrigendum
705 3687 789 3747 opus.
827 3669 964 3730 Solebam
987 3688 1044 3747 ego
1066 3672 1166 3731 dicere
1188 3664 1286 3747 putris

292 3751 402 3834 aliquid
417 3753 495 3813 ausis
511 3753 643 3816 licentius
660 3763 708 3816 aut
723 3754 843 3835 laetius,
860 3755 994 3821 laudare
1009 3756 1090 3822 uuo
1110 3774 1162 3819 ms
1181 3751 1314 3825 adhaec

331 3845 522 3904 1111111111),
1119 3841 1143 3904 b
