3184 4409
370 463 454 524 244*
510 487 532 520 κ
671 477 707 524 m.
723 477 801 523 usn.
817 475 1033 536 summorum

369 638 501 709 oportet,
521 647 578 689 non
594 632 667 690 enim
682 630 863 698 conceditur;
890 637 989 689 cetera
1014 630 1097 708 sequi
1116 629 1170 688 nisi
1191 630 1357 692 eonlirmata

370 715 459 791 prima
482 724 564 792 parte
586 732 642 772 non
662 722 797 791 possuut3
819 723 850 773 ut
872 722 901 773 et
922 715 1077 789 assumptio
1093 715 1205 772 interim
1221 714 1357 776 confessa

370 805 474 872 estut,
498 795 607 859 Omnes
627 806 726 858 antem
746 799 848 858 eoluot
861 799 981 858 beatam
993 798 1086 857 eitam
1099 799 1221 866 vivos,-
1246 799 1356 857 interim

369 881 516 958 probanda
536 891 566 939 nt
586 881 650 956 illa,
676 879 763 952 Quod
777 889 822 941 est
836 879 1028 954 dissolutum,
1049 888 1356 957 sermomonem,

369 965 462 1023 solnta
484 981 608 1042 corpore
630 966 720 1024 anima
742 983 777 1024 au
796 965 833 1022 sit
855 963 1019 1022 immortalis
1033 963 1082 1022 vel
1097 963 1132 1022 ad
1148 972 1261 1044 tempus
1277 975 1356 1023 oerte

368 1056 496 1121 maneat,
513 1050 550 1107 sit
567 1047 705 1107 indubio.
745 1047 836 1120 Quam
851 1047 1072 1124 assumptionem
1090 1047 1139 1105 alii
1153 1049 1295 1106 rationem
1310 1049 1356 1108 alii

367 1141 480 1191 vocant.

327 1219 361 1272 14
450 1214 631 1292 Epiehirema
647 1223 741 1273 autem
756 1214 835 1273 nullo
852 1213 946 1274 differt
961 1231 977 1273 a
991 1214 1186 1291 syllogismis,
1209 1214 1265 1271 nisi
1281 1215 1354 1292 quod

368 1298 410 1357 illi
426 1306 454 1356 et
465 1299 563 1375 plnres
579 1297 684 1356 habent
699 1299 815 1375 speeies
827 1306 856 1356 et
866 1315 935 1355 vere
950 1296 1090 1374 eolligunt
1104 1299 1193 1371 veris,
1211 1297 1352 1374 epichire-

368 1383 450 1440 matis
465 1382 644 1459 frequentior
668 1382 743 1439 circa
763 1380 912 1439 eredibilia
928 1389 972 1439 est
990 1399 1068 1439 usus.
1104 1380 1176 1439 Nem
1198 1381 1223 1438 si
1248 1384 1354 1440 eontin-

368 1473 452 1545 geret
467 1482 582 1542 semper
594 1473 779 1523 controversa
792 1464 934 1522 confessis
947 1463 1086 1542 probare:
1102 1467 1151 1522 vix
1163 1472 1242 1522 esset
1257 1465 1287 1522 in
1302 1465 1355 1524 hoe

327 1559 358 1610 15
368 1568 477 1628 genere
493 1565 560 1608 usus
578 1549 709 1608 oratoris.
738 1546 809 1607 Nam
826 1547 892 1624 quid
907 1549 1021 1623 ingenio
1039 1557 1083 1606 est
1100 1565 1189 1624 opus,
1214 1555 1246 1604 ut
1261 1548 1354 1608 dieas:

277 1701 283 1716 ἢ
366 1634 455 1694 Bono
469 1635 512 1694 od
525 1655 574 1695 me
581 1635 750 1711 pertinent,
771 1632 853 1694 solos
874 1634 951 1692 enim
963 1650 1032 1692 snm
1044 1631 1126 1708 filios
1142 1631 1293 1708 defuncti,
1309 1632 1354 1691 vel

359 1719 450 1778 ‘solos
466 1717 569 1792 lueres,
587 1735 655 1777 eom
670 1717 737 1777 iore
754 1716 899 1776 bonorum
910 1718 1062 1792 possessio
1077 1716 1176 1775 testati
1189 1717 1353 1776 secondom

327 1801 488 1860 roratntos
501 1801 669 1860 testamenti
681 1801 785 1873 detor,
807 1800 851 1859 od
873 1816 919 1858 me
933 1800 1027 1875 ipttor
1044 1799 1184 1874 pertinet.
1215 1797 1276 1857 Sed
1293 1816 1352 1857 oum

366 1886 429 1960 ipsa
453 1884 525 1942 ratio
549 1884 576 1941 in
597 1886 794 1961 quaestionem
816 1883 910 1940 venit:
935 1881 1114 1940 efficiendum
1130 1891 1174 1938 est
1190 1889 1302 1939 certum
1317 1881 1352 1955 id,

367 1985 423 2044 qno
440 1966 586 2043 probaturi
600 1984 712 2041 snmus,
730 1966 807 2042 qnod
821 1968 959 2024 incertum
976 1973 1033 2023 est:
1057 1961 1089 2022 ut
1104 1965 1128 2022 si
1144 1967 1206 2040 ipse
1224 1963 1301 2023 forte
1316 1967 1352 2023 in·

366 2053 493 2108 tentione
510 2050 633 2125 dicatur,
655 2047 716 2110 Aut
728 2049 809 2126 filios
822 2068 883 2109 eoo
899 2067 932 2109 es
946 2056 1000 2108 aot
1012 2067 1072 2108 ooo
1090 2066 1123 2107 es
1137 2049 1289 2124 lepitimos
1302 2055 1352 2107 ool

365 2153 429 2194 noo·
439 2153 471 2195 es
484 2135 590 2202 solos;
611 2135 736 2210 itemque
758 2129 818 2192 Aret
837 2151 897 2192 non
918 2151 951 2192 es
971 2132 1074 2207 deses,
1096 2140 1150 2190 out
1163 2149 1224 2190 noo
1245 2133 1353 2191 iustum

366 2224 571 2278 testamentum
587 2227 641 2295 est,
655 2227 709 2278 not
729 2235 841 2293 capere
854 2234 912 2274 ooo
932 2221 1033 2291 potes,
1054 2223 1109 2275 aot
1121 2214 1215 2274 dobes
1233 2214 1352 2275 coiere

368 2303 423 2362 des
429 2324 442 2369 ,·
458 2301 638 2360 efficiendum
655 2308 699 2358 est
714 2302 833 2371 iustum,
858 2307 978 2375 propter
998 2297 1075 2375 qnod
1090 2297 1172 2355 nobis
1187 2295 1264 2356 bona
1280 2297 1352 2357 adin·

267 2387 274 2404 '
326 2383 454 2445 tidinari
471 2384 603 2443 debeant.
636 2383 694 2442 Sed
709 2392 767 2440 tnm
782 2390 827 2440 est
838 2381 1004 2440 necessarie
1016 2381 1064 2439 illa
1077 2397 1183 2438 summa
1200 2382 1352 2452 connexio,

368 2484 430 2526 cnm
451 2469 604 2525 intervenit
624 2468 696 2525 ratio
719 2465 842 2541 longior.
884 2463 1045 2541 Aliquando
1071 2464 1215 2523 sullloiunt
1238 2465 1353 2523 intentio

367 2567 400 2608 an
415 2552 504 2608 ratio:
520 2549 616 2611 Sileot
630 2553 708 2609 enim
723 2550 805 2626 lepes
818 2550 898 2607 inter
912 2565 1002 2606 ormo
1016 2566 1073 2607 nec
1087 2566 1121 2607 se
1135 2549 1296 2624 expectari
1310 2549 1354 2606 ιἰι-

367 2633 445 2706 berit,
462 2653 531 2693 eom
543 2636 580 2708 ei,
600 2634 651 2710 qui
662 2641 828 2709 expectare
837 2633 917 2706 velit,
929 2639 999 2690 onte
1008 2631 1122 2690 iniusta
1131 2649 1231 2706 poeno
1244 2629 1355 2691 latendo

365 2717 404 2774 sit
432 2731 523 2792 qoem
543 2719 624 2776 tosto
648 2717 825 2792 repetendo.
861 2714 990 2791 Ideoque
1013 2713 1040 2772 id
1061 2712 1256 2787 enthymema,
1279 2712 1354 2790 qnod

367 2807 411 2856 est
435 2817 471 2857 ex
494 2799 753 2876 consequentibns,
775 2800 878 2857 rationi
892 2798 983 2855 simile
999 2797 1139 2855 dixerunt.
1172 2797 1279 2855 Sedet
1302 2799 1355 2854 sin·

270 2888 273 2891 '
366 2882 444 2957 gula,
461 2881 629 2959 interimque
645 2892 736 2955 reete,
756 2890 909 2958 ponuntur,
926 2890 956 2938 ut
973 2883 1064 2957 ipsum
1079 2879 1150 2938 illud
1165 2878 1264 2940 Silent
1277 2881 1357 2958 tepet

327 2965 444 3027 lssioter
466 2985 574 3035 ormo;
594 2975 623 3023 et
643 2984 659 3025 a
680 2968 790 3023 ratione
811 2957 939 3041 insipere
964 2963 1007 3021 las
1029 2974 1089 3037 est,
1112 2962 1215 3023 deiude
1240 2963 1356 3022 oonoln·

367 3050 451 3125 dere,
474 3060 505 3108 ut
525 3049 644 3109 ibidem:
666 3047 781 3121 Quodsi
795 3050 955 3109 duodecim
976 3047 1099 3107 todoloe
1113 3055 1296 3107 nocturnum
1308 3048 1355 3125 so·

366 3153 430 3195 rem
448 3149 563 3210 quoquo
578 3134 682 3206 utodo,
706 3135 848 3193 diuersum
863 3140 980 3205 ostem,
1000 3131 1029 3190 st‘
1044 3149 1078 3190 se
1097 3131 1153 3190 telo
1169 3131 1355 3208 defenderet,

366 3217 496 3294 interfici
505 3220 626 3296 imposne
639 3217 814 3276 ooloerootz·
832 3216 900 3292 qois
910 3221 964 3288 est,
978 3215 1040 3291 qni,
1054 3228 1171 3290 quoquo
1185 3214 1275 3273 modo
1290 3215 1356 3291 quis

366 3302 541 3378 interfectos
565 3302 621 3374 sit,
641 3301 828 3377 poeniendum
852 3299 959 3374 potet?
997 3296 1125 3356 Variavit
1147 3296 1193 3355 lrie
1214 3295 1309 3355 adhue
1330 3302 1357 3354 et

367 3401 465 3441 rursus
481 3387 616 3443 rationem
632 3385 717 3441 tertio
734 3383 800 3441 loeo
823 3381 933 3458 posuit,
961 3400 1029 3441 eom
1049 3381 1168 3454 oldest,
1189 3381 1356 3456 aliquando

327 3473 360 3529 19
366 3467 500 3542 stadium
514 3469 601 3526 nobis
615 3469 654 3528 ob
668 3469 744 3545 ipsis
759 3466 878 3542 porrtps·
893 3465 1018 3540 lepidos.
1057 3463 1164 3522 Prioris
1180 3472 1275 3547 autem
1292 3479 1354 3541 par·

368 3551 403 3607 tis
421 3549 500 3608 duxit
517 3551 661 3610 ordinem:
685 3548 865 3610 insidiatori
886 3566 958 3607 vero
979 3556 1008 3606 et
1029 3548 1140 3608 latroni
1161 3562 1241 3623 quoe
1259 3551 1355 3624 potest

367 3633 476 3711 inferri
489 3635 603 3704 iniresto
627 3635 709 3694 nee?
732 3633 788 3692 hoo
805 3632 939 3696 intentio;
971 3627 1053 3702 Quid
1073 3630 1231 3691 sospitatos
1250 3627 1355 3700 oostrt',

369 3719 442 3795 qaod
456 3718 558 3799 plodis'
578 3716 700 3778 volout?
721 3716 778 3775 hoo
797 3717 885 3782 ratio;
910 3710 993 3787 Quos
1006 3713 1120 3774 dobere
1140 3722 1223 3775 certe
1241 3730 1302 3773 oon
1321 3712 1355 3771 li·
