3184 4409
353 472 394 535 68
656 484 1013 546 musmomurremm

351 650 396 699 est
411 640 644 712 ratiocinationis,
660 647 691 698 ut
706 639 782 717 quod
797 658 835 701 ex
850 639 952 700 eedem
966 657 1053 699 causa
1067 641 1141 698 inter
1155 649 1247 701 status
1262 659 1326 720 quo

310 733 406 801 lique
423 723 586 782 habeamus.
616 724 664 782 Sic
680 733 709 782 et
724 723 992 801 exinsequeutibus
1007 723 1190 801 amplificatio
1207 724 1326 793 ducitur:

350 807 489 886 siquidem
505 817 580 868 tanta
596 810 639 865 vis
654 807 706 865 luit
720 808 776 865 vini
792 809 982 885 erumpentis,
1003 816 1033 866 nt
1054 825 1111 866 uon
1132 826 1232 868 casum
1247 811 1328 870 ader·

349 900 395 949 ret
409 900 456 950 aut
471 891 645 950 voluntatem
671 890 723 949 sed
747 893 968 965 necessitatem,
995 891 1043 950 uhi
1068 893 1181 950 minime
1203 893 1326 968 deceret,

349 974 497 1040 vomendi;
516 985 545 1034 et
560 974 640 1034 cibus
656 990 712 1032 uon
727 991 841 1048 recens,
856 984 885 1032 ut
897 974 1031 1034 accidere
1041 976 1151 1033 interim
1163 976 1254 1050 solet,
1269 977 1327 1036 red·

348 1058 479 1134 deretur,
500 1059 552 1119 sed
569 1076 660 1136 usque
678 1059 705 1114 in
720 1067 866 1135 posterum
882 1059 955 1118 diem
969 1058 1150 1118 redundaret.
1185 1059 1266 1119 ldem
1279 1061 1328 1120 lroc

308 1151 341 1203 18
350 1152 504 1219 praestant,
522 1159 601 1225 quae¹
611 1150 838 1200 antecesserunt.
881 1141 953 1201 Nam
973 1158 1035 1200 cum
1057 1141 1168 1201 Aeolus
1190 1161 1205 1202 3
1228 1143 1328 1202 lunone

348 1236 464 1301 rogatus

512 1341 554 1350 -
568 1328 675 1370 cavum
691 1327 838 1371 conversa
854 1311 981 1386 cuspide
994 1317 1121 1369 mntem

441 1391 562 1470 Impulit
576 1394 607 1453 im
621 1395 713 1468 lotus,
734 1412 774 1454 oe
788 1393 869 1454 venti
882 1395 962 1453 velut
982 1412 1101 1471 aparine
1112 1393 1196 1469 facto

449 1474 517 1548 Orto
535 1478 610 1536 dato
623 1487 731 1554 porto,
750 1485 860 1536 munt.-
882 1511 917 1520 -

310 1569 479 1638 litapparet,
498 1569 599 1636 quanta
617 1562 652 1618 sit
672 1560 765 1618 futura
781 1568 948 1637 tempestas.
986 1555 1080 1631 Quid?
1102 1577 1165 1618 cum
1186 1578 1236 1618 res
1260 1569 1329 1618 atro·

351 1645 495 1717 cissimas,
518 1661 645 1720 quasque
661 1645 688 1700 in
704 1662 838 1703 summam
853 1645 908 1720 ipsi
924 1642 1075 1702 extulimus
1089 1643 1222 1702 invidiam
1238 1644 1329 1703 eleva·

268 1766 271 1772 -
349 1745 410 1784 mus
427 1726 574 1800 consulto,
595 1743 651 1802 quo
667 1729 801 1802 graviora
821 1727 984 1800 videantur,
1006 1743 1079 1804 quae
1102 1736 1237 1786 secutura
1256 1737 1330 1786 sunt:

349 1818 379 1868 ut
394 1827 409 1869 a
426 1807 567 1868 Cicerone
584 1809 687 1868 iactum
705 1820 759 1884 est,
777 1829 840 1870 cum
855 1810 904 1869 illa
920 1811 1044 1884 diceret,
1068 1807 1160 1870 Levia
1175 1819 1246 1871 sumt
1259 1812 1331 1872 boec

348 1895 378 1952 iu
395 1894 451 1954 boc
464 1912 525 1953 reo.
552 1891 660 1953 lllemm
680 1897 837 1972 oirpcrmm
850 1893 1245 1962 maurobammobiliemffle
1260 1896 1331 1955 rioi-

349 1979 419 2037 tatir
434 1980 531 2055 pretio
548 1980 691 2038 redemit:
706 1979 868 2039 bumannum
878 1986 932 2039 est.
967 1975 1069 2048 Alius,
1089 1997 1128 2038 ne
1141 1980 1248 2038 securi
1260 1979 1330 2056 feri-

309 2070 444 2135 utretm,
458 2064 617 2139 pecuniam
632 2062 732 2122 dedit:
747 2063 890 2122 usitatum
910 2069 965 2122 est.
991 2060 1092 2120 Nonne
1104 2078 1171 2119 usus
1187 2070 1233 2120 est
1249 2064 1330 2121 ratio·

351 2147 507 2219 nmatione,
532 2164 586 2223 qna
610 2146 781 2221 colligerent
804 2145 969 2219 audientes,
997 2154 1129 2221 quantum
1152 2144 1222 2204 illud
1245 2153 1330 2219 esset,

350 2229 425 2306 quod
442 2229 631 2303 inferebatur,
654 2231 697 2288 cui
714 2238 876 2306 comparate
892 2228 964 2289 baec
978 2228 1142 2286 viderentur
1156 2227 1277 2288 humana
1293 2237 1331 2288 at·
1353 2237 1355 2242 '

354 2331 408 2390 que
427 2311 549 2372 usitata?
583 2314 631 2371 Sic
647 2330 761 2390 quoque
777 2312 853 2371 solet
869 2330 906 2371 ex
921 2313 978 2372 alio
994 2312 1069 2371 aliud
1084 2314 1198 2387 augeri:
1223 2321 1255 2371 ut
1270 2329 1329 2372 cum

350 2395 512 2455 Hannibalis
536 2395 649 2455 bellicis
673 2396 801 2455 laudibus
828 2396 978 2473 ampliatur
1005 2397 1094 2454 virtus
1117 2396 1281 2472 Scipionis,
1306 2404 1332 2454 et

350 2479 542 2538 fortitudinem
559 2479 702 2539 Gallorum
720 2479 979 2556 Germanorumque
991 2481 1133 2553 miramur,
1151 2495 1208 2554 quo
1225 2480 1262 2538 sit
1277 2497 1332 2538 ma·

309 2563 394 2622 tlior
414 2560 446 2621 (l.
469 2561 601 2622 Caesaris
621 2563 723 2639 gloria.
765 2563 838 2622 lllud
866 2579 981 2640 quoque
1005 2571 1049 2621 est
1077 2580 1114 2621 ex
1135 2563 1277 2622 relatione
1292 2561 1332 2620 ad

351 2645 465 2721 aliquid,
483 2646 558 2722 quod
574 2663 630 2703 non
645 2648 706 2704 eius
721 2649 763 2705 rei
774 2649 864 2723 gratia
877 2647 980 2706 dictum
994 2645 1116 2719 videtur,
1137 2646 1333 2723 amplificatio·

350 2731 392 2786 nis
408 2746 508 2804 genus.
552 2728 616 2788 Non
636 2739 734 2806 putant
756 2730 900 2807 indignum
920 2729 1034 2789 Troiani
1048 2731 1210 2807 principes,
1234 2729 1333 2789 Graios

351 2811 547 2890 Troianosque
562 2822 682 2890 propter
697 2813 825 2873 Helenae
840 2815 967 2890 speciem
984 2822 1025 2871 tot
1042 2813 1115 2873 mala
1131 2821 1208 2872 tanto
1224 2823 1333 2890 tempo·

350 2897 390 2955 ris
405 2898 498 2974 spatio
514 2898 670 2955 sustinere:
690 2914 828 2973 quaenam
844 2898 929 2974 igitur
943 2897 992 2956 illa
1006 2896 1097 2955 forma
1109 2896 1254 2956 credenda
1270 2893 1333 2955 est?

350 2979 414 3038 Non
430 2981 502 3039 enim
517 2980 574 3039 hoc
591 2981 658 3040 dicit
671 2980 765 3056 Paris,
782 2981 830 3058 qui
845 2982 953 3057 rapuit,
969 2997 1025 3038 non
1043 2980 1145 3057 aliquis
1161 2982 1273 3038 iuvenis
1288 2988 1334 3037 ant

350 3082 421 3124 unus
444 3083 460 3123 e
482 3066 570 3141 vulgo
597 3064 647 3123 sed
664 3082 749 3122 senes
765 3073 793 3123 et
809 3065 1017 3142 prudentissimi
1036 3073 1064 3122 et
1081 3063 1191 3122 Priamo
1207 3064 1333 3123 assiden-

309 3153 404 3207 ffltes.
434 3147 540 3207 Verum
556 3157 584 3206 et
599 3149 661 3226 ipse
677 3165 728 3205 rex
742 3148 862 3207 decenni
883 3147 961 3207 bello
982 3147 1136 3207 exhaustus
1160 3149 1273 3206 amissis
1293 3155 1334 3205 tot

352 3230 465 3305 liberis,
489 3233 649 3291 imminente
670 3248 777 3289 summo
800 3232 976 3304 discrimine,
1002 3233 1047 3291 cui
1062 3231 1164 3290 laniem
1181 3231 1276 3304 illam,
1299 3248 1334 3289 ex

352 3331 407 3391 qua
421 3324 462 3374 tot
480 3316 656 3375 lacrimarum
673 3317 755 3391 origo
773 3315 919 3390 fluxisset,
941 3317 1058 3374 invisam
1071 3323 1155 3390 atque
1172 3313 1333 3373 abominan-

353 3397 415 3458 dam
436 3416 501 3457 esse
517 3400 685 3476 oportebat,
707 3408 735 3457 et
750 3399 827 3457 audit
847 3398 920 3457 haec
945 3407 974 3458 et
995 3416 1057 3457 eam
1078 3397 1162 3456 liliam
1184 3399 1334 3475 appellans

354 3483 431 3542 iuxta
446 3500 478 3540 se
494 3482 569 3542 locat
585 3492 614 3542 et
630 3491 747 3541 excusat
763 3484 847 3541 etiam
863 3491 948 3559 atque
964 3480 1017 3540 sibi
1033 3499 1098 3540 esse
1113 3480 1253 3540 malorum
1270 3498 1333 3539 cau·

257 3564 414 3687 βδέω
433 3573 527 3641 negat.
559 3566 621 3625 Nec
635 3567 700 3625 milri
715 3565 827 3624 videtur
849 3567 875 3622 in
891 3566 1044 3643 Symposio
1061 3565 1159 3639 Plato,
1178 3583 1242 3624 cum
1257 3564 1334 3623 ntei-

354 3651 463 3712 biadem
480 3649 658 3708 confitentem
675 3649 710 3709 de
725 3666 767 3722 se,
785 3648 851 3725 quid
867 3666 882 3707 3
899 3650 1020 3707 Socrate
1035 3650 1093 3724 pati
1106 3647 1251 3723 voluerit,
1272 3665 1333 3706 nar·

356 3745 409 3812 ret,
425 3743 454 3794 ut
472 3733 547 3792 illum
561 3732 705 3811 culparet,
729 3733 801 3792 hoec
815 3732 980 3800 tradidisse;
1004 3730 1072 3808 sed,
1095 3741 1124 3790 ut
1146 3732 1275 3791 Socratis
1292 3732 1332 3790 in·
