3184 4409
334 479 375 542 ta
544 461 550 476 '
642 493 679 540 na.
700 493 778 540 ssa.
802 491 1022 551 Qnmnrnmrm

334 646 387 706 bns
409 649 485 708 curis
506 647 592 707 boras
614 643 789 726 partiamur?
812 663 876 706 oum
896 646 1067 724 praesertim
1089 647 1202 707 reliciat
1221 649 1334 709 animos

334 749 369 790 ac
389 741 506 808 reparet
520 733 646 791 varietas
661 732 739 809 ipsa,
770 739 929 807 contraque
950 731 987 789 sit
1015 730 1161 807 aliquanto
1182 731 1333 792 difficilius

334 806 372 874 in‘
384 815 485 876 labore
502 833 559 874 uno
578 833 779 894 perseverare.
823 813 894 873 ldeo
913 823 943 872 et
966 813 1049 872 stilus
1068 813 1195 874 lectione
1214 819 1331 894 requie·

306 900 405 974 tecit,
428 908 457 958 et
479 900 568 977 ipsius
591 899 725 959 lectionis
747 897 872 957 taedium
900 896 1014 956 vicibus
1036 897 1158 959 levatur.
1203 899 1332 972 Quamli-

334 983 384 1042 bet
405 982 492 1043 multa
519 981 686 1059 egerimus‚'
704 982 827 1060 quodam
850 989 944 1040 tamen
965 982 1051 1041 modo
1076 991 1211 1042 recentes
1233 1002 1333 1043 sumus

335 1066 417 1126 adid
437 1067 513 1144 quod
534 1068 692 1145 incipimus.
738 1065 809 1139 Quis
828 1082 885 1124 non
900 1064 1017 1124 obtundi
1032 1075 1148 1143 potest,
1173 1068 1198 1124 si
1218 1085 1273 1145 per
1287 1077 1332 1127 to-

333 1159 392 1208 tum
413 1150 487 1209 diem
511 1153 706 1229 cuiuscunque
729 1151 798 1208 artis
819 1167 903 1208 unum
923 1149 1089 1224 magistrum
1113 1147 1208 1210 leratl
1239 1149 1332 1210 llata-

335 1235 412 1293 tione
434 1234 613 1294 recreabitur
634 1236 709 1293 sicut
724 1235 751 1292 in
767 1232 856 1308 cibis,
880 1250 1001 1309 quornm
1020 1232 1187 1294 diversitate
1203 1234 1334 1294 relicitur

306 1319 497 1377 ostomachus
526 1327 555 1377 et
584 1318 713 1396 pluribus
742 1318 853 1376 minore
878 1317 996 1377 lastidio
1016 1318 1109 1376 alitur.
1154 1318 1212 1377 Aut
1234 1319 1333 1379 dicant

333 1403 380 1460 isti
398 1400 482 1476 mini,
506 1419 580 1478 quae
598 1404 635 1460 sit
657 1401 712 1461 alia
730 1403 803 1460 ratio
821 1401 960 1461 discendi.
1003 1401 1193 1461 Grammatico
1208 1402 1265 1462 soli
1280 1403 1332 1463 de·

333 1487 508 1560 serviamus,
541 1484 644 1544 deinde
669 1493 838 1560 geometrae
865 1493 987 1544 tantum:
1026 1487 1188 1545 omittamus
1211 1488 1332 1546 ‘interim

241 1639 249 1653 v
334 1569 410 1647 quod
418 1569 581 1637 didicimns;
594 1586 661 1628 mox
672 1577 850 1635 transeamus
858 1569 894 1628 ad
902 1571 1056 1629 musicum:
1070 1570 1205 1629 excidant
1215 1572 1331 1648 priora;

335 1661 370 1725 et
386 1671 449 1710 cum
460 1652 564 1712 Latinis
578 1652 753 1712 studebimus
769 1652 891 1727 litteris,
908 1670 966 1712 non
984 1650 1174 1731 respiciamus
1191 1654 1226 1713 ad
1240 1653 1332 1714 Grae·

336 1753 399 1803 cas;
423 1744 467 1810 et,
490 1745 521 1795 ut
546 1736 638 1795 semel
660 1736 764 1811 tiniam,
799 1736 869 1796 nihil
890 1737 1029 1796 faciamus
1049 1737 1104 1796 nisi
1125 1735 1332 1798 novissimum?
1355 1759 1357 1763 ·

305 1816 392 1881 ‘lCur
411 1837 468 1878 non
489 1820 563 1879 idem
586 1820 738 1881 suademus
754 1820 907 1897 agricolis:
930 1839 966 1880 ne
985 1838 1053 1881 arva
1067 1821 1205 1900 simulet
1229 1822 1331 1882 vineta

334 1911 362 1960 et
378 1903 459 1962 oleas
482 1912 510 1962 et
526 1904 671 1963 arbustum
690 1905 786 1966 colant
795 1902 808 1972 ;'
826 1923 864 1963 ne
884 1906 975 1983 pratis
994 1913 1024 1964 ct
1043 1905 1200 1983 pecoribus
1216 1914 1246 1966 et
1262 1905 1331 1965 hor·

333 1987 369 2044 tis
388 1996 416 2045 et
438 1987 599 2046 alvearibus
622 1987 778 2067 avibusque
795 1989 1015 2048 accommodent
1037 1985 1152 2048 curam?
1192 1986 1251 2048 Gur
1273 1991 1331 2068 ipsi

334 2069 438 2148 aliquid
455 2072 618 2131 forensibus
636 2074 778 2149 negotiis,
802 2072 910 2150 aliquid
926 2073 1078 2132 desideriis
1094 2073 1261 2147 amicorum,
1279 2073 1331 2133 ali·

334 2155 400 2231 quid
422 2157 580 2217 rationibus
596 2157 778 2232 domesticis,
806 2157 912 2234 aliquid
934 2175 1021 2230 curae
1042 2157 1185 2236 corporis,
1200 2157 1331 2216 nonnihil

332 2239 526 2318 voluptatibus
542 2242 648 2301 cotidie
669 2237 791 2301 damus?
820 2258 938 2318 quarum
961 2258 1015 2299 nos
1034 2259 1089 2300 una
1111 2258 1159 2300 res
1182 2240 1332 2317 quaelibet

332 2323 402 2382 nibil
426 2326 644 2384 intermittentes
666 2325 813 2401 fatigaret.
857 2324 941 2384 Adeo
966 2325 1080 2386 lacilius
1106 2333 1151 2384 est
1173 2324 1266 2384 multa·
1287 2325 1329 2385 la-

335 2426 403 2466 cere
422 2426 507 2484 quam
526 2409 582 2467 diu.

306 2499 332 2552 8·
417 2490 491 2550 Illud
517 2491 631 2568 quidem
654 2491 766 2550 minime
788 2491 944 2551 verendum
965 2500 1026 2567 est,
1057 2511 1093 2551 ne
1116 2491 1245 2552 lahorem
1270 2500 1330 2551 stu·

332 2576 441 2635 diorum
461 2577 544 2653 pueri
565 2574 708 2633 difficilius
724 2575 860 2648 tolerent,
884 2577 1072 2653 nequeenim
1094 2576 1153 2635 ulla
1176 2585 1260 2635 aetas
1277 2576 1328 2635 mi·

332 2677 384 2717 nus
405 2658 549 2734 fatigatur.
594 2657 694 2716 Mirum
708 2660 745 2717 sit
767 2658 898 2733 lorsitam
921 2659 974 2718 sed
988 2661 1198 2738 'experimentis
1220 2659 1327 2738 depre

304 2741 450 2804 bbendas.
493 2741 566 2801 Nam
588 2751 617 2800 et
640 2741 780 2802 dociliora
800 2751 865 2801 sunt
890 2744 1021 2820 ingenia,
1045 2746 1212 2823 priusquam
1237 2743 1327 2803 obdu·

332 2835 458 2884 ruerunt.
502 2825 533 2884 ld
549 2827 597 2885 vel
616 2825 673 2886 hoo
691 2836 858 2903 argumento
873 2837 969 2905 patet,
987 2830 1064 2906 quod
1083 2829 1155 2888 intra
1170 2827 1327 2902 biennium,

333 2927 417 2988 qnam
442 2909 532 2969 verba
563 2919 644 2970 recte
671 2909 795 2972 lormare
824 2919 995 2989 potuerunt,
1027 2913 1157 2992 quamvis
1182 2911 1327 2972 nullom·

332 3003 446 3069 stante,
469 2994 643 3059 omniafere
668 2993 837 3072 loquantum
862 3004 891 3054 at
915 2997 1037 3056 noviciis
1057 2998 1163 3057 nostris
1183 3013 1237 3074 por
1257 3006 1329 3073 quot

333 3094 421 3136 annos
438 3095 533 3137 sermo
553 3078 667 3137 Latinus
690 3079 848 3157 repugnat!
891 3079 984 3157 Magis
1006 3082 1104 3156 scias,
1123 3081 1252 3157 siquem
1271 3082 1328 3139 iam

330 3161 477 3220 robustum
498 3162 646 3221 instituere
668 3161 771 3222 litteris
794 3165 949 3241 coeperim
978 3182 1035 3224 non
1061 3167 1123 3224 sine
1156 3181 1245 3223 causa
1270 3164 1328 3224 dici

331 3245 523 3322 παιδομαθεῖς
545 3263 613 3321 eos,
641 3247 689 3324 qui
716 3249 744 3306 in
767 3265 819 3306 sua
848 3248 974 3326 quidque
996 3258 1057 3309 arte
1078 3249 1186 3327 optime
1207 3247 1326 3308 faciant.

290 3327 367 3392 10Et
388 3331 542 3406 patientior
556 3339 601 3389 est
621 3330 729 3391 laboris
749 3341 849 3391 natura
867 3333 964 3409 pueris
982 3351 1065 3410 qnam
1083 3332 1244 3394 iuvenibus.
1276 3329 1328 3389 Vi·

331 3412 448 3488 delicet,
471 3423 501 3472 ut
523 3432 648 3493 corpora
670 3416 815 3475 infantium
835 3434 889 3474 nec
906 3434 1010 3490 casus,
1038 3434 1095 3495 quo
1113 3417 1141 3475 in
1155 3425 1261 3476 terram
1280 3424 1326 3474 to-

330 3497 403 3554 tiens
426 3497 608 3574 deferuntur,
631 3508 688 3559 tam
707 3501 835 3576 graviter
855 3500 975 3559 alllictet
998 3519 1054 3560 nec
1072 3501 1127 3560 'illa
1151 3517 1206 3578 per
1224 3517 1326 3560 manus

330 3589 360 3639 et
387 3599 482 3656 genua
508 3584 633 3660 reptatio
656 3602 711 3642 nec
738 3593 806 3662 post
831 3581 921 3642 breve
950 3593 1062 3661 tempus
1091 3584 1216 3643 continui
1244 3585 1326 3644 lusus

330 3673 358 3723 et
383 3666 471 3724 totius
491 3666 548 3726 'diei
572 3668 733 3742 discursus,
758 3669 823 3744 quia
845 3667 957 3744 pondus
984 3668 1042 3728 illis
1072 3667 1155 3728 abest
1175 3686 1231 3727 nec
1256 3685 1327 3727 sese

327 3749 383 3822 ipsi
402 3759 540 3826 granant:
564 3751 608 3809 sic
622 3751 705 3809 animi
726 3751 860 3829 quoque,
883 3751 988 3828 credo,
1008 3753 1073 3829 quia
1088 3752 1200 3811 minore
1218 3760 1330 3813 conata
