3184 4409
544 480 633 530 rnen.
650 429 799 531 onerosa.
816 481 884 527 nm.
899 480 965 546 vu,
981 477 1007 530 6.
1021 475 1047 530 t.
1256 468 1295 528 35

293 637 399 717 ferreo
413 635 566 696 inventum
577 636 776 714 mopistratus
789 635 936 714 alliqcoit.
970 633 1023 693 Hic
1038 636 1102 711 quia
1118 643 1163 693 est
1174 634 1296 708 ¹verbum

295 720 326 780 in
350 719 417 796 lege
440 719 665 798 deprebensae,
691 721 760 779 satis
779 720 863 778 etiam
880 719 1069 795 significatum
1090 719 1218 794 videtur,
1240 737 1296 778 non

297 804 440 864 contineri
455 803 522 879 lege
538 804 592 861 nisi
608 806 723 863 noxium
738 803 854 866 ierrum.

382 887 440 947 Sed
461 896 506 963 ut,
523 888 572 964 qui
592 886 739 946 voluntate
754 889 874 960 nitetur,
893 887 1047 963 scriptum,
1066 888 1198 963 quotiens
1215 898 1325 966 pote-9

296 972 351 1046 rit,
373 971 515 1030 inlirmare
534 969 667 1032 debebit:
695 973 750 1045 ita,
771 972 819 1048 qui
840 972 976 1047 scriptum
997 969 1137 1044 tuebitur,
1160 973 1296 1032 adiuvare

297 1073 331 1114 se
349 1055 435 1114 etiam
451 1053 598 1114 voluntate
615 1054 775 1132 temptabit.
803 1054 834 1113 ln
849 1055 1026 1112 testamentis
1044 1064 1072 1112 et
1086 1055 1137 1113 illa
1152 1056 1295 1132 accidunt,

295 1148 327 1198 ut
342 1139 475 1198 voluntas
498 1139 649 1198 manifesta
674 1140 727 1213 sit,
747 1140 885 1215 scriptum
909 1137 978 1199 nihil
1004 1139 1055 1196 sit:
1083 1148 1113 1197 nt
1137 1137 1166 1197 in
1189 1139 1295 1199 iudicio

297 1221 423 1283 Curiano
433 1256 450 1297 ,r
466 1224 494 1281 in
513 1224 578 1299 quo‘
594 1232 661 1282 nota
680 1221 711 1281 L.
731 1219 829 1281 Crassi
845 1231 873 1280 et
889 1221 1051 1281 Scaevolae
1069 1222 1121 1281 luit
1138 1225 1294 1283 contentio.

296 1305 473 1366 substitutus
493 1305 580 1364 heres
603 1316 683 1383 erat,
708 1307 732 1364 si
751 1314 900 1384 postumus
922 1314 988 1364 ante
1006 1305 1115 1365 tutelae
1136 1323 1227 1365 annos
1245 1308 1338 1369 dra-10

297 1391 447 1449 cessisset.
490 1388 555 1448 Non
575 1399 619 1448 est
634 1399 726 1449 natus.
771 1389 926 1467 Propinqui
942 1388 1017 1448 bona
1031 1389 1086 1448 sibi
1103 1390 1295 1451 vindicabant.

296 1472 368 1546 Quis
385 1472 543 1549 dubitaret,
564 1476 631 1551 quin
651 1492 686 1534 ea
708 1472 842 1532 voluntas
861 1473 964 1532 fuisset
985 1475 1132 1550 testantis,
1152 1484 1182 1533 ut
1198 1477 1222 1533 is
1239 1494 1296 1534 non

297 1567 363 1616 nato
386 1557 445 1616 lilio
466 1557 553 1616 heres
577 1567 673 1633 esset,
692 1559 740 1636 qui
759 1553 894 1616 mortuo?
915 1559 966 1616 sed
982 1576 1038 1616 nou
1053 1560 1221 1636 scripserat.
1264 1559 1296 1620 ld
1305 1569 1335 1622 lt

253 1661 255 1667 ’
297 1657 430 1720 quoque,
454 1640 532 1718 quod
554 1641 620 1701 huic
642 1643 815 1701 contrarium
834 1650 895 1715 est,
917 1642 1021 1701 accidit
1038 1660 1145 1720 nuper,
1165 1653 1197 1702 ut
1217 1653 1297 1703 esset

295 1727 450 1802 scriptum,
475 1724 551 1802 quod
574 1734 729 1803 appareret
750 1727 922 1802 scriptorem
940 1726 1085 1785 noluisse:
1113 1725 1168 1800 Qui
1187 1737 1295 1787 sester-

295 1809 364 1867 tium
378 1826 519 1866 nummum
536 1810 660 1887 quinque
672 1809 751 1882 milia
767 1808 933 1885 legaverat,
954 1828 1017 1868 cum
1033 1810 1214 1887 emendaret,
1229 1812 1295 1871 sub·
1355 1812 1357 1819 '

296 1892 361 1952 latis
374 1893 515 1951 sestertiis
531 1895 666 1966 nummis,
684 1895 806 1970 arpenti
816 1895 919 1970 pondo
934 1895 1046 1970 posuit,
1064 1897 1197 1972 quinque
1211 1898 1296 1957 milio

295 1985 468 2035 manserunt.
514 1977 655 2055 Apparuit
671 1986 780 2051 tamen,
805 1978 936 2053 quinque
949 1980 1051 2054 pondo
1072 1979 1132 2037 dari
1152 1980 1294 2055 voluisse,

296 2061 362 2138 quia
382 2060 432 2119 ille
450 2063 479 2119 in
494 2070 614 2137 argento
633 2061 731 2137 legato
753 2061 855 2119 modus
871 2069 901 2119 et
918 2061 1059 2120 inauditus
1075 2071 1137 2121 erat
1158 2071 1187 2120 et
1201 2065 1294 2131 iucre-

295 2143 401 2203 dibilis.
448 2144 507 2205 Sub
525 2145 583 2204 hoc
604 2152 678 2204 statu
693 2143 850 2220 generales
866 2153 930 2203 sunt
952 2147 1155 2222 quaestiones,
1179 2129 1336 2224 Stlriptolt

295 2245 331 2287 an
352 2227 501 2288 voluntate
528 2228 658 2288 standum
681 2230 734 2304 sit,
761 2227 843 2301 Quae
869 2227 956 2287 fuerit
972 2228 1125 2288 scribentis
1144 2228 1294 2297 voluntas;

294 2319 432 2371 tractatus
457 2328 555 2371 omnes
582 2312 725 2393 qualitatis
747 2321 796 2373 aut
819 2313 1021 2389 coniecturae,
1049 2312 1204 2392 dequibus
1224 2315 1294 2373 satis

294 2394 401 2454 dictum
418 2395 549 2455 arbitror.

619 2529 723 2583 LEGES
746 2530 964 2582 conueniunt,

377 2641 440 2703 Vll.
471 2643 632 2705 Proximum
654 2654 699 2706 est
721 2645 757 2705 de
780 2645 930 2723 legibus
952 2645 1156 2705 contrariis
1175 2646 1292 2720 dicere,

293 2727 360 2806 qnia
384 2728 458 2788 inter
480 2744 579 2788 omncs
600 2729 710 2789 Artium
731 2731 890 2808 scriptores
913 2730 1054 2803 constitit,
1081 2731 1109 2787 in
1130 2729 1293 2790 Antinomia

293 2811 368 2870 duos
384 2829 451 2872 csse
467 2815 567 2891 scripti
583 2821 613 2872 et
628 2814 783 2873 voluntatis
800 2822 905 2879 statns;
924 2832 1019 2893 neque
1036 2815 1192 2881 immerito;
1216 2815 1291 2899 qula,

294 2913 358 2955 oum
382 2895 432 2954 lex
453 2896 513 2974 legi
535 2897 647 2973 obstet,
672 2901 804 2977 utrinque
832 2907 931 2956 contra
956 2899 1094 2975 seriptum
1116 2899 1236 2972 dicitur,
1263 2906 1293 2956 et

293 2980 425 3056 quaestio
439 2990 484 3040 est
495 2980 531 3040 de
546 2981 706 3050 voluntate;
729 2983 757 3041 in
775 2991 895 3058 utraque
911 2981 939 3040 id
956 2981 1124 3058 ambigitur,
1143 3001 1179 3040 an
1194 2982 1293 3058 ntique

291 3063 341 3122 illa
362 3062 430 3139 lege
446 3065 483 3123 sit
500 3066 645 3125 utendum.
691 3064 826 3124 Omnibus
843 3074 937 3124 autem
951 3066 1131 3125 manifestum
1148 3074 1207 3138 est,
1224 3072 1320 3124 nun-2

292 3164 376 3223 quam
404 3166 470 3206 esse
494 3147 590 3226 legem
617 3149 677 3225 legi
702 3150 873 3208 contrariam
895 3151 958 3208 iure
979 3150 1058 3226 ipso:
1089 3151 1172 3227 quia,
1200 3149 1224 3206 si
1250 3149 1291 3207 di·

290 3249 407 3289 versum
425 3232 469 3289 ius
486 3243 581 3309 esset,
603 3233 725 3293 alterum
743 3233 836 3292 altero
857 3232 1062 3309 abrogaretur;
1085 3233 1137 3294 sed
1156 3251 1207 3292 eas
1223 3249 1291 3292 oasu

291 3313 390 3374 collidi
406 3324 435 3375 et
451 3312 568 3375 euentu.

376 3395 556 3459 colliduntur
573 3408 667 3464 autem
683 3410 731 3461 aut
749 3419 836 3480 pares
850 3402 926 3460 inter
940 3419 989 3475 se,
1012 3409 1044 3459 ut
1059 3401 1083 3459 si
1099 3402 1180 3479 optio
1195 3410 1290 3477 tyran·

288 3482 401 3542 nicidae
413 3476 450 3541 ‘et
464 3484 517 3543 viri
534 3484 618 3544 fortis
637 3495 855 3563 comparentur,
877 3481 991 3563 utrique
1011 3485 1093 3560 data,
1116 3486 1193 3564 quod
1208 3485 1289 3561 velit,

288 3567 407 3643 petendi
424 3576 584 3645 potestate;
601 3568 649 3628 bic
662 3571 844 3644 meritorum,
862 3569 1018 3646 temporis,
1035 3571 1153 3646 praemii
1170 3569 1288 3630 collatio

289 3658 349 3717 est;
371 3659 418 3709 aut
433 3669 532 3710 secum
551 3653 647 3731 ipsae,
670 3662 701 3712 ut
715 3652 834 3712 duorum
853 3652 984 3728 fortium,
1001 3653 1121 3713 duorum
1136 3653 1317 3728 tyrannici-3

288 3730 405 3810 darum,
434 3734 551 3795 duarum
571 3745 734 3815 raptarum,
762 3738 791 3796 in
819 3735 921 3814 quibus
947 3754 1004 3796 non
1027 3745 1137 3855 potest*
1147 3756 1213 3795 esse
1236 3735 1292 3796 alia
