3184 4409
331 499 369 546 IV
626 540 628 547 .
742 497 949 547 PRAEFATIO.

329 664 426 730 quarto
438 659 623 730 negligentius
637 659 755 729 scriptus
768 657 821 714 sed
832 656 979 729 diligenter
994 665 1021 714 et
1031 660 1215 732 intelligenter
1227 680 1312 716 corre«

328 763 380 813 est.
405 757 432 812 Α
444 757 537 828 quinto
550 759 620 812 libro
633 764 749 829 augetur
762 760 823 829 ejus
838 759 1001 826 auotoritas,
1022 776 1076 830 quo
1088 762 1178 832 magis
1190 762 1309 816 Ambros

329 857 481 926 decrescit,
494 859 539 928 qui
551 857 700 929 praecipue
712 859 820 913 lacunis
832 859 958 913 laborare
971 858 1072 928 coepit.
1114 859 1195 913 Libro
1212 861 1311 929 septim

328 962 428 1011 octavo
453 955 596 1010 confirmat
615 956 673 1010 lere
696 972 807 1026 semper
824 956 1001 1011 Ambrosiani
1024 956 1189 1026 scripturam
1210 964 1309 1010 conten

329 1069 415 1123 saepe
427 1054 530 1124 optime
549 1051 758 1119 emendantem,
782 1060 864 1122 atque
884 1052 957 1107 unde
977 1069 1050 1108 nono
1068 1056 1136 1109 libro
1150 1059 1226 1126 (cap.
1237 1061 1263 1111 t.
1276 1063 1312 1121 §l

326 1152 458 1222 princeps
469 1151 516 1207 ille
527 1149 655 1205 codicum
667 1150 852 1206 Fabianorum
872 1151 983 1205 omnino
997 1152 1117 1208 deficere
1135 1156 1238 1224 coepit,
1260 1170 1311 1223 pra

322 1267 381 1323 ,pue
406 1251 481 1316 valet
509 1251 658 1306 auctoritas
682 1266 781 1305 manus
803 1250 976 1306 emendantis
998 1252 1234 1322 Bambergensem
1255 1253 1312 1306 libr.

328 1352 374 1422 qui
385 1351 630 1416 luculentissimam
642 1365 724 1421 opem
743 1349 794 1403 iert
813 1349 840 1402 in
857 1356 935 1419 parte
952 1349 1013 1405 libri
1027 1348 1184 1404 duodecimi
1202 1350 1312 1420 posteri

328 1449 440 1506 Codicis
450 1466 536 1506 mser.
547 1449 634 1504 instar
645 1446 721 1503 haud
732 1446 831 1518 paucis
843 1441 983 1502 locis'erat
995 1448 1062 1503 mihi
1075 1448 1177 1504 C.Julii
1189 1447 1310 1502 Victoris

327 1548 466 1604 rhetorica
483 1549 517 1603 ab
529 1544 610 1619 Casp.
624 1546 726 1603 Orellio
744 1546 772 1599 in
789 1546 931 1600 volumine
946 1545 977 1599 V.
989 1563 1104 1618 operum
1115 1548 1151 1604 M.
1164 1546 1244 1600 Tullii
1259 1544 1312 1602 Cio«

327 1648 370 1702 nis
383 1646 471 1714 edita,
490 1647 519 1700 in
531 1661 586 1718 qua
596 1645 674 1701 haud
687 1645 770 1718 pauci
787 1645 841 1700 loci
854 1645 1013 1714 Quintiliani
1028 1653 1074 1701 aut
1088 1645 1189 1717 integri
1206 1651 1252 1698 aut
1270 1646 1312 1698 ter

327 1745 422 1800 mutati
434 1746 571 1816 leguntur.

410 1843 462 1899 Ubi
476 1843 542 1899 mihi
553 1843 598 1898 his
616 1845 726 1900 auxiliis
738 1845 833 1916 adjuto
849 1845 877 1899 in
889 1859 951 1898 mea
963 1842 1160 1899 emendatione
1178 1844 1310 1914 aZumpti

328 1941 530 2018 discedendum
546 1942 706 2010 videbatur,
724 1960 850 2016 quaeque
864 1944 1023 2012 conjectura
1035 1942 1210 1997 emendanda
1224 1959 1288 2020 esse
1303 1962 1312 1997 c

256 2060 258 2067 ·
328 2041 386 2109 sui,
404 2017 585 2098 haecomnia
604 2043 633 2097 in
652 2043 753 2099 criticis
767 2041 1065 2100 ¹animadversionibus
1088 2042 1159 2097 inira
1177 2040 1312 2112 adjectis‘

331 2140 400 2196 viter
412 2141 554 2198 annotari.

412 2238 536 2296 Berolini
550 2256 647 2296 mense
658 2240 809 2297 Februario
823 2237 1010 2296 MDCCCLIV.

1047 2337 1092 2391 E.
1112 2336 1282 2423 Bonnoll.

705 2534 709 2541 Δ
751 2578 896 2634 ureae
932 2581 953 2638 1.

416 2675 650 2732 Prooemium.
701 2681 727 2736 3.
751 2679 887 2747 pleniore.
915 2676 998 2733 Codd.
1021 2680 1099 2735 velt,-
1126 2673 1157 2729 Z.
1178 2674 1306 2743 pleniori.

327 2763 353 2817 6.
366 2774 530 2830 quanrquam
551 2762 614 2816 sint.
638 2761 721 2817 Codd.
733 2767 797 2833 optt.
806 2783 816 2822 ,·
832 2761 863 2816 Z.
880 2777 905 2832 q.
918 2768 991 2817 sunt.
1007 2789 1050 2803 -
1069 2764 1113 2817 24.
1133 2774 1244 2824 sucum,
1256 2759 1312 2813 Bul

328 2841 360 2897 Z.
371 2859 494 2898 succum.

413 2925 491 2998 Gap.
503 2928 524 2984 I.
568 2933 595 2988 3.
614 2929 665 2984 sed
679 2931 742 3000 plus
759 2929 869 2984 efficiet.
891 2927 1024 2986 Bonane.
1036 2933 1100 3000 opit.
1111 2927 1208 2989 Codd.;
1230 2925 1260 2980 Z.
1273 2944 1312 2979 sei

327 3010 391 3082 plus
406 3011 518 3068 emetat.
535 3043 572 3052 —
595 3017 620 3071 6.
633 3018 660 3066 et
672 3015 767 3068 Laelia
787 3012 816 3068 C.
832 3013 899 3067 lilia.
924 3014 958 3067 de
974 3013 1050 3082 conj.
1066 3010 1190 3082 Mcycri;
1214 3010 1280 3063 Tur.
1296 3011 1312 3062 F

328 3095 403 3149 lolia
415 3095 490 3164 filia;
508 3096 539 3151 Z.
551 3113 602 3151 om.
617 3096 645 3152 C.
658 3097 723 3151 lilia.
735 3127 772 3136 -
786 3096 949 3151 Hortensiae
962 3097 994 3164 Q.
1007 3095 1082 3150 filiae
1095 3095 1194 3150 oratio.
1215 3093 1262 3151 Sic
1273 3093 1312 3147 Me

328 3180 405 3232 codd.
419 3186 483 3250 optt.
502 3182 669 3252 comptarum
686 3188 809 3247 seruitum
832 3181 862 3235 Z.
880 3190 906 3235 et
924 3180 956 3249 Q.
976 3180 1113 3234 Hortensii
1129 3179 1211 3233 filiae.
1227 3206 1264 3216 -—
1289 3182 1312 3234 8.

327 3265 418 3332 pejus.
443 3265 540 3318 Bamd.
559 3280 583 3319 c.
596 3265 678 3320 Codri.
690 3271 766 3326 vett:
787 3264 820 3319 Ζ.
836 3267 917 3335 peius
938 3271 988 3320 est.
1002 3293 1039 3304 -
1072 3264 1208 3333 partibus.
1229 3262 1312 3316 Buml

328 3353 393 3415 opit.
410 3348 507 3411 Codcl.;
530 3347 561 3403 Z.
577 3350 684 3418 peritis.
700 3378 741 3390 —
764 3353 808 3406 13.
827 3350 884 3402 Hoc
899 3349 983 3402 enim.
1011 3347 1058 3402 Sic
1074 3347 1174 3408 Godd.,·
1194 3346 1226 3400 Z.
1245 3347 1312 3400 dec

296 3431 306 3450 ⁹
328 3429 409 3501 Repe
429 3432 498 3486 Hinc
510 3448 556 3486 en.
568 3461 608 3471 -
631 3441 673 3491 15.
686 3433 903 3503 Aristophanen.
925 3432 1025 3487 Bamb.
1043 3448 1068 3485 a.
1086 3432 1196 3491 Turio.;
1217 3429 1249 3484 Z.
1263 3431 1312 3485 Ari

328 3513 450 3584 phanem
471 3546 512 3554 —
532 3522 576 3574 20.
590 3518 767 3571 nouleoissc.
790 3516 924 3572 Siectium
935 3516 1033 3571 Bamb.
1055 3546 1091 3555 -
1114 3521 1192 3586 putet
1205 3521 1242 3568 et.
1273 3515 1312 3567 Bc

329 3613 354 3652 c.
368 3600 449 3655 Codd.
461 3605 539 3660 oett.,·
563 3599 593 3653 Z.
607 3617 659 3654 om.
671 3608 706 3656 et.
719 3631 760 3640 —
778 3608 822 3659 21.
835 3618 886 3655 sua
899 3601 980 3654 etiam
998 3599 1106 3654 studiis.
1133 3598 1249 3659 Bumb.‚·
1269 3597 1302 3652 Z.

305 3679 309 3690 '
329 3685 422 3738 etiam.
433 3713 474 3722 -
490 3701 553 3738 mox
567 3685 627 3739 iort.
640 3685 737 3739 Bumb.
749 3701 772 3738 c.
786 3690 849 3754 optt.
860 3685 958 3745 Codd.;
970 3684 1000 3737 Z.
1012 3686 1094 3737 inser.
1108 3683 1198 3737 etiam.
1212 3711 1248 3720 —
1261 3688 1305 3740 25.

329 3769 402 3823 bent.
425 3768 522 3824 Bumb.
535 3783 559 3823 e.
577 3768 668 3823 Turio.
681 3776 757 3832 cett.;
778 3768 809 3823 Z.
820 3771 989 3840 perturbent.
1002 3797 1044 3808 -—
1062 3773 1105 3827 28.
1119 3768 1219 3838 ipsam.
1241 3767 1310 3822 Amb
