3184 4409
289 574 449 637 efficiendis
463 575 567 635 melior
580 574 684 635 artilex
699 571 843 649 creditur,
864 572 894 633 ln
914 568 1009 633 ebore
1027 572 1218 653 verodom
1230 576 1279 637 th
1336 591 1359 633 e:

289 660 446 735 aemulum,
468 660 518 720 vel
539 661 564 718 si
582 657 652 717 nihil
673 657 727 716 nisi
742 655 900 717 Minervam
914 654 1042 717 Athenis
1067 664 1125 719 snt
1143 656 1280 739 otmu-
1337 675 1359 714 n

288 746 317 804 iu
332 742 417 803 Elide
431 742 685 816 lovemieeisset,
708 738 995 820 ouiuspulchritudo
1014 740 1177 803 udlect'sse
1198 724 1285 823 ulid
1338 741 1359 800 d

286 830 371 888 etiam
387 836 526 905 receptae
541 824 676 903 religioni
691 825 820 894 videtum
841 822 916 885 adeo
931 824 1075 887 unimus
1099 828 1206 907 oper'm
1219 826 1283 889 d·
1340 841 1359 882 n

286 911 429 989 aequavit.
468 910 514 971 Ad
535 912 686 970 ueritatem
703 907 859 987 hystpuur
881 924 917 968 ac
931 906 1112 971 Praxitelen
1136 911 1285 973 accub
1342 926 1359 966 n

287 997 393 1074 optime
415 994 568 1054 aliirmant.
600 991 672 1053 Nam
688 990 855 1052 Demetrius
871 1000 1007 1070 tanquam
1022 992 1137 1055 ninrins
1158 996 1190 1057 is
1203 1010 1284 1057 esre
1346 991 1359 1052 d

287 1078 475 1158 prehenditur
491 1087 520 1139 et
534 1078 588 1137 luit
603 1076 793 1137 similitudinis
806 1092 891 1155 mem
900 1072 1142 1154 pulchritudinis.
1152 1078 1285 1141 nunde

244 1174 278 1226 10
370 1161 403 1223 ln
428 1164 602 1222 oratione
628 1176 700 1220 vero
729 1160 755 1219 si
782 1158 900 1238 species
923 1160 1031 1221 intueri
1052 1160 1158 1241 velis,
1184 1162 1288 1225 mutus
1351 1191 1359 1218 r

287 1261 380 1326 paene
393 1249 524 1325 reperies
539 1247 719 1323 ingeniorum
733 1253 805 1323 quot
821 1259 976 1323 corporum
990 1243 1120 1307 romu.
1145 1246 1289 1309 neuneu
1352 1245 1359 1302 l

287 1330 429 1409 quaedam
452 1329 699 1406 generedicendi
729 1328 902 1389 condicione
930 1336 1101 1407 temporum
1122 1328 1290 1404 horrldlsm
1353 1345 1359 1385 t

287 1414 396 1492 alioqui
418 1431 551 1491 magnam
577 1415 632 1472 iarn
647 1413 754 1490 ingenii
769 1413 827 1471 vim
841 1429 913 1491 prae
929 1428 963 1473 se
977 1410 1138 1475 terentia,
1157 1414 1234 1485 llius
1247 1413 1292 1475 ἡ

286 1496 395 1573 baelil,
420 1496 568 1572 Africani,
591 1495 717 1557 Catones
742 1497 829 1557 etiam
849 1494 1049 1575 Gracchique,
1074 1514 1159 1577 quos
1181 1498 1293 1561 tulisti

287 1580 468 1658 Polygnotos
482 1581 532 1641 rel
550 1579 688 1641 Callonas
704 1580 850 1660 appelles.
880 1577 1002 1659 lledisnr
1016 1579 1102 1641 illam
1115 1581 1293 1645 formis·

246 1673 373 1727 llneaut
392 1664 424 1724 L.
447 1663 586 1741 Crassus,
614 1663 649 1738 Q.
673 1665 854 1725 Hortensius.
898 1662 976 1725 Tum·
991 1662 1109 1725 deinde·
1129 1666 1294 1729 eddom

286 1766 344 1808 nou
371 1748 488 1808 multum
513 1751 589 1809 iuter
611 1768 644 1809 se
670 1749 832 1810 distantium
855 1757 989 1828 tempore
1015 1756 1176 1813 omicron
1197 1752 1294 1831 lugu

287 1841 455 1911 proventus.
491 1833 544 1893 Hic
563 1835 620 1893 viru
636 1831 792 1910 Caesaris,
817 1831 946 1894 indolem
962 1828 1074 1909 coedi,
1104 1834 1294 1899 subtrlitstu

290 1914 411 1992 Calidii,
428 1917 604 1994 diligentiam
618 1916 774 1993 Pollionis,
791 1917 959 1995 dignitatem
972 1913 1146 1997 theodae,
1165 1920 1294 1981 neeffl-

288 2008 347 2059 tem
363 1998 463 2077 Calvi,
490 2003 661 2079 gravitatem
676 2001 772 2077 Bruti,
800 2018 920 2062 acumen
934 1999 1074 2080 Sulpicii,
1104 2002 1295 2066 acerbitutu

289 2082 383 2144 Cassii
399 2087 594 2164 reperiemus;
625 2087 653 2144 in
671 2087 707 2144 iis
724 2087 827 2162 etiam,
849 2084 996 2164 quosipsi
1010 2082 1161 2165 vidimus,
1185 2090 1295 2168 copis!

289 2169 439 2244 Senecae,
466 2171 545 2229 vires
572 2168 719 2244 Africani,
752 2169 944 2230 maturitatem
968 2166 1059 2246 stri,
1084 2170 1296 2233 lucunditatu

247 2261 280 2314 12
289 2250 401 2332 Crispi,
418 2271 519 2312 sonum
535 2252 688 2328 Trachali,
705 2251 878 2330 elegantiam
893 2251 1028 2313 Secundi.
1059 2250 1101 2321 ‚ht
1120 2252 1296 2319 struunt

288 2354 345 2396 uon
365 2337 445 2396 illum
467 2336 604 2397 babemus
620 2335 840 2414 Euphranorem
857 2337 935 2398 circa
953 2333 1078 2416 plurium
1104 2340 1218 2401 artium
1235 2356 1296 2421 sps·

288 2423 349 2479 cies
365 2430 561 2499 praestantem
578 2421 631 2481 sed
645 2421 679 2479 in·
690 2420 837 2497 omnibus,
859 2438 934 2500 quae
949 2422 978 2480 iu
993 2436 1115 2498 quoque
1128 2422 1296 2499 laudam,

290 2506 548 2566 eminentissimum.
582 2504 674 2578 Quem
690 2513 785 2565 tamen
804 2513 833 2565 et
848 2522 965 2566 suorum
978 2502 1114 2565 homines
1132 2515 1297 2588 tempora

288 2590 437 2647 incessere
460 2589 603 2649 audebant
624 2597 654 2648 ut
674 2590 854 2650 tumidiorem
875 2598 905 2649 et
919 2589 1057 2650 Asianum
1079 2597 1112 2649 et
1132 2591 1296 2655 secundm

289 2681 347 2730 tem
363 2681 391 2730 et
411 2673 439 2730 in
454 2673 676 2751 repetitionibus
698 2675 811 2733 nimium
828 2683 857 2734 et
871 2674 901 2746 in
916 2672 1023 2734 salibus
1036 2672 1204 2751 aliquando
1219 2676 1296 2755 trice

289 2756 354 2814 dum
369 2764 398 2814 et
414 2758 443 2814 in
459 2758 669 2835 compositione
687 2757 826 2833 tractum,
842 2757 1019 2818 exultantem
1032 2773 1070 2817 uc
1084 2774 1202 2837 paene,
1222 2757 1297 2841 qnod

248 2847 280 2899 13
289 2839 392 2918 procul
413 2839 501 2915 absit,
524 2842 586 2899 viro
609 2840 786 2910 molliorem
810 2850 915 2920 postea
929 2857 1002 2901 vero
1019 2858 1106 2920 quam
1123 2842 1298 2905 triumvirali

289 2926 502 3003 proscriptione
525 2932 712 3002 consumptus
735 2935 795 3001 est,
822 2927 931 3005 passim
947 2925 996 3006 qui
1011 2923 1155 3004 oderant,
1185 2930 1239 3008 qui
1259 2929 1297 2989 in·

288 3008 440 3084 videbant,
459 3011 507 3089 qui
523 3009 754 3085 aemulabantur,
772 3009 937 3070 adulatores
953 3010 1039 3071 etiam
1053 3015 1230 3088 praesentis
1247 3028 1298 3093 po·

289 3094 394 3151 tentiae
411 3110 469 3152 non
482 3110 688 3173 responsurum
703 3096 877 3158 invaserunt.
904 3092 959 3155 llle
974 3102 1086 3168 tumen,
1108 3096 1164 3173 qui
1184 3097 1298 3157 ieiunus

289 3192 305 3232 a
322 3175 489 3252 quibusdam
506 3187 593 3256 atque
610 3178 705 3238 aridus
723 3177 864 3255 habetur,
880 3194 939 3239 non
955 3176 1040 3240 eliter
1056 3175 1093 3237 ub
1110 3178 1190 3257 ipsis
1207 3181 1297 3241 inimi·

289 3260 331 3316 cis
346 3260 421 3319 male
444 3261 543 3337 audire
560 3279 643 3339 qnam
656 3263 748 3321 nimiis
764 3261 884 3322 floribus
900 3272 930 3322 et
947 3260 1055 3340 ingenii
1070 3260 1227 3326 effluentia
1246 3280 1297 3344 po-

289 3342 349 3399 tuit.
386 3341 501 3402 Falsum
524 3355 694 3423 utrumqne,
707 3352 713 3359 “
726 3346 780 3406 sed
802 3354 896 3406 tamen
916 3346 967 3407 illu
987 3345 1149 3407 mentiendi
1172 3350 1298 3429 propior
1353 3358 1359 3385 t

247 3427 416 3486 leoccasio.
450 3427 610 3508 Praecipue
630 3439 984 3508 vero-presserunteum,
1001 3430 1164 3508 quivideri
1182 3432 1296 3495 Atticu-
1354 3432 1359 3459 ³

288 3527 349 3567 rum
370 3510 528 3570 imitatores
545 3515 760 3591 concupierant.
791 3513 872 3575 Haec
890 3532 990 3576 manns
1013 3515 1097 3592 quasi
1118 3516 1295 3594 quibusdan

290 3593 380 3651 sacris
395 3593 502 3652 initiata
520 3604 551 3653 ut
565 3597 755 3674 alienigenam
773 3608 802 3658 et
819 3616 920 3677 parum
934 3598 1097 3659 studiosum
1111 3599 1293 3663 devinctum·

291 3692 346 3755 que
369 3677 426 3737 illis
452 3677 566 3758 legibus
588 3681 812 3762 insequebatur;
835 3682 915 3743 unde
936 3698 1147 3765 huncquoque
1170 3685 1246 3749 aridi
1266 3692 1294 3745 et
