3184 4409
351 446 393 507 76
663 456 792 506 muna.
809 453 1028 518 consumam

351 623 398 672 aut
414 615 459 690 (nt
470 612 543 690 dixi)
555 613 619 689 quia
631 612 789 671 decentius.
819 610 874 671 Ubi
886 611 955 671 nihil
967 610 1067 671 horum
1079 613 1256 696 praestabit,
1271 615 1341 694 quod

352 697 555 769 transferetur,
577 697 761 774 improprium
782 696 846 753 erit.
881 694 1064 754 Necessitate
1084 697 1184 755 rustici
1199 717 1341 776 pemmoni

351 782 379 839 in
393 779 496 839 vitibus
508 779 592 857 (quid
605 781 678 838 enim
689 777 819 837 dicerent
831 775 955 857 alludi),
968 788 998 838 et
1011 780 1097 839 marc
1107 788 1230 855 segetes
1245 790 1275 840 et
1289 781 1339 840 iru-

353 875 415 922 ctus
441 865 606 928 laborares
627 865 800 921 necessitate
824 878 878 921 uos
899 864 1010 922 darum
1034 861 1177 922 hominem
1195 873 1243 924 aut
1259 879 1338 942 uspe

353 967 429 1007 imm.
456 946 522 1005 Non
538 947 611 1004 enim
627 946 773 1023 proprium
790 954 867 1020 erat,
884 945 961 1023 quod
976 945 1108 1005 daremus
1122 946 1167 1004 his
1184 947 1337 1021 affectibus,

324 1043 464 1097 unomen.
512 1030 571 1089 lam
595 1032 750 1090 incaustum
775 1031 817 1088 ira
843 1037 872 1088 et
893 1027 1112 1106 inflammatam
1138 1030 1296 1108 cupiditate
1316 1039 1338 1089 et

353 1117 471 1193 lnpsnm
494 1130 594 1172 errore
617 1112 794 1188 significandi
820 1114 922 1188 gratia.
966 1111 1044 1171 Nihil
1065 1114 1139 1172 enim
1163 1113 1269 1174 horum
1289 1117 1338 1174 sais

352 1198 448 1256 verbis
468 1215 550 1274 quam
566 1195 609 1254 his
625 1197 772 1255 arcessitis
789 1197 881 1272 magis
897 1197 1044 1274 proprium
1059 1205 1130 1256 erat.
1168 1197 1224 1256 llla
1246 1198 1283 1257 ad
1301 1206 1336 1257 or

351 1291 463 1355 natum,
487 1282 586 1340 ioman
609 1281 745 1338 orationis
768 1287 797 1339 et
817 1281 933 1355 generis
949 1279 1119 1340 claritatem
1138 1288 1167 1338 et
1184 1283 1336 1340 contionum

350 1367 505 1444 procellas
521 1373 549 1422 et
565 1364 746 1440 eloquentiae
760 1363 905 1441 sirinano,
923 1370 954 1421 ut
969 1360 1073 1422 Cicero
1087 1380 1141 1441 pro
1153 1362 1265 1424 Milone
1280 1363 1335 1424 Clo

352 1449 426 1508 dium
440 1450 549 1525 fontem
565 1447 677 1523 gloriae
694 1448 755 1505 eius
772 1456 859 1506 vocat
879 1445 981 1527 etalio
997 1445 1064 1504 loco
1079 1458 1211 1525 repetem
1229 1468 1270 1510 uc
1285 1467 1335 1508 mo·

324 1535 467 1597 8teriem.
510 1530 656 1603 Quaedam
677 1533 760 1590 etiam
779 1547 879 1608 parum
896 1531 1032 1608 speciosa
1047 1529 1124 1590 dictu
1139 1548 1194 1608 per
1209 1530 1285 1592 hanc
1297 1549 1336 1590 er·

353 1615 509 1694 plicantur:
1320 1644 1323 1648 ·

475 1695 540 1758 Hoc
554 1697 687 1775 facium,
703 1698 846 1756 nimione
860 1697 936 1756 laun
952 1697 1107 1758 obtunsior
1120 1716 1198 1758 nans

476 1779 523 1840 Sit
539 1782 665 1859 penitoli
681 1799 756 1841 orco
773 1787 801 1840 ct
821 1782 922 1841 sulcos
940 1781 1058 1842 obdmct
1073 1786 1195 1842 inertes.

353 1864 384 1923 ln
405 1872 493 1923 totum
513 1873 607 1923 autem
625 1864 793 1942 metaphora
809 1863 925 1923 brevior
940 1873 986 1923 est
1002 1864 1171 1940 similitudo,
1195 1865 1339 1942 coquedi

354 1957 425 2022 stat,
450 1948 532 2030 quod·
556 1947 604 2006 illa
629 1949 892 2026 comparatorem,
919 1965 1003 2026 quam
1019 1948 1150 2007 volumus
1171 1949 1339 2026 exprimere,

325 2032 427 2096 9haec
448 2049 501 2109 pro
529 2032 591 2109 ipsa
612 2049 644 2090 re
667 2032 779 2091 dicitur.
831 2029 1015 2110 Comparatio
1037 2040 1097 2108 est,
1129 2049 1194 2090 cum
1218 2032 1286 2091 dico
1305 2031 1340 2090 ie

354 2118 429 2174 cisse
446 2116 512 2193 quid
527 2116 667 2174 hominem
684 2124 717 2176 nt
737 2115 869 2185 leonem;
889 2116 1056 2191 translatio,
1080 2133 1144 2174 cum
1158 2115 1226 2174 dico
1246 2114 1284 2175 de
1298 2115 1341 2174 lm·

353 2201 444 2273 mine,
460 2202 506 2260 leo
522 2208 574 2260 est.
612 2199 699 2273 lluius
715 2200 758 2256 vis
777 2200 868 2257 omnis
883 2199 1063 2277 quadruplex
1076 2200 1199 2258 maxime
1217 2199 1340 2258 videtur:

354 2301 416 2342 curn
437 2285 465 2341 in
484 2283 571 2343 rebus
594 2281 760 2342 animalibus
782 2282 858 2341 aliud
880 2299 933 2361 pro
953 2283 1011 2343 alio
1031 2283 1162 2362 ponitur,
1187 2291 1220 2341 ut
1235 2282 1274 2342 de
1290 2282 1342 2358 agi·

355 2375 460 2442 latore,

480 2483 522 2496 -·
540 2449 729 2529 padernotor
743 2468 855 2527 monna
873 2451 1016 2512 contorsit
1030 2466 1137 2527 equam
1151 2449 1183 2509 ei
1190 2471 1205 2518 ,·

355 2531 530 2609 autllmno,
559 2534 723 2612 Scipionem
748 2550 764 2592 a
785 2531 894 2594 Catone
915 2535 1060 2596 adlatrari
1085 2533 1220 2607 solitum,
1246 2531 1344 2592 refert

316 2614 477 2676 lolnanima
500 2633 553 2694 pro
578 2617 641 2676 aliis
665 2617 782 2694 generis
803 2617 930 2677 eiusdem
947 2628 1107 2676 sumuntur:
1133 2625 1165 2674 ut
1187 2614 1345 2693 Clossiqac

352 2701 480 2759 immittit
502 2699 657 2768 dodanam·
680 2710 727 2759 aut
742 2717 795 2778 pro
811 2701 898 2761 rebus
914 2701 1080 2760 animalibus
1096 2701 1234 2759 inanima:
1252 2698 1346 2760 llcrro

352 2801 410 2842 non
422 2783 488 2860 [oto
502 2801 622 2844 moeros
636 2781 778 2862 Arpioom
792 2786 923 2854 occidit,·
943 2794 991 2844 aut
1012 2793 1125 2844 contra:

664 2901 707 2913 —-
720 2867 806 2928 sedet
820 2870 936 2929 inscios
949 2869 1011 2930 ulto

503 2946 667 3027 decipiens
681 2953 810 3012 sonitum
825 2954 899 3012 soci
912 2953 951 3013 de
964 2954 1079 3014 uertice
1091 2958 1207 3030 postor.

311 3032 569 3112 llPraeoipueque
591 3052 628 3092 ex
650 3033 693 3092 his
716 3037 807 3094 oritur
825 3035 999 3110 sublimitas,
1023 3052 1096 3112 quae
1113 3033 1215 3094 audaci
1237 3042 1268 3093 et
1283 3049 1347 3112 pro

351 3118 426 3175 xime
447 3117 604 3194 periculum
625 3118 811 3177 translatione
831 3120 985 3194 tolluntur,
1005 3137 1067 3178 cum
1086 3117 1173 3176 rebus
1192 3116 1282 3176 sensu
1302 3134 1347 3176 ca·

353 3201 478 3258 rentibus
495 3211 587 3261 actum
604 3201 743 3278 quendam
759 3211 787 3260 et
803 3205 911 3262 animos
926 3203 1040 3278 damus,
1057 3202 1149 3280 qualis
1166 3209 1212 3260 est

618 3283 737 3345 Pontem
757 3287 934 3365 indiqnotns
946 3283 1077 3349 Arcaea.

312 3364 387 3424 12Et
412 3367 461 3424 illa
480 3365 645 3443 Ciceronis,
670 3367 751 3440 Qnid
769 3372 847 3430 enim
862 3378 931 3513 poc
943 3371 1009 3446 ille,
1035 3369 1168 3444 Tubero,
1185 3368 1349 3429 destrictam

350 3452 383 3507 in
396 3451 465 3509 acie
476 3449 658 3512 Pharsalica
670 3453 794 3530 qlodins
808 3471 867 3531 cqc
886 3455 941 3515 ot?
969 3452 1064 3514 Gaiam
1079 3454 1160 3514 lotus
1175 3453 1227 3513 itte
1242 3468 1348 3513 mucro

349 3532 490 3610 petebat?
512 3537 563 3610 qni
577 3554 684 3596 sensns
699 3543 767 3596 crat
780 3554 935 3598 armornm
955 3539 1094 3598 marnam?
1119 3536 1295 3614 Duplicatur
1308 3535 1348 3593 in·

352 3616 434 3675 terim
449 3616 522 3676 haec
536 3619 641 3693 virtus,
658 3627 688 3677 ut
702 3618 776 3696 apud
791 3619 962 3697 Vergilium,

572 3733 613 3746 -
630 3700 818 3780 Ferrnmqnc
836 3722 961 3765 armore
978 3721 1102 3774 ueneno.
