3184 4409
557 482 1021 552 1usr.oauroa.ara.vn1,6.
1248 476 1287 538 85

291 639 369 717 quod
388 639 480 698 oratio
497 656 677 715 nequaquam
691 638 823 715 recipiet.
861 639 900 698 At
917 639 944 698 id
960 641 1073 717 quidem
1089 652 1149 718 est,
1166 630 1299 722 propter
1332 655 1334 658 ’

292 722 370 801 quod
391 721 447 781 dici
463 731 564 800 tropus
586 724 695 799 possit,
713 723 1010 800 quiacomponendus
1027 734 1072 783 cst
1089 744 1105 784 e
1121 727 1231 786 duobus
1246 730 1287 787 in-

291 806 439 866 tellectus.
475 805 610 882 Alioqui,
626 805 674 864 uhi
689 805 757 863 nihil
773 824 810 864 ex
825 807 1034 882 significatione
1048 819 1183 869 mutatum
1198 821 1243 870 est
1261 821 1327 876 ethi

291 899 435 952 structura
455 889 519 948 sola
539 890 680 964 variatur,
703 888 795 964 ligura
810 892 907 967 potius
925 889 1079 949 verborum
1100 893 1156 952 dici
1178 904 1286 973 potest,

291 975 367 1032 sicut
388 973 469 1032 multi
494 975 700 1032 existimarunt.
736 970 843 1049 Longis
863 982 957 1032 autem
978 974 1146 1052 hyperbatis
1169 987 1198 1037 et
1220 997 1287 1042 con·

291 1057 364 1116 lusis
382 1074 456 1133 quae
472 1059 539 1116 vitia
555 1056 705 1131 accidunt,
720 1072 773 1114 suo
790 1056 858 1116 loco
874 1057 1005 1116 diximus.

374 1138 615 1218 Hyperboleu
639 1140 801 1200 audacioris
825 1150 940 1200 ornatus
969 1159 1078 1201 summo
1105 1143 1172 1202 loco
1193 1148 1286 1222 posui.

291 1221 346 1282 Est
360 1223 433 1283 haec
449 1224 557 1283 decens
574 1224 636 1282 veri
653 1225 841 1302 superiectio.
867 1225 964 1284 Virtus
981 1227 1041 1283 cius
1057 1244 1095 1284 ex
1106 1226 1220 1287 diverso
1236 1247 1288 1307 par

293 1307 416 1383 augendi
431 1317 517 1386 atquc
532 1307 684 1366 minuendi.
718 1305 764 1366 Fit
778 1307 908 1385 pluribus
927 1308 1028 1368 modis.
1063 1308 1120 1367 Aut
1135 1312 1208 1371 enim
1223 1312 1329 1390 plus68

291 1390 370 1453 lacto
388 1390 522 1451 dicimus:
545 1400 575 1450 ut
594 1389 721 1452 Vomens
735 1392 845 1470 frustis
864 1394 1024 1453 mouleutis
1038 1396 1185 1472 premium
1201 1414 1288 1456 suum

291 1483 321 1534 et
337 1473 432 1535 totum
447 1476 582 1536 tribuual
594 1477 745 1554 implevit;
767 1472 795 1535 et

420 1559 648 1636 -Geminique
670 1561 825 1619 minantur
844 1558 883 1620 ln
899 1560 1014 1623 coelum
1027 1562 1145 1641 scopuli
1149 1585 1164 1633 ,·
1228 1582 1232 1590 ·

291 1650 404 1705 autres
419 1659 473 1725 per
494 1642 705 1701 similitudinem
725 1642 901 1704 attollimus:

456 1763 498 1774 -
515 1724 635 1790 Credas
648 1728 759 1787 innare
772 1728 914 1790 revulsas
928 1725 1104 1808 Cycladasr

292 1821 342 1872 aut
356 1814 684 1893 percomparationem,
701 1819 732 1869 ut
1295 1824 1329 1876 69

580 1930 623 1942 -
641 1893 787 1956 Fulminis
806 1896 891 1956 ocior
911 1895 990 1967 alis,·
1277 1896 1279 1899 ’

294 1988 341 2040 aut
356 1981 445 2057 signis
458 1982 538 2058 quasi
553 1979 737 2058 quibusdam:

377 2063 437 2125 Illa
453 2065 503 2124 nel
522 2066 658 2125 intactae
673 2063 783 2141 sepelis
801 2081 860 2141 per
879 2080 996 2123 summa
1009 2063 1127 2124 volaret

377 2148 523 2209 Grandna
537 2167 595 2208 neo
610 2155 731 2207 teneras
748 2165 842 2207 cursu
856 2147 994 2208 laesisset
1003 2148 1138 2214 aristas,-

291 2231 340 2293 vcl
356 2231 556 2307 translatione,
572 2239 603 2290 ut
616 2231 708 2308 ipsum
726 2229 795 2289 illud
810 2231 935 2291 volaret.
979 2227 1092 2289 Crescit
1111 2227 1221 2287 interim
1235 2226 1286 2302 hy·
1297 2239 1330 2294 70

292 2315 416 2395 perhola
442 2315 496 2374 alia
518 2317 636 2392 insuper
659 2314 769 2388 addita,
799 2311 954 2372 ut'Ciccro
981 2314 1010 2371 in
1026 2313 1179 2372 Antonium
1202 2310 1286 2370 dicit:

294 2397 383 2472 Quae
405 2396 578 2478 Charybdis
600 2406 662 2458 tam
679 2399 801 2458 aarum?
842 2395 1018 2476 Charybdin
1044 2397 1136 2458 dieo?
1163 2395 1289 2472 quaesi

291 2484 368 2563 fuit,
383 2483 442 2560 fuit
456 2484 571 2543 animal
584 2500 695 2542 ursum:
720 2478 879 2557 Oceanus,
891 2480 1019 2541 medius
1037 2479 1147 2558 fidius,
1169 2479 1223 2539 eiu
1242 2479 1288 2539 oi-

294 2569 385 2628 detur
400 2574 440 2626 tat
453 2585 520 2641 res,
542 2575 603 2627 tarn
619 2566 801 2644 dissipatas,
823 2573 885 2625 tam
902 2565 1084 2625 distantibus
1097 2565 1129 2623 in
1143 2562 1218 2622 locis
1231 2579 1288 2640 pa
1315 2603 1318 2607 ·

292 2652 385 2725 sitas,
401 2657 462 2710 tant
474 2651 530 2711 cito
545 2649 711 2710 absorbere
721 2649 866 2726 potumse.
890 2647 1069 2725 Exquisitam
1082 2663 1154 2707 vero
1171 2645 1329 2722 liguram'll

293 2734 376 2794 huius
392 2735 434 2791 rei
450 2732 676 2811 deprehendisse
693 2730 768 2810 apud
782 2732 942 2812 principem
958 2729 1124 2805 lyricorum
1139 2729 1288 2789 Pindarum
1327 2729 1333 2746 '

293 2817 396 2876 videor
411 2817 440 2875 in
456 2816 547 2891 libro,
564 2834 648 2893 quem
664 2816 810 2893 inscripsit
824 2809 943 2891 ὕμνους.
975 2813 1003 2873 ls
1017 2833 1139 2893 namque
1154 2811 1288 2872 Herculis

295 2901 430 2977 impetum
445 2899 584 2960 adversus
600 2899 752 2978 Meropas,
779 2899 827 2977 qui
848 2900 877 2957 in
894 2898 985 2957 insula
1002 2895 1064 2957 (loo
1090 2898 1220 2957 dicuntur
1238 2893 1288 2953 hu·

294 2982 419 3058 hitasse,
442 3000 499 3042 non
517 2984 576 3060 igni
591 3001 645 3042 nec
660 2984 752 3042 ventis
770 3001 826 3042 nec
840 2984 910 3042 mari
931 2981 983 3040 sed
1003 2982 1111 3042 fulmini
1129 2980 1196 3038 dicit
1213 2978 1288 3036 simi·

294 3067 352 3126 lem
367 3067 474 3141 luisse,
497 3077 528 3127 ut
555 3067 604 3127 illa
625 3067 750 3141 minora,
776 3064 834 3125 hoc
860 3083 912 3144 par
933 3073 1022 3124 esset.
1065 3062 1149 3137 Quod
1165 3062 1330 3121 imitatus'li

295 3147 417 3210 Cicero:
444 3150 493 3211 illa
523 3151 684 3228 composuit
706 3151 734 3208 in
753 3149 876 3209 Verrem
903 3148 1092 3211 Versabatur
1116 3149 1149 3206 in
1179 3144 1288 3206 Sicilia

293 3236 382 3312 leupo
395 3235 555 3296 intervalla
568 3253 628 3295 non
637 3232 801 3312 Dionysius
813 3234 864 3300 ille
873 3251 930 3294 aec
944 3231 1100 3304 Phalaris,
1117 3229 1197 3308 (tulit
1211 3229 1289 3290 emin

293 3319 349 3379 illa
364 3319 515 3395 quondam
526 3319 627 3380 insula
637 3318 745 3378 multos
756 3325 785 3378 et
795 3317 938 3378 crudeles
948 3315 1107 3394 tyrannos)
1122 3314 1179 3374 sed
1192 3313 1288 3390 quod-

295 3403 368 3462 dam
384 3421 492 3463 nooum
506 3411 668 3464 monstrum
684 3419 724 3461 ea
737 3409 839 3462 velere
856 3399 912 3460 illa
931 3400 1132 3474 immanitate,
1157 3413 1236 3474 quoe
1257 3397 1289 3459 in

294 3486 403 3545 iisdem
429 3495 554 3547 uersata
574 3486 648 3546 locis
670 3486 795 3546 dicitur.
836 3481 904 3543 Non
922 3484 1001 3544 enim
1028 3480 1204 3561 Charybdin
1228 3488 1290 3540 tom

295 3568 437 3647 infestans
448 3584 547 3646 neque
557 3567 691 3644 scallam
701 3568 833 3629 navibus
844 3582 935 3643 quam
945 3567 1034 3626 istam
1048 3568 1080 3626 in
1094 3567 1198 3626 eodem
1210 3565 1290 3643 freto

295 3652 392 3731 fuisse
406 3654 550 3714 arbitror.
576 3651 646 3712 'Nec
664 3653 800 3728 pauciora
815 3658 879 3708 sant
899 3667 1008 3726 genera
1029 3649 1187 3711 minuendi:
1297 3653 1331 3708 73

596 3769 638 3780 -
655 3733 715 3796 Vim
728 3735 846 3797 ossibus
858 3734 992 3795 hument.
