3184 4409
466 465 470 472 ·
592 446 682 497 mar.
695 447 844 497 onuuou.
856 447 924 494 um.
937 449 975 514 v,
988 441 1013 497 7.
1239 437 1298 498 197

299 590 482 686 poenitentia
500 611 545 663 est
560 611 589 662 et
604 603 775 680 promissum
793 596 957 680 suspectius
974 612 1019 679 et,
1034 604 1058 661 si
1074 604 1297 683 perseverarint,

300 688 495 769 reprehensio
510 686 634 746 lacilior.

385 770 495 831 Eorum
508 787 598 845 vero,
620 769 750 848 quibus
772 768 1023 844 denuntiatur,
1045 788 1112 848 pars
1127 772 1241 829 testium
1256 780 1341 836 estis

302 873 377 934 quae
395 872 477 914 reum
492 854 611 914 laedere
626 853 714 927 velit,
737 871 804 931 pars
820 871 894 931 quae
909 853 996 928 nolit,
1016 855 1102 931 idque
1118 856 1228 913 interim
1244 856 1299 915 scit

302 947 458 1001 accusator
480 939 594 997 interim
616 939 719 996 nescit.
740 935 906 1013 Fingamus
929 940 956 995 in
974 939 1139 1014 praesentia
1155 940 1246 1006 scire;
1269 939 1298 998 in

301 1033 427 1101 utroque
448 1029 542 1081 tamen
556 1037 667 1098 genere
683 1022 796 1078 summis
813 1020 920 1079 artibus
935 1023 1138 1098 interrogantis
1153 1038 1225 1098 opus
1241 1031 1295 1081 est.

301 1104 372 1166 llam
396 1107 421 1165 si
440 1104 527 1165 hahet
547 1114 651 1164 testem
673 1103 806 1182 cupidum
826 1103 975 1180 laedendi,
1007 1123 1111 1165 cavere
1132 1104 1220 1165 debet
1240 1105 1339 1173 lnoc16

300 1193 410 1269 ipsum,
433 1208 469 1248 ne
491 1189 631 1266 cupiditas
655 1189 717 1247 eius
738 1197 891 1266 appareat;
912 1207 966 1248 nec
980 1192 1074 1248 statim
1089 1190 1126 1248 de
1142 1206 1194 1264 eo,
1220 1189 1297 1267 quod

301 1276 329 1333 in
347 1273 483 1334 iudicium
503 1274 748 1349 venit,·.’rogare,
772 1271 824 1331 sed
845 1272 942 1350 aliquo
963 1275 1083 1332 circuitu
1098 1274 1132 1333 ad
1149 1273 1176 1333 id
1191 1277 1301 1350 perve·'

300 1359 381 1433 nire,
403 1365 435 1416 ut
450 1356 508 1431 illi,
533 1355 610 1435 quod
630 1357 751 1415 maxime
772 1355 872 1415 dicere
892 1357 1001 1430 voluit,
1023 1357 1153 1417 videatur
1176 1374 1295 1434 expres·

301 1458 372 1508 sum;
387 1458 444 1500 nec
455 1442 569 1500 nimium
578 1441 686 1499 instare
697 1440 925 1517 interrogationi,
941 1459 977 1499 ne
990 1443 1081 1500 omnia
1091 1440 1295 1519 respondendo

300 1526 385 1584 testis
400 1523 484 1584 iidem
499 1542 578 1583 suam
594 1525 714 1589 minuat:
737 1524 833 1582 sedin
849 1532 954 1583 tantum
970 1542 1095 1585 evocare
1113 1544 1191 1600 eum,
1208 1543 1295 1603 quan·

301 1617 361 1667 tum
383 1626 496 1668 sumere
518 1626 555 1667 ex
576 1625 632 1666 uno
658 1609 727 1667 satis
747 1610 792 1667 sit.
830 1606 868 1666 At
888 1610 915 1666 in
937 1625 988 1682 eo,
1012 1611 1059 1687 qui
1078 1627 1177 1668 verum
1192 1609 1295 1668 invitus
1304 1605 1337 1661 17

301 1692 429 1752 dicturus
451 1701 513 1768 est,
536 1693 631 1768 prima,
646 1691 769 1750 felicitas
784 1692 986 1769 interrogantis
1003 1702 1194 1771 extorquere,
1219 1686 1309 1771 quod'

300 1777 327 1834 is
347 1775 483 1836 noluerit.
517 1774 580 1834 lloc
601 1792 658 1833 non
680 1774 736 1834 alio
756 1774 842 1834 modo
865 1775 927 1835 lieri
945 1785 1057 1853 potest,
1081 1795 1162 1854 quam
1181 1776 1295 1854 longius

299 1861 527 1936 interrogatione
543 1862 676 1937 repetita.
700 1856 899 1936 Respondebit
914 1861 1002 1934 enim,
1020 1878 1093 1936 quae
1108 1878 1215 1919 nocere
1229 1879 1294 1922 cau·

299 1961 352 2003 sae
376 1960 433 2002 non
457 1942 654 2010 arbitrabitur3
683 1942 873 2020 expluribus
896 1942 1017 2019 deinde,
1047 1961 1120 2020 quae
1143 1944 1294 2002 confessus

300 2029 371 2102 erit,
397 2043 434 2086 eo
452 2027 642 2104 perducetur,
667 2035 712 2101 ut,
738 2025 814 2102 quod
830 2026 928 2085 dicere
943 2042 999 2084 non
1014 2027 1091 2100 vult,
1115 2045 1222 2103 negare
1238 2044 1295 2085 non

298 2113 403 2189 possit.
425 2109 513 2186 llam,
536 2119 566 2169 ut
582 2112 610 2168 in
625 2111 754 2169 oratione
771 2126 872 2188 sparsa
887 2110 1056 2187 plerumque
1071 2110 1233 2186 colligimus
1250 2129 1293 2170 ar·
1302 2119 1336 2175 18

298 2203 451 2271 gumenta,
478 2211 551 2272 quae
567 2212 667 2272 perse
684 2193 751 2252 nihil
767 2210 848 2251 reum
863 2210 1023 2269 aggravare
1038 2193 1202 2267 videantur,
1226 2211 1293 2252 con·

297 2280 473 2355 gregationc
487 2278 591 2338 deinde
607 2294 706 2336 eorum
723 2276 830 2335 iactum
845 2279 1056 2336 convincimus:
1077 2279 1115 2336 ita
1132 2277 1294 2337 huiusmodi

298 2363 383 2421 testis
398 2360 485 2421 multa
502 2362 537 2421 de
554 2363 709 2435 anteactis,
724 2360 811 2419 multa
826 2362 863 2420 dc
878 2362 1030 2436 insecutis,
1048 2361 1132 2436 loco,
1151 2369 1293 2440 tempore,

298 2463 445 2524 persona,
470 2447 575 2505 ceteris
592 2454 637 2504 est
651 2444 887 2521 interrogandus,
904 2455 934 2503 ut
948 2447 977 2503 in
991 2444 1108 2524 aliquod
1122 2462 1294 2523 responsum

297 2529 423 2604 incidat,
439 2538 506 2607 post
522 2530 598 2606 quod
613 2529 655 2589 illi
672 2528 719 2587 vel
727 2528 836 2603 lateri,
855 2546 928 2605 quae
940 2528 1087 2604 volumus,
1104 2547 1228 2588 necesse
1245 2532 1292 2606 sit,

298 2613 349 2672 vel
370 2615 422 2688 iis,
447 2615 595 2689 quaeiam
615 2612 734 2686 dixerit,
757 2630 930 2690 repugnare.
969 2612 1000 2672 Id
1021 2615 1117 2672 sinon
1138 2616 1334 2690 contingit:l9

300 2696 441 2774 reliquum
463 2699 534 2771 crit,
558 2705 588 2754 ut
610 2714 674 2755 eum
693 2695 772 2755 nolle
795 2696 894 2755 dicere
916 2696 1093 2756 manifestum
1111 2698 1161 2764 sit;
1181 2706 1291 2775 protra-

300 2779 486 2858 hendusqae,
507 2789 538 2839 ut
553 2781 580 2837 in
596 2779 709 2857 aliquo,
733 2779 810 2856 quod
824 2780 873 2839 vel
890 2790 970 2840 extra
986 2798 1099 2840 causam
1115 2783 1166 2856 sit,
1189 2781 1292 2860 depre-

300 2862 454 2931 hendatur;
476 2863 615 2922 tenendus
634 2865 719 2923 etiam
740 2864 861 2938 diutius,
883 2873 913 2923 ut
934 2865 1026 2923 omnia
1042 2883 1076 2924 ac
1092 2864 1185 2942 plura,
1208 2883 1291 2942 quam

299 2964 349 3005 res
364 2946 519 3022 desiderat,
535 2965 588 3026 pro
604 2964 656 3006 reo
672 2947 794 3006 dicendo
811 2957 963 3024 suspectus
979 2948 1063 3007 iudici
1079 2948 1140 3015 tiat;
1163 2965 1219 3025 quo
1235 2965 1292 3006 non

299 3031 391 3089 minus
404 3030 538 3106 nocebit,
562 3049 645 3108 quam
659 3032 683 3089 si
695 3047 765 3089 vera
781 3032 809 3088 in
823 3048 903 3089 reum
918 3031 1047 3090 dixisset.
1082 3031 1135 3105 m,
1158 3033 1198 3106 si,
1215 3033 1333 3109 quodid

299 3115 429 3174 secundo
449 3114 517 3174 loco
538 3115 675 3190 diximus,
702 3115 815 3172 nesciet
834 3123 931 3190 actor,
958 3115 1025 3192 quid
1046 3116 1188 3192 propositi
1209 3117 1291 3174 testis
1354 3139 1356 3143 ’

298 3198 443 3258 attulerit:
466 3198 617 3276 paulatim,
641 3207 686 3274 et,
710 3206 740 3256 ut
755 3196 872 3273 dicitur,
895 3199 1071 3276 pedetentim
1086 3199 1290 3275 interrogando

297 3283 466 3360 experietur
482 3284 601 3341 animum
616 3283 677 3341 eius
694 3290 722 3340 et
737 3280 772 3340 ad
785 3281 812 3340 id
825 3298 1011 3359 responsum,
1032 3281 1108 3360 quod
1122 3281 1291 3343 eliciendum

297 3369 369 3442 erit,
389 3383 444 3444 per
458 3366 564 3442 gradus
580 3366 674 3426 ducet.
695 3365 768 3440 Sed,
785 3367 849 3441 quia
864 3382 1061 3444 nonnunquam
1079 3375 1143 3424 sunt
1154 3366 1208 3426 hae
1220 3385 1290 3446 quo·
1298 3374 1332 3427 21

298 3468 355 3529 quc
369 3452 485 3509 testium
501 3459 594 3525 artes,
612 3460 643 3509 ut
658 3451 749 3528 primo
765 3448 800 3507 ad
816 3449 990 3508 voluntatem
1004 3450 1214 3528 respondeant,
1233 3468 1289 3529 quo

297 3537 409 3595 maiore
429 3533 485 3593 lide
509 3533 622 3593 diversa
643 3542 746 3612 postea
767 3532 878 3592 dicant:
901 3542 946 3593 cst
961 3536 1101 3608 oratoris,
1126 3544 1291 3613 suspectum

297 3627 421 3692 testem,
438 3617 502 3676 dum
517 3618 654 3695 prodest,
675 3617 827 3677 dimittere.
1037 3618 1040 3624 '

381 3701 568 3762 Patronorum
589 3704 616 3760 in
630 3710 713 3780 parte
729 3700 891 3780 expeditior
905 3703 936 3762 in
949 3710 1035 3784 parte
1049 3699 1196 3765 timemur
1207 3702 1350 3758 inter-ua.
