3184 4409
336 453 377 516 62
650 467 688 516 nu.
705 466 785 515 run.
802 465 1024 526 onnrrmmm

335 624 397 704 puli
410 621 549 699 magistri.
587 619 679 696 Quin,
700 621 725 679 si
741 620 804 680 lleri
821 628 937 699 potest,
963 619 1153 680 intendendus
1174 620 1285 681 animus
1305 622 1336 681 in

334 707 392 768 hoc
408 723 535 786 quoque,
548 714 578 764 ut
594 705 763 783 perspiciat,
782 723 857 784 quae
873 706 996 784 quisque
1011 714 1041 765 et
1056 706 1201 783 quomodo
1220 704 1333 775 laudet:

336 802 365 852 et
379 792 509 870 placere,
527 807 600 867 quae
616 788 691 848 bene
707 790 801 864 dicet,
817 807 874 849 non
891 807 943 865 suo
959 791 1051 866 magis
1068 808 1152 868 quam
1167 807 1268 850 eorum
1283 807 1334 849 no·

336 878 412 935 mine
428 874 605 947 delectetur,
623 874 671 951 qui
686 883 768 932 recte
784 872 960 935 iudicabunt.

293 967 328 1020 lt
418 960 528 1019 Pueros
555 956 790 1018 adolescentibus
811 959 971 1038 permixtos
999 958 1122 1034 sedere,
1151 976 1209 1017 non
1235 958 1336 1036 placet

335 1045 412 1104 mibi.
444 1043 514 1103 Nam
531 1042 642 1101 etiamsi
657 1041 701 1100 vir
718 1041 795 1115 talis,
813 1042 927 1119 qualem
942 1059 1010 1100 esse
1026 1052 1142 1120 oportet
1157 1042 1258 1101 studiis
1274 1060 1333 1103 mo·

335 1129 471 1206 ribusque
486 1127 699 1205 praepositum,
722 1125 883 1185 modestam
897 1125 1006 1185 babere
1022 1136 1120 1204 potest
1135 1128 1220 1186 etiam
1234 1129 1336 1187 iuven·

335 1223 439 1272 tutem:
457 1221 552 1271 tamen
568 1208 617 1269 vel
632 1209 779 1280 inlirmitas
796 1227 813 1269 a
828 1209 1040 1269 robustioribus
1055 1211 1216 1289 separanda
1232 1221 1288 1289 est,
1305 1218 1334 1271 et

337 1297 491 1357 carendum
512 1312 570 1354 non
590 1293 684 1352 solum
710 1294 828 1353 crimine
852 1295 1033 1372 turpitudinis
1055 1297 1264 1355 verumetiam
1286 1314 1334 1355 sn·

294 1389 327 1440 15
335 1383 477 1460 spicione.
514 1379 595 1438 llaec
617 1378 742 1438 notanda
763 1377 893 1437 breviter
916 1380 1086 1438 existimavi.
1126 1378 1198 1439 Nam
1213 1388 1244 1438 ut
1260 1379 1336 1442 absit

336 1465 371 1526 ab
389 1465 495 1527 ultimis
510 1463 586 1523 vitiis
608 1463 671 1540 ipse
692 1472 870 1540 praeceptor
891 1481 926 1522 ιο
948 1463 1067 1538 schola,
1091 1481 1129 1522 ne
1151 1464 1334 1542 praecipien-

336 1549 401 1608 dum
417 1549 530 1625 quidem
547 1547 645 1605 credo.
684 1546 729 1605 Αο
744 1547 768 1604 si
785 1547 849 1624 quis
865 1554 927 1622 est,
952 1549 1000 1625 qui
1014 1547 1123 1624 flagitia
1139 1547 1291 1608 manifesta
1306 1549 1335 1608 in

337 1633 471 1710 eligendo
496 1631 547 1691 lilii
570 1639 763 1708 praeceptore
779 1648 838 1690 non
852 1631 940 1706 vitet,
966 1633 1020 1690 iam
1036 1631 1101 1692 hinc
1119 1633 1209 1709 sciat,
1234 1641 1336 1692 cetera

337 1734 467 1794 quoque,
493 1733 568 1793 quae
591 1714 626 1774 ad
649 1713 801 1775 utilitatem
821 1715 976 1774 iuventutis
992 1733 1334 1799 componeresconamur,

336 1819 403 1859 esse
419 1800 473 1859 sibi
488 1800 543 1861 bac
559 1807 642 1877 parte
658 1799 764 1858 omissa
780 1816 970 1877 supervacua.

397 1953 443 2002 AN
461 1952 620 2004 PROTINUS
640 1950 875 2001 PRAECEPTORE
894 1950 1014 2003 OPTIMO
1036 1951 1088 2003 SIT
1105 1951 1272 2006 UTENDUM.

267 2108 271 2115 ,
418 2049 467 2109 lll.
500 2049 545 2109 Ne
566 2050 682 2110 illorum
705 2049 820 2127 quidem
847 2050 1000 2127 persuasio
1022 2049 1138 2111 silentio
1160 2051 1335 2111 transeunda

336 2145 391 2212 est,
420 2136 478 2213 qui,
495 2137 580 2194 etiam
604 2153 668 2194 cum
692 2135 814 2194 idoneos
829 2133 939 2193 rhetori
954 2151 1062 2212 pueros
1079 2143 1261 2213 putaverunt,
1276 2153 1335 2194 non

333 2229 428 2279 tamen
441 2221 575 2279 continuo
588 2218 743 2295 tradendos
756 2219 980 2278 eminentissimo
995 2214 1114 2278 ore‘dunt
1128 2219 1180 2278 sed
1196 2219 1272 2298 apud
1283 2221 1334 2278 mi·

333 2322 420 2365 nores
437 2303 608 2381 aliquamdiu
620 2303 761 2371 detinent;
778 2311 913 2380 tanquam
928 2303 1108 2362 instituendis
1121 2303 1229 2363 artibus
1241 2304 1334 2381 magis

333 2390 370 2447 sit
386 2398 452 2466 apta
467 2389 651 2450 mediocritas
667 2387 886 2465 praeceptoris,
912 2404 975 2444 curn
1001 2386 1035 2445 ad
1051 2386 1230 2446 intellectum
1247 2396 1334 2464 atque

334 2473 368 2532 ad
381 2473 566 2531 imitationem
583 2471 697 2530 facilior
714 2470 818 2529 tumad
830 2470 1031 2546 suscipiendas
1049 2470 1256 2531 elementorum
1273 2488 1333 2531 mo·

306 2557 435 2614 blestias
451 2557 541 2613 minus
558 2554 693 2632 superba.
728 2553 791 2627 Qua
805 2555 834 2613 in
849 2573 881 2613 re
897 2554 964 2613 milri
979 2572 1036 2613 non
1052 2555 1177 2615 arbitror
1187 2554 1239 2616 diu
1252 2555 1334 2617 labo·

333 2640 460 2714 randum,
476 2649 506 2697 ut
522 2639 681 2713 ostendam,
701 2647 807 2716 quanto
824 2639 862 2696 sit
873 2638 975 2697 melius
987 2640 1103 2718 optimis
1115 2639 1211 2716 imbui,
1229 2648 1334 2718 quanta

332 2725 360 2781 in
382 2723 529 2798 eluendis,
552 2741 626 2800 quae
645 2722 738 2782 semel
760 2722 934 2796 insederint,
959 2723 1034 2782 vitiis
1056 2723 1211 2783 difficultas
1230 2740 1334 2784 conse·

333 2817 449 2883 quatur;
476 2826 538 2866 cum
555 2809 727 2883 geminatum
745 2824 817 2865 onus
833 2805 1027 2865 succedentes
1044 2818 1156 2885 premat
1172 2817 1201 2866 et
1219 2807 1335 2886 quidem

304 2891 493 2951 3dedocendi
509 2893 625 2968 gravius
642 2910 676 2951 ao
692 2892 771 2969 prius
788 2908 873 2968 quam
888 2890 1021 2949 docendi.
1053 2891 1177 2970 Propter
1193 2893 1270 2970 quod
1287 2890 1334 2951 'l'i-

331 2974 490 3051 motheum,
515 2976 623 3035 clarum
643 2978 671 3034 in
693 2985 755 3034 arte
776 2974 924 3048 tibiarum,
954 2975 1049 3034 lerunt
1073 2976 1205 3054 duplices
1229 2975 1265 3037 ab
1287 2977 1335 3050 iis,

333 3077 405 3136 quos
430 3060 501 3118 alius
522 3060 708 3134 instituisset,
731 3059 847 3118 solitum
868 3059 990 3134 exigere
1009 3061 1179 3135 mercedes,
1202 3077 1287 3138 quam
1309 3060 1336 3118 si

332 3144 417 3203 rudes
433 3144 624 3204 traderentur.
651 3143 743 3203 Error
754 3153 850 3202 tamen
867 3144 952 3202 estin
968 3160 1001 3202 re
1017 3142 1140 3221 duplex:
1156 3162 1239 3220 unus,
1256 3143 1336 3223 quod

331 3227 443 3287 interim
458 3229 595 3287 sullicere
612 3229 679 3287 illos
696 3229 823 3286 minores
840 3228 1018 3302 existimant,
1038 3237 1077 3303 et,
1094 3228 1170 3289 bono
1187 3246 1258 3289 sane
1273 3237 1335 3289 sto·

305 3313 449 3387 tmacbo,
467 3314 594 3371 contenti
610 3322 690 3380 sunt;
708 3329 781 3389 quae
794 3329 956 3388 quanquam
971 3320 1017 3370 est
1027 3312 1091 3389 ipsa
1103 3313 1336 3391 reprehensione

332 3394 417 3473 digna
439 3398 600 3472 securitas,
623 3406 718 3456 tamen
739 3405 820 3454 esset
839 3404 986 3473 utcunque
1006 3395 1186 3474 tolerabilis,
1209 3399 1235 3457 si
1258 3399 1334 3457 eins·

332 3480 408 3539 modi
436 3491 646 3559 praeceptores
666 3482 758 3539 minus
788 3480 930 3539 docerent
963 3497 1021 3539 non
1049 3482 1148 3559 peius;
1181 3479 1268 3541 alter
1285 3481 1335 3542 ille

333 3566 419 3624 etiam
434 3564 631 3642 frequentior,
656 3563 732 3642 quod
748 3582 812 3638 eos,
830 3565 877 3641 qui
896 3563 1066 3640 ampliorem
1081 3565 1197 3627 dicendi
1213 3565 1334 3625 faculta-

332 3655 390 3707 tem
407 3650 463 3706 sint
481 3650 645 3723 consecuti,
664 3665 720 3706 non
737 3657 837 3726 putant
853 3647 888 3706 ad
905 3648 1016 3707 minora
1031 3649 1231 3725 descendere,
1248 3649 1336 3728 idque

333 3733 444 3792 unterim
460 3733 538 3809 lieri,
568 3734 634 3809 quia
655 3731 801 3791 fastidiant
823 3740 973 3811 praestare
994 3731 1070 3794 banc
1084 3733 1271 3795 inferioribus
1288 3751 1336 3795 cu-
