3184 4409
567 485 1003 556 rusu.0uuuon.u1s.1x,4.
1216 475 1275 538 127

275 643 411 704 iudicium
435 661 529 702 meum
560 643 732 719 ostendero:
767 662 848 704 suum
874 653 969 704 tamen
996 643 1158 721 legentibus
1187 643 1273 704 relin-

275 745 370 806 quam.

359 809 462 889 Neque
484 813 586 888 ignoro
612 811 749 889 quosdam
773 829 857 887 esse,
878 811 927 889 qui
949 829 1045 870 curam
1066 829 1178 872 omnem
1198 829 1303 882 com-3

275 897 427 973 positionis
450 895 620 970 excludant,
648 903 734 972 atque
760 895 841 954 illum
864 895 1009 954 borridum
1038 913 1216 972 sermonem,
1244 906 1275 957 ut

275 980 352 1038 forte
365 978 496 1054 fluxerit,
512 978 597 1037 modo
614 981 705 1054 magis
722 979 880 1038 naturalem
897 979 983 1037 modo
1002 980 1086 1037 etiam
1101 981 1192 1055 magis
1207 982 1275 1040 viri·

275 1063 333 1122 lem
349 1080 416 1121 csse
433 1062 614 1122 contendant.
645 1061 700 1134 Qut
719 1063 744 1121 si
759 1062 787 1122 id
805 1062 917 1122 demum
933 1063 1062 1122 naturale
1081 1080 1148 1121 esse
1168 1064 1274 1140 dicunt,

275 1145 353 1225 quod
375 1164 391 1204 a
409 1156 509 1207 natura
531 1147 651 1224 primum
673 1155 765 1205 ortum
782 1155 828 1205 est
845 1155 875 1205 et
896 1146 980 1224 quale
998 1156 1064 1205 ante
1081 1147 1188 1206 cultum
1206 1147 1274 1207 fuit:

274 1238 336 1290 tota
357 1229 432 1290 baec
453 1248 499 1289 ars
523 1231 621 1290 orandi
641 1228 825 1289 subvertitur.
870 1228 973 1307 Neque
996 1232 1070 1290 euim
1096 1230 1187 1292 locuti
1210 1239 1304 1300 sunta

274 1313 311 1374 ad
335 1314 408 1373 banc
429 1313 559 1390 regulam
580 1322 609 1373 et
630 1313 807 1390 diligentiam
823 1314 906 1391 primi
926 1315 1074 1388 homines,
1093 1333 1149 1373 nec
1167 1330 1273 1392 prooe-

273 1399 338 1456 miis
362 1415 554 1476 praeparare,
576 1400 685 1459 docere
709 1399 909 1475 expositione,
940 1401 1115 1474 argumentis
1137 1397 1273 1477 probare,

275 1480 426 1541 affectibus
444 1497 628 1541 commovere
644 1482 780 1541 scierunt.
813 1479 893 1558 Ergo
910 1480 954 1540 bis
970 1483 1118 1558 omuibus,
1135 1500 1192 1541 nou
1210 1483 1275 1542 sola

275 1567 486 1643 compositione
503 1573 673 1632 caruerunt;
697 1582 817 1643 quorum
832 1567 856 1624 si
871 1565 934 1624 fieri
955 1565 1024 1625 nihil
1039 1567 1141 1625 melius
1156 1566 1273 1642 licebat,

274 1667 311 1708 ne
331 1648 461 1709 domibus
486 1649 600 1728 quidem
623 1660 705 1709 casa's
730 1657 778 1708 aut
793 1649 923 1708 vestibus
942 1650 1060 1727 pellium
1081 1652 1205 1727 tegmina
1227 1658 1275 1710 aut

274 1730 392 1791 urbibus
412 1743 524 1792 montes
546 1751 582 1792 ac
601 1733 690 1792 silvas
711 1734 812 1792 mutari
836 1735 973 1811 oportuit.
1018 1733 1099 1806 Quae
1116 1751 1203 1812 porro
1225 1745 1300 1796 arsa

275 1819 370 1876 statim
393 1815 465 1876 init?
493 1817 560 1896 quid
579 1833 636 1876 non
659 1817 736 1878 cultu
758 1815 904 1877 mitescit?
933 1836 983 1876 cur
999 1820 1074 1877 vites
1102 1836 1272 1878 coercemus

274 1896 379 1960 manu?
395 1917 445 1959 cur
462 1919 511 1962 eas
527 1898 669 1960 fodimus?
685 1899 772 1960 rubos
788 1903 864 1960 arvis
883 1899 1061 1961 excidimus?
1078 1911 1156 1962 terra
1174 1912 1202 1962 et
1219 1902 1273 1961 bos

274 1993 411 2061 generem
435 1984 673 2045 mansuefacimus
690 1982 841 2045 animalia?
864 1986 999 2045 indomita
1014 1995 1178 2045 nascuntur.
1214 1984 1272 2044 Ve-

275 2066 384 2128 numid
412 2079 456 2127 est
480 2069 601 2127 maxime
623 2069 771 2144 naturale,
794 2069 871 2146 quud
892 2069 955 2128 lieri
976 2079 1076 2129 natura
1099 2071 1205 2148 optime
1222 2087 1276 2146 pa-

274 2154 351 2211 titur.
384 2149 498 2211 Fortius
509 2169 581 2211 vero
600 2151 667 2228 quid
683 2154 902 2230 incompositum
917 2161 1014 2231 potest
1030 2171 1096 2211 esse
1114 2172 1198 2230 quam
1212 2155 1300 2219 vin-6

276 2245 353 2294 ctum
369 2245 400 2296 et
422 2235 498 2296 bene
520 2233 714 2297 collocatum?
755 2235 870 2314 Neque,
893 2238 918 2295 si
942 2238 1023 2314 parvi
1046 2236 1137 2315 pedes
1151 2239 1208 2296 vim
1223 2236 1271 2295 de·

272 2317 388 2379 trabunt
402 2319 505 2397 rebus,
525 2329 555 2379 ut
567 2320 758 2380 Sotadeorum
774 2329 803 2380 et
817 2319 1038 2380 Galliamborum
1054 2330 1083 2379 et
1097 2321 1273 2398 quorundam

273 2407 303 2465 in
317 2403 449 2463 oiatione
466 2405 550 2463 simili
568 2422 660 2483 paene
676 2403 792 2465 licentia
811 2403 1035 2480 lascivientium,
1055 2406 1272 2482 compositionis

275 2495 321 2547 est
335 2487 524 2548 iudicandum.
566 2486 701 2549 Ceterum
717 2497 823 2566 quanto
837 2488 1036 2548 vehementior
1050 2487 1193 2548 iluminum
1209 2499 1300 2554 cur-7

274 2586 324 2629 sus
346 2568 393 2630 cst
413 2589 505 2651 prono
528 2572 612 2632 alveo
635 2590 669 2632 ac
687 2572 780 2632 nullas
801 2589 897 2631 moras
918 2570 1073 2632 obiiciente
1094 2590 1179 2652 quam
1199 2574 1274 2632 inter

273 2653 418 2715 obstantia
440 2673 510 2716 saxa
534 2656 635 2716 fractis
660 2657 740 2734 aquis
762 2673 796 2715 ac
817 2655 1039 2716 reluctantibus:
1072 2666 1169 2732 tanto,
1199 2674 1273 2734 quae

274 2755 406 2798 connexa
427 2749 472 2798 est
493 2749 522 2799 et
541 2742 609 2799 totis
629 2739 737 2798 viribus
763 2738 840 2815 buit,
866 2740 983 2817 fragosa
1004 2749 1091 2818 atque
1115 2741 1273 2819 interrupta

272 2822 376 2882 melior
404 2825 507 2883 oratio.
543 2821 709 2900 ¹Gur-ergo
733 2824 810 2882 vires
834 2825 911 2902 ipsas
938 2824 1038 2902 specie
1064 2824 1140 2884 solvi
1162 2833 1272 2902 putent,

273 2907 388 2989 quando
402 2925 450 2966 res
466 2925 521 2966 nec
534 2907 592 2967 ulla
607 2909 670 2966 sine
685 2916 748 2967 arte
762 2910 833 2966 satis
847 2907 961 2985 valeat,
985 2916 1014 2966 et
1033 2911 1185 2968 comitetur
1199 2925 1272 2966 sem·

271 3008 326 3068 per
350 2999 440 3050 artem
464 2989 575 3050 decor?
616 2990 662 3051 An
685 3007 742 3050 nou
765 3010 846 3068 eam,
875 3010 949 3070 quae
965 2993 1068 3051 emissa
1088 2994 1195 3071 optime
1217 2997 1301 3065 est‚8

271 3073 383 3134 hastam
403 3077 619 3153 speciosissime
640 3083 800 3135 contortam
819 3075 890 3134 lerri
911 3075 1053 3141 videmus;
1077 3085 1106 3135 et
1121 3092 1189 3134 arcu
1205 3074 1271 3133 diri-

270 3159 400 3235 gentium
421 3159 498 3236 tela,
521 3176 577 3237 quo
597 3161 705 3219 certior
724 3177 841 3234 manns,
862 3159 918 3219 boc
938 3168 982 3218 est
997 3158 1109 3218 babitus
1131 3161 1194 3236 ipse
1212 3157 1271 3217 ior·

270 3239 404 3301 mosior?
449 3243 507 3302 lam
528 3244 682 3303 certamine
708 3261 849 3303 armorum
873 3252 959 3320 atque
979 3244 1008 3300 in
1029 3244 1104 3300 omui
1124 3242 1271 3321 palaestra

270 3325 340 3405 quid
358 3327 427 3386 satis
444 3335 526 3385 recte
545 3335 663 3386 cavetur
678 3345 712 3387 ac
727 3329 851 3406 petitur,
876 3329 921 3386 cui
937 3344 993 3385 nou
1008 3326 1114 3386 artilex
1132 3335 1226 3386 motus
1242 3335 1272 3386 et

270 3404 345 3472 certi
361 3410 475 3488 quidam
495 3411 586 3489 pedes
609 3408 719 3470 assint?
759 3411 856 3485 Quare
876 3410 943 3468 mihi
964 3411 1175 3487 compositione
1192 3410 1300 3470 veluti)

269 3480 393 3553 timentis
418 3492 585 3572 quibusdam
610 3497 745 3554 nervisve
770 3494 878 3554 intendi
900 3502 929 3553 et
950 3494 1089 3554 concitari
1111 3497 1271 3555 sententiae

267 3575 412 3636 ridentur.
450 3576 578 3656 ldecque
591 3578 782 3638 eruditissimo
799 3580 902 3655 cuique
915 3595 1083 3656 persuasum
1095 3587 1155 3653 est,
1170 3578 1271 3638 valere

268 3677 335 3720 eam
359 3659 510 3739 plurimum
537 3679 594 3721 non
618 3663 653 3721 ad
679 3662 899 3723 delectationem
922 3661 1006 3721 modo
1031 3661 1084 3721 sed
1110 3663 1146 3722 ad
1166 3671 1271 3721 motum

267 3761 389 3824 quoque
406 3747 570 3805 animorum.
614 3745 734 3807 Primum
753 3746 820 3823 quia
839 3745 908 3806 nihil
929 3747 1034 3806 intrare
1050 3755 1148 3824 potest
1163 3747 1192 3804 in
1205 3744 1318 3803 alie-to
