3184 4409
489 493 939 563 rusn.onnnon.n1a.xn,3.
1148 483 1206 546 251

293 653 406 727 omnia,
435 669 508 729 quae
530 651 680 729 profutura
702 660 784 727 sunt,
813 651 911 711 debet.
949 649 1051 730 ltaque
1073 669 1136 711 eum
1155 645 1256 717 nectv

282 738 360 812 ilem,
386 737 409 795 si
428 735 464 795 ad
479 735 578 794 horam
592 736 669 795 forte
686 737 864 810 constiterit,
888 754 983 813 neque
1003 738 1031 795 iu
1052 737 1209 795 testationi·

289 821 429 880 faciendis
444 838 511 879 esse
528 821 688 898 imperitum
701 820 799 880 velim.
834 819 904 892 Quis
921 821 995 879 enim
1010 822 1106 898 potius
1126 837 1214 897 prae,

282 906 327 964 ibit
343 923 395 980 ea,
414 921 505 983 quae,
522 921 586 962 cum
604 912 687 980 aget,
710 921 778 963 esse
795 904 824 963 in
840 922 926 963 causa
941 900 1032 963 velit?
1055 902 1117 962 Nisi
1132 903 1208 962 forte

282 998 416 1048 aratorem
432 989 494 1066 quis
509 986 642 1047 idoneum
654 987 745 1047 credit
759 989 788 1046 in
803 988 924 1066 proeliis
934 987 1050 1066 quidem
1064 995 1209 1046 strenuum

281 1082 365 1132 utem
382 1081 411 1132 ct
425 1072 564 1148 oninium,
580 1090 655 1150 quae
672 1089 768 1150 pugna
783 1073 896 1149 poscit,
914 1071 1070 1146 artificem,
1089 1071 1142 1131 scd
1159 1089 1209 1130 nc·

296 1157 428 1217 delectus
449 1173 539 1232 agere
564 1173 621 1216 nec
643 1157 743 1235 copias
766 1155 938 1215 contrahere
959 1164 1046 1235 atque
1068 1156 1209 1214 instruere

292 1242 464 1319 prospicere
486 1249 661 1309 commeatus
676 1257 732 1299 neo
751 1239 849 1300 locum
864 1257 972 1318 capere
994 1240 1096 1298 castris
1116 1240 1209 1298 scien·

282 1347 288 1392 ;
310 1326 390 1403 prius
406 1332 451 1383 est
466 1324 540 1383 enim
556 1332 636 1384 certe
654 1337 758 1403 parare
775 1322 855 1383 bella
872 1341 957 1401 quam
971 1341 1089 1399 gerere.
1122 1322 1238 1400 Atquio

281 1409 375 1468 llimus
392 1408 458 1467 huic
479 1408 515 1466 sit
534 1408 710 1484 advocatus,
734 1409 758 1466 si
774 1407 882 1486 plura,
897 1426 971 1485 quac
989 1407 1024 1466 ad
1039 1406 1210 1466 vincendum

284 1501 329 1568 nt,
353 1491 418 1552 aliis
432 1490 597 1568 reliquerim
626 1510 689 1551 cum
710 1492 881 1570 praesertim
904 1491 977 1566 hoc,
999 1492 1076 1568 quod
1093 1499 1138 1550 εει
1152 1509 1210 1549 ma·

282 1595 292 1635 a
308 1577 521 1650 necessarium,
538 1593 594 1634 nec
610 1585 667 1634 tam
682 1576 718 1635 sit
731 1576 864 1650 arduum,
884 1593 967 1653 quam
981 1575 1085 1652 procul
1101 1575 1197 1633 intuen

282 1660 431 1720 sfortasse
447 1659 586 1719 videatur.
614 1658 744 1736 Namque
761 1676 844 1719 omne
861 1660 920 1736 ius,
936 1659 1013 1737 quod
1029 1667 1074 1718 εει
1089 1667 1209 1732 certum,

283 1744 394 1822 scripto
420 1752 467 1803 aut
487 1742 615 1803 moribus
637 1752 762 1811 constat:
792 1742 908 1803 dubium
934 1743 1086 1820 aequitatis
1109 1742 1209 1817 regula

282 1828 432 1888 minandum
451 1836 506 1885 est.
539 1825 620 1899 Quae
643 1828 750 1904 scripta
766 1836 831 1886 sunt
846 1834 893 1886 aut
907 1829 1002 1904 posita
1026 1827 1054 1884 in
1068 1843 1150 1885 more
1171 1827 1237 1890 cil

282 1913 328 1987 tis,
357 1910 463 1970 nullam
483 1910 591 1970 habent
612 1910 825 1987 difficultatem,
857 1911 1031 1987 cognitionis
1052 1919 1115 1970 suut
1137 1910 1210 1969 enim

294 1995 480 2061 inventionis;
507 2002 535 2053 at
551 2012 625 2073 quae
642 1994 837 2056 consultorum
851 1995 1002 2072 responsis
1017 1994 1209 2072 explicantur,

282 2080 306 2138 in
320 2078 477 2140 verborum
497 2079 734 2156 interpretatione
751 2087 815 2138 sunt
831 2079 926 2156 posita
943 2078 1034 2137 autin
1054 2078 1128 2139 recti
1144 2095 1209 2155 pra·

282 2182 304 2223 ie
320 2163 493 2223 discrimine.
525 2161 590 2221 Vim
608 2163 747 2240 cuiusque
763 2164 847 2222 vocis
862 2162 1045 2238 intelligere,
1067 2170 1115 2221 aut
1132 2177 1208 2220 oom-

284 2265 300 2306 e
316 2246 496 2326 prudentium
510 2254 555 2305 est
572 2255 620 2307 aut
635 2246 782 2324 proprium
800 2247 938 2314 oratoris;
955 2247 1086 2324 aequitas
1102 2245 1209 2323 optimo

282 2349 321 2407 jue
337 2331 493 2389 notissima.
526 2328 588 2388 Nos
609 2347 698 2408 porro
719 2338 748 2391 et
766 2330 873 2389 bouum
888 2330 980 2389 virum
996 2338 1025 2388 ει
1041 2328 1239 2407 prudentem8

282 2415 366 2473 »rimis
387 2423 532 2474 oratorem
553 2423 702 2492 putamus,
727 2415 775 2493 qui
796 2431 860 2474 cum
880 2432 914 2473 se
937 2412 1038 2488 adid,
1064 2411 1141 2491 quod
1165 2419 1210 2470 est

282 2517 353 2557 mum
371 2506 487 2573 natura,
513 2497 669 2574 direxerit,
696 2514 754 2557 non
773 2514 951 2576 magnopere
973 2494 1209 2569 commovebitur,

284 2583 328 2640 uis
347 2581 383 2640 ab
405 2598 441 2640 co
462 2581 610 2641 consultus
632 2581 799 2650 dissentiet;
822 2599 886 2641 cum
909 2582 980 2660 ipsis
1001 2580 1059 2640 illis
1080 2579 1210 2638 diversas

282 2684 293 2723 r
308 2683 340 2724 se
357 2666 510 2742 opiniones
525 2666 599 2724 tueri
615 2681 786 2726 concessum
802 2666 847 2724 sit.
879 2665 937 2726 Sed
953 2665 1053 2740 etiam,
1071 2665 1095 2724 si
1111 2680 1210 2736 nosse,

282 2749 286 2808 l
309 2749 430 2826 quisque
452 2749 591 2824 senserit,
614 2749 711 2808 volet:
737 2748 872 2808 lectionis
892 2766 967 2827 opus
983 2758 1044 2824 est,
1068 2766 1125 2826 qua
1141 2745 1211 2805 nihil

282 2833 306 2890 in
321 2833 421 2892 studiis
436 2833 527 2891 minus
543 2832 728 2892 laboriosum.
758 2832 869 2905 Quodsi
888 2833 1039 2911 plerique,
1058 2833 1239 2909 desperatao

282 2917 356 2976 dtate
379 2915 500 2993 agendi,
525 2916 742 2976 addiscendum
762 2917 807 2976 ius
828 2910 1058 2976 declinavemnt:
1076 2932 1166 2993 quam
1182 2913 1211 2972 id

282 3018 296 3059 o
313 3000 401 3060 facile
421 3009 467 3059 cst
484 3003 592 3060 oratori
602 3045 611 3077 ,
631 3001 708 3079 quod
725 3002 852 3074 discunt,
875 3002 923 3079 qui
944 3018 994 3059 sua
1010 3016 1126 3077 quoque
1143 3014 1210 3056 con-

283 3084 348 3142 ione
364 3093 497 3143 oratores
510 3102 577 3143 osse
592 3103 650 3144 non
667 3081 807 3164 possunt?
837 3082 945 3143 Verum
960 3093 993 3161 ει
1003 3081 1041 3142 Μ.
1058 3080 1130 3140 Cato
1148 3097 1211 3139 cum

283 3166 385 3227 icendo
401 3169 742 3246 praestantissimus-tum
760 3169 831 3227 iuris
851 3167 927 3227 idem
943 3168 995 3227 iuit
1011 3166 1211 3244 peritissimus,

282 3251 426 3312 icaevolae
447 3253 608 3330 Servioque
626 3252 755 3331 Sulpicio
779 3268 920 3312 concessa
943 3259 989 3308 εει
1008 3251 1093 3309 etiam
1114 3249 1211 3308 facun-

282 3358 285 3390 ε
308 3336 408 3394 virtus.
445 3335 483 3396 Et
503 3334 540 3395 Μ.
564 3335 675 3396 Tullius
695 3353 753 3395 non
777 3335 863 3394 modo
886 3333 1122 3411 interagendum
1144 3344 1254 3395 nun-10

282 3437 304 3477 m
316 3414 361 3478 est
376 3420 528 3479 destitutus
544 3421 664 3479 scientia
676 3421 746 3480 iuris
760 3419 812 3479 sed
829 3419 913 3478 etiam
924 3435 1100 3494 componere
1116 3416 1212 3494 aliqua

282 3519 311 3562 eo
329 3513 485 3580 coeperat,
507 3514 538 3564 ut
551 3513 704 3582 appareat,
726 3521 816 3581 posse
834 3511 979 3562 oratorem
995 3518 1052 3560 nou
1072 3499 1211 3560 discendo

281 3604 325 3646 um
348 3588 401 3646 iuri
417 3604 524 3647 uacare
546 3588 598 3648 scd
616 3590 700 3647 etiam
716 3587 859 3647 docendo.
885 3585 993 3645 Verum
1009 3603 1059 3661 ca,
1086 3602 1159 3662 quae
1176 3583 1212 3642 dc
1220 3594 1251 3646 11

284 3669 348 3729 ibus
365 3671 536 3731 excolendis
557 3672 710 3749 studioque
726 3671 795 3730 iuris
811 3670 1019 3749 praecipimus,
1042 3688 1079 3734 ne
1095 3670 1159 3747 quis
1175 3683 1211 3725 eo

282 3753 320 3815 lat
334 3755 591 3835 reprehendenda,
613 3756 691 3836 quod
706 3756 812 3821 multos
828 3757 1031 3835 cognovimus,
1052 3754 1102 3831 qui
1116 3749 1211 3812 taedio
