3184 4409
350 453 391 516 30
660 467 793 517 urna.
810 465 1031 527 commum
1117 526 1121 531 ,
1213 424 1219 437 ’

350 641 425 681 mum
448 630 495 682 est
517 622 634 700 ingenio
657 621 733 697 loci,
752 639 809 683 nec
827 638 948 701 usqum
965 629 1073 681 tunm·
1092 620 1220 681 aflectu
1240 621 1334 683 valent

307 705 421 771 uliam
435 707 602 766 coniectura
616 707 798 765 extrinsecus
812 722 929 784 quoque
942 705 1080 765 adductas
1092 704 1269 784 nequenter
1280 722 1335 784 pro

350 789 482 850 bationes
496 789 584 850 babet
597 797 628 850 et
643 798 811 866 argumenta
824 807 862 850 ex
872 790 990 848 materia
1002 789 1099 857 sunit;
1116 789 1208 866 quale
1223 790 1334 869 quidque
1358 838 1359 857 ,

349 873 495 951 videatur,
511 872 695 953 eloquentiae
709 881 858 952 estuans:
880 871 929 933 iric
941 880 1060 949 regnat,
1077 870 1127 932 lric
1142 873 1284 952 inperat,
1297 872 1335 933 iic
1354 868 1359 927 ,³

350 956 525 1019 solavlnclt.
1028 960 1031 967 '
1107 962 1113 981 ¹
1358 980 1359 993 ¹

412 1040 485 1103 Huic
495 1040 571 1120 parti
580 1038 886 1116 subiungitVerginius
895 1057 998 1099 causas
1008 1038 1218 1117 abdicationis,
1233 1028 1332 1101 ἀφ’
1357 1032 1359 1043 '

350 1126 423 1200 tiae,
439 1125 532 1185 malae
544 1125 737 1197 tractationis,
753 1122 887 1182 orbarum
897 1125 1010 1202 nuptias
1019 1122 1216 1183 indicentium.
1234 1122 1333 1185 linet
1358 1159 1359 1163 =

350 1208 414 1268 lere
428 1211 472 1268 sic
486 1208 606 1282 accidit,
622 1208 786 1284 inventique
803 1214 883 1281 sunt,
901 1209 950 1284 qui
964 1206 1017 1266 bas
1029 1208 1165 1267 materias
1174 1208 1333 1287 officim

307 1294 497 1361 devocarent.
535 1290 595 1351 Sed
608 1291 682 1350 alios
698 1306 813 1368 quoque
827 1306 1025 1367 nonnunquam
1040 1290 1123 1367 leges
1134 1290 1192 1351 bae
1203 1293 1334 1371 recipie!

349 1385 451 1437 status.
491 1374 563 1434 Nam
577 1383 607 1433 et
623 1377 789 1434 coniectura
804 1382 850 1433 est
864 1373 1014 1452 aliquando
1029 1377 1058 1433 in
1068 1375 1221 1453 plerisque
1234 1375 1333 1449 horu,

350 1478 414 1520 cum
438 1478 473 1520 se
492 1459 541 1519 vel
561 1475 618 1518 non
638 1458 745 1519 iecisse
761 1457 810 1517 vel
826 1457 902 1518 bona
917 1466 1013 1517 mente
1028 1457 1137 1518 iecisse
1159 1458 1334 1520 eorundum

350 1541 438 1602 Cuius
457 1544 574 1620 generis
592 1542 725 1621 exempla
739 1550 806 1601 sunt
817 1542 914 1602 multa.
957 1541 995 1601 Et
1008 1541 1077 1619 quid
1095 1544 1133 1601 sit
1147 1542 1293 1604 dementia
1308 1558 1335 1601 at

350 1624 423 1686 rnala
435 1628 585 1700 tractatio,
598 1626 700 1686 linitur.
719 1624 790 1684 Nam
802 1627 887 1702 leges
897 1627 966 1685 iuris
977 1625 1146 1704 plerumque
1158 1628 1335 1704 maenam

307 1718 342 1772 26
351 1727 540 1788 praecurrere
552 1710 663 1785 solent,
675 1718 705 1769 et
716 1709 867 1787 exquibus
879 1726 986 1769 causae
996 1725 1054 1768 non
1065 1709 1114 1769 liat
1123 1719 1227 1770 status.
1263 1708 1335 1785 Quod

350 1802 445 1853 tamen
465 1793 545 1854 iacto
566 1794 683 1854 delendi
702 1810 759 1852 non
783 1795 906 1872 poterit,
933 1795 996 1852 iure
1016 1797 1137 1853 nitetur:
1168 1802 1199 1853 et
1224 1803 1294 1873 quot
1312 1799 1335 1851 et

351 1876 454 1954 quibus
475 1880 569 1937 causis
585 1877 718 1938 abdicare
733 1893 790 1936 non
810 1877 914 1952 liceat,
937 1885 968 1936 et
985 1877 1014 1935 in
1031 1894 1105 1955 qnae
1119 1878 1241 1939 crimina
1253 1876 1334 1937 malae

351 1963 528 2022 tractationis
550 1964 626 2022 actio
648 1978 705 2021 non
725 1961 824 2036 detur,
847 1969 877 2020 et
891 1962 938 2020 cui
957 1977 1096 2021 accusare
1111 1959 1276 2022 dementiae
1288 1975 1333 2019 non

309 2050 342 2106 at
350 2047 537 2123 permittatur.
571 2045 791 2106 Abdicationum
806 2045 916 2105 formae
931 2053 997 2103 sunt
1009 2043 1098 2105 duae:
1116 2043 1210 2104 altera
1223 2043 1332 2105 ermini

350 2129 490 2208 perlecti,
510 2139 541 2189 ut
562 2132 587 2189 si
610 2128 759 2190 abdicetur
780 2138 895 2208 raptor,
917 2128 1044 2197 adulter;
1074 2128 1165 2189 altera
1179 2128 1263 2190 velut
1276 2142 1332 2207 pet·

350 2213 443 2274 dentis
465 2223 494 2275 et
510 2214 603 2274 adbuc
617 2215 645 2272 ln
661 2208 831 2274 condicione
844 2213 948 2291 positi,
968 2213 1069 2290 quales
1090 2220 1172 2287 sunt,
1194 2213 1224 2271 iu
1244 2210 1333 2291 quon

350 2297 496 2358 abdicatur
511 2298 603 2373 illius,
622 2299 758 2375 quianon
773 2305 874 2375 pareat
887 2297 972 2374 patri.
1015 2296 1068 2357 llla
1082 2314 1199 2374 semper
1213 2310 1333 2376 aspersu

350 2381 507 2442 abdicantis
522 2383 664 2441 actionem
677 2381 778 2449 babet;
794 2379 966 2440 immutabile
981 2389 1027 2440 est
1041 2382 1131 2456 enim,
1147 2380 1227 2457 quod
1241 2381 1334 2440 lactan

351 2473 412 2532 est;
443 2465 516 2524 baec
542 2484 579 2524 ex
605 2474 687 2544 parte
713 2464 844 2524 blandam
866 2472 896 2523 et
921 2464 1051 2524 suadenti
1076 2463 1214 2532 similem;
1240 2460 1335 2523 mavult

352 2548 425 2606 enim
440 2556 524 2626 pater
539 2551 688 2625 corrigere
704 2566 787 2627 quam
805 2546 953 2616 abdicare;
977 2556 1006 2607 at
1022 2565 1077 2627 pro
1093 2548 1159 2607 liliis
1174 2549 1204 2607 in
1222 2557 1335 2624 utroque

274 2654 281 2669 ·
308 2639 460 2708 idgenere
476 2634 652 2692 summissam
667 2641 696 2691 et
711 2633 746 2691 ad
762 2630 991 2691 satislaciendum
1005 2632 1201 2711 compositam.
1247 2632 1336 2708 Aquo

351 2716 533 2775 dissensuros
556 2717 634 2792 scio,
664 2717 712 2793 qui
733 2716 857 2775 libenter
880 2724 978 2794 patres
1004 2716 1095 2792 ligura
1116 2715 1248 2782 laedunt;
1269 2710 1337 2793 quod

350 2815 408 2858 non
424 2801 513 2859 ausim
528 2799 627 2858 dicere
644 2817 786 2877 nunquam
803 2818 870 2860 esse
890 2799 1066 2875 laciendum,
1087 2808 1186 2878 potest
1200 2801 1276 2858 enirn
1287 2812 1337 2856 ma·

351 2885 423 2943 teria
437 2883 581 2957 incidere,
601 2901 674 2961 quae
685 2883 743 2942 hoc
755 2885 867 2960 exigam
884 2892 965 2943 certe
979 2884 1123 2953 vitandum
1133 2891 1196 2958 est,
1213 2884 1338 2961 quotiens

308 2975 342 3030 29
351 2969 435 3027 aliter
449 2968 496 3044 agi
511 2975 618 3046 potest.
650 2967 708 3028 Sed
724 2967 760 3026 de
776 2968 875 3043 liguris
891 2967 947 3027 alio
962 2966 1036 3027 libro
1051 2965 1246 3027 tractabimus.
1282 2964 1338 3025 Nor

351 3052 503 3112 dissimiles
525 3061 619 3111 autem
641 3051 850 3111 abdicationum
866 3050 1026 3110 actionibus
1046 3060 1111 3110 sunt
1131 3051 1226 3111 malae
1242 3058 1338 3110 tracta

350 3137 435 3195 tionis
452 3137 597 3203 actionem
621 3144 729 3194 namet
749 3137 831 3214 ipsae
845 3134 950 3195 babent
971 3135 1090 3195 eandem
1108 3136 1137 3192 in
1156 3132 1339 3194 accusationi·

351 3217 403 3278 bus
427 3219 662 3280 moderationem.
711 3218 880 3278 Dementiae
903 3218 1144 3296 qnoqne'iudicia
1164 3227 1212 3278 aut
1228 3214 1340 3296 propter

351 3302 394 3378 id,
417 3305 493 3380 quod
513 3304 696 3378 factumest,
723 3311 771 3362 aut
789 3310 911 3381 propter
931 3302 975 3378 id,
1001 3301 1078 3380 quod
1099 3301 1193 3362 adbuc
1217 3302 1281 3362 beri
1299 3296 1341 3358 rel

308 3386 407 3444 bonon
422 3388 485 3445 lieri
505 3396 619 3465 potest,
642 3387 833 3445 instituuntur.
877 3385 914 3445 Et
929 3394 1011 3446 actor
1025 3387 1053 3444 in
1069 3401 1122 3460 eo,
1146 3385 1226 3463 quod
1244 3386 1342 3445 lactum

352 3478 414 3543 est,
433 3469 554 3528 liberum
574 3469 661 3530 habet
680 3471 832 3546 impetum,
857 3472 900 3528 sic
909 3478 1025 3544 tamen,
1045 3477 1076 3528 ut
1096 3468 1203 3528 lactum
1218 3474 1342 3540 accuset,

351 3553 440 3631 ipsius
457 3555 546 3629 patris
560 3562 692 3631 tanquam
705 3551 869 3611 valetudiue
883 3552 957 3630 lapsi
969 3554 1152 3620 miserantum
1170 3553 1200 3611 in
1215 3567 1343 3623 cavero,

351 3637 431 3696 cuius
453 3635 544 3695 libera
566 3638 684 3697 mutatio
708 3644 767 3710 est,
794 3635 841 3695 diu
856 3645 942 3712 roget
959 3644 989 3695 et
1008 3635 1129 3695 suadeat
1146 3645 1176 3696 et
1193 3637 1345 3696 novissime

350 3721 520 3782 dementiam
531 3721 634 3780 rationi
650 3727 786 3798 queratur
801 3718 934 3796 obstare,
951 3735 1009 3795 non
1019 3734 1130 3788 mores;
1152 3737 1227 3798 quos
1244 3727 1345 3800 quanto
