3184 4409
345 440 407 503 234
656 453 1015 514 cinnomannorum

344 610 488 668 versarius
504 608 592 674 dicat:
608 615 701 667 tamen
715 608 794 667 velut
810 608 876 667 huic
892 609 1063 669 simulationi
1079 609 1231 669 oblivionis
1249 612 1330 688 igno·

344 711 432 752 scam.
468 692 562 752 Debet
583 694 656 750 enim
682 691 773 751 honus
790 692 946 754 advocatus
968 710 1020 771 pro
1041 695 1084 752 rei
1106 695 1198 753 salute
1214 694 1332 754 breuem

344 776 539 854 negligentiae
558 775 814 853 reprehensionem
829 787 886 835 non
900 779 1118 854 pertimescere.

302 872 334 924 11
427 860 586 919 Videndum
612 862 711 933 etiam,
733 860 840 921 simul
863 860 946 919 nobis
967 860 1049 938 plura
1065 861 1260 937 aggredienda
1276 862 1331 922 sint

344 962 379 1003 an
394 944 555 1004 amolienda
572 943 731 1020 singula.
768 944 852 1004 Plura
874 944 957 1003 simul
980 945 1152 1019 invadimus,
1173 947 1197 1003 si
1213 954 1260 1003 aut
1275 955 1332 1005 tant

343 1028 451 1087 infirma
466 1036 540 1100 sunt,
556 1037 587 1087 ut
604 1029 712 1105 pariter
728 1027 837 1104 impelli
853 1029 983 1105 possint,
1009 1038 1056 1087 aut
1071 1038 1127 1088 tam
1141 1029 1281 1103 molesta,
1304 1037 1333 1088 ut

342 1112 447 1190 pedem
472 1111 605 1171 conlerre
627 1129 690 1169 cum
706 1112 826 1187 singulis
842 1128 898 1169 non
915 1112 1063 1189 expediat:
1090 1121 1147 1171 tum
1173 1115 1247 1171 enim
1271 1121 1331 1172 toto

344 1213 469 1273 corpore
491 1194 674 1255 obnitendum
694 1204 739 1270 et,
763 1204 793 1254 ut
815 1196 858 1253 sic
882 1194 1018 1271 dixerim,
1046 1196 1154 1254 directa
1171 1196 1267 1254 fronte
1283 1213 1331 1273 pu-

302 1287 334 1339 12
343 1279 484 1356 gnandum
500 1288 553 1338 est.
594 1279 724 1354 Interim,
750 1279 775 1337 si
798 1278 949 1337 resolvere
969 1298 1006 1338 ex
1023 1289 1106 1356 parte
1123 1279 1236 1338 diversa
1258 1280 1331 1339 dicta

343 1363 486 1425 difficilius
504 1364 576 1436 erit,
598 1372 695 1422 nostra
718 1371 883 1438 argumenta
906 1381 968 1422 cum
995 1363 1222 1422 adversariorum
1249 1381 1332 1440 argu·

342 1448 443 1506 mentis
467 1446 667 1521 conferemus,
698 1448 722 1505 si
751 1446 836 1505 modo
857 1447 929 1505 haec
952 1456 982 1505 nt
1002 1447 1160 1508 valentiora
1184 1447 1333 1507 videantur

343 1531 419 1591 eilrci
435 1531 550 1608 poterit.
589 1531 671 1602 Quae
690 1546 761 1588 vero
782 1529 864 1588 turba
879 1530 1032 1605 valebunt,
1057 1531 1215 1591 diducenda
1239 1539 1334 1605 erunt,-

342 1624 382 1689 ut,
399 1613 475 1691 quod
490 1612 576 1691 paulo
592 1618 658 1673 ante
683 1613 755 1672 dixi:
779 1612 877 1674 Heres
896 1617 970 1674 crdo
990 1623 1018 1675 ct
1031 1633 1153 1692 pauper
1173 1622 1202 1674 ct
1219 1630 1335 1693 mayoc

340 1699 472 1776 pecunia
487 1698 696 1775 appellabaris
710 1717 730 1758 a
746 1698 949 1758 creditoribus
964 1706 993 1758 et
1006 1697 1177 1780 offenderas
1192 1706 1221 1759 ct
1233 1704 1333 1759 mutu-
1351 1734 1359 1741 -

302 1790 441 1845 l3turum
462 1783 583 1842 tubulos
606 1783 775 1842 testamenti
793 1782 924 1842 sciebas.
958 1780 1049 1840 Urent
1068 1783 1210 1840 universa.
1250 1778 1333 1841 Atat

342 1865 454 1940 singula
478 1883 610 1942 quaeque
633 1865 819 1939 dissolveris,
843 1867 897 1924 iam
917 1864 965 1925 illa
984 1865 1109 1940 damma,
1132 1882 1206 1942 quae
1229 1880 1333 1940 magna

343 1950 481 2024 congerie
501 1949 694 2024 convaluerat,
712 1947 833 2008 diductis
850 1948 952 2025 quibus
968 1948 1108 2023 alebatur,
1128 1947 1275 2022 concidet,
1291 1955 1332 2022 ni,

342 2034 366 2090 si
383 2031 431 2091 rel
447 2034 566 2091 maxima
582 2032 694 2092 llumina
712 2033 739 2090 in
754 2034 833 2092 rivos
849 2032 1026 2107 diducantur,
1043 2031 1169 2109 qualibet
1184 2032 1334 2091 transitura

342 2116 490 2194 praebent.
518 2115 617 2193 ltaque
638 2117 799 2194 propositio
822 2133 937 2195 qaoque
957 2115 1112 2175 secundum
1132 2115 1205 2175 hanc
1229 2114 1333 2176 utilita-

342 2209 398 2259 tem
415 2199 685 2275 accommodabitur,
703 2209 733 2259 ut
748 2217 822 2259 nunc
839 2199 951 2275 singula
967 2199 1150 2259 ostendamus
1165 2216 1241 2257 nunc
1257 2215 1334 2258 corn·

302 2285 502 2361 14plcctamnr
517 2285 661 2343 universa.
696 2282 767 2342 Nam
784 2284 896 2342 interim
912 2283 988 2360 quod
1003 2283 1132 2362 pluribus
1149 2282 1270 2358 collegit
1284 2280 1334 2343 ad-

341 2370 501 2441 uersarius,
527 2376 571 2425 sat
597 2377 641 2426 est
666 2366 756 2425 semel
783 2384 963 2445 proponere;
991 2376 1038 2442 ut,
1064 2368 1088 2425 si
1110 2366 1212 2425 multas
1231 2382 1335 2425 causas

342 2451 481 2524 iaciendi,
504 2449 606 2526 quibus
627 2452 719 2526 arguit
741 2468 837 2524 reum,
860 2451 937 2509 dicet
965 2459 1117 2510 accusator
1138 2450 1245 2508 luisse:
1268 2466 1334 2524 nos,

335 2551 398 2592 ¹non
414 2535 585 2592 enumeratis
603 2534 732 2610 singulis,
749 2533 840 2592 semel
856 2533 912 2593 hoc
927 2533 1088 2592 intuendum
1104 2551 1254 2609 negemus,
1267 2535 1336 2611 quia

341 2634 415 2692 non,
438 2617 566 2694 quisquis
588 2635 703 2676 causam
725 2616 848 2675 faciendi
870 2617 992 2676 sceleris
1019 2616 1134 2691 habuit,
1162 2625 1191 2675 et
1216 2616 1335 2676 lecerit.

300 2706 334 2760 15
341 2701 464 2779 Saepius
482 2709 575 2758 tamen
590 2701 753 2760 accusatori
770 2717 932 2776 congerere
949 2709 1134 2778 argumenta,
1157 2716 1209 2758 reo
1228 2699 1335 2760 dissol-

340 2800 412 2845 vere
428 2784 573 2861 expediet.

424 2865 457 2928 ld
471 2875 580 2942 autem,
603 2866 680 2945 quod
699 2868 752 2925 erit
769 2866 804 2925 ab
826 2868 992 2927 adversario
1007 2867 1127 2940 dictum,
1151 2867 1335 2943 quomodo

341 2950 459 3012 refutari
476 2950 596 3025 debeat,
621 2950 782 3010 intuendum
799 2960 852 3009 est.
890 2950 961 3009 Nam
986 2952 1010 3009 si
1032 2953 1087 3009 erit
1105 2951 1199 3028 palam
1217 2949 1333 3025 laisum,

341 3053 450 3113 negare
466 3037 534 3094 satis
553 3043 612 3108 est,
629 3044 659 3093 ut
674 3051 726 3111 pro
744 3033 877 3093 Cluentio
894 3032 998 3094 Cicero
1016 3052 1098 3107 eum,
1118 3051 1201 3110 quem
1219 3033 1335 3095 dixerat

315 3168 318 3173 ,
341 3128 494 3179 accusator
505 3127 592 3196 epoto
605 3117 710 3196 poculo
723 3118 895 3192 concidisse,
908 3127 995 3194 negat
1006 3118 1108 3177 eodem
1121 3116 1166 3176 dic
1179 3126 1332 3176 mortuum.

300 3201 434 3266 ldl’alam
450 3204 535 3263 ctiam
550 3202 691 3262 contraria
712 3210 740 3260 et
755 3219 934 3279 supervacua
960 3211 988 3260 ct
1006 3201 1097 3261 ¹stulta
1115 3200 1349 3277 reprehendero¹

341 3285 446 3346 nullius
464 3296 509 3345 est
530 3287 614 3361 artis,
636 3285 762 3363 ideoque
783 3304 839 3344 nec
858 3287 984 3345 rationes
1006 3302 1105 3344 eorum
1125 3302 1180 3343 nec
1198 3284 1334 3363 exempla

341 3369 457 3429 tradere
470 3387 593 3429 necesse
616 3377 669 3429 cst.
705 3368 737 3428 ld
753 3385 884 3446 quoque,
905 3369 1004 3447 (quod
1018 3369 1180 3430 obscurum
1203 3366 1344 3446 vocant)-

342 3452 420 3530 quod
434 3463 549 3512 secreto
566 3462 595 3512 et
610 3454 671 3511 sine
688 3460 764 3511 teste
780 3461 827 3510 aut
843 3462 1010 3528 argumento
1026 3452 1128 3512 dicitur
1143 3451 1268 3526 lactum,
1288 3468 1331 3511 sa·

341 3538 378 3596 tis
393 3545 492 3595 natura
508 3555 559 3595 sua
575 3537 711 3595 inlrrmum
730 3544 789 3602 est;
810 3535 915 3594 sullioit
938 3538 1027 3610 enim,
1052 3535 1128 3612 quod
1147 3535 1331 3595 adversarias

294 3626 399 3689 linon
413 3619 528 3699 probam
547 3622 614 3679 item
630 3621 654 3678 si
670 3619 706 3679 ad
725 3636 838 3679 cansam
854 3636 911 3678 non
925 3621 1059 3698 pertinet.
1089 3616 1142 3676 Est
1154 3627 1248 3676 tamen
1268 3635 1330 3678 ora·

328 3705 408 3767 toris
429 3705 545 3767 interim
568 3703 705 3784 allicere,
732 3710 762 3764 ut
791 3702 858 3783 quid
873 3712 929 3766 aut
948 3701 1122 3765 contrarium
1148 3718 1216 3761 esse
1241 3709 1292 3763 aut
1313 3713 1332 3761 a
