3184 4409
338 425 379 489 88
650 436 687 485 u.
705 434 783 482 nan.
801 432 1022 495 cumanum

327 590 499 653 nominibus
522 599 642 669 prosunt
663 589 715 649 sed
735 588 904 658 ellectibus;
932 597 964 648 nt
987 595 1091 653 statum
1113 589 1336 654 coniecturalem

339 696 375 737 an
390 675 536 736 infitialem
549 692 584 733 an
600 674 667 733 lacti
684 692 719 733 an
730 674 766 733 de
784 672 943 734 substantia
957 673 1150 751 nominemus,
1167 675 1240 735 nibil
1256 678 1335 737 inter·

313 768 404 836 9est,
428 760 494 819 dum
508 759 583 818 idem
603 759 703 835 quaeri
719 759 854 819 sciamus.
899 756 1041 835 Optimum
1058 775 1130 834 ergo
1146 760 1176 818 in
1196 759 1244 819 bis
1259 762 1336 839 sequi

339 846 461 904 maxime
477 851 597 921 recepta
609 850 638 900 et
649 861 709 900 rem
721 843 829 920 ipsam,
846 857 1020 920 quocunque
1032 841 1231 920 appellabitur
1243 845 1334 922 ruodo,

338 928 513 1004 intelligere.
558 925 633 986 lllud
648 934 742 985 tamen
762 925 935 1001 notandum,
954 925 1034 984 coire
1048 926 1219 1004 frequenter
1234 928 1266 988 in
1279 947 1336 989 eas·

339 1013 403 1072 dena
429 1012 586 1071 sententias
609 1019 638 1069 et
654 1003 763 1090 τρόπον
784 1019 814 1069 et
836 1009 965 1086 liguram.
1007 1008 1076 1070 Tam
1094 1010 1172 1069 cmm
1194 1013 1334 1074 translatis

338 1096 436 1156 verbis
456 1113 540 1173 quarn
556 1095 682 1172 propriis
698 1093 836 1170 liguratur
854 1094 956 1153 oratio.

296 1186 330 1235 10
420 1179 473 1238 list
495 1188 588 1238 autem
614 1196 671 1237 uon
690 1178 845 1257 mediocris
869 1178 943 1237 inter
964 1186 1099 1238 auctores
1119 1176 1287 1257 dissensio,
1312 1188 1334 1240 et

338 1281 412 1342 quae
427 1265 471 1323 vis
491 1264 612 1322 nominis
630 1264 691 1322 eius
714 1271 742 1321 et
758 1270 827 1339 quot
843 1279 952 1338 genera
969 1271 998 1321 et
1019 1278 1093 1339 quae
1108 1279 1256 1342 quamque
1271 1265 1333 1325 mul·

337 1357 383 1407 tae
406 1349 462 1406 sint
483 1347 610 1425 species.
656 1344 752 1418 Quare
766 1347 886 1425 primum
906 1346 1071 1406 intuendum
1088 1355 1149 1422 est,
1172 1348 1244 1426 quid
1266 1350 1333 1410 acci·

336 1450 409 1510 pere
425 1431 581 1491 debeamus
603 1430 767 1506 figuram.
811 1428 883 1490 Nam
898 1428 1009 1490 dnobus
1025 1430 1116 1490 modis
1139 1429 1262 1492 dicitur:
1286 1449 1334 1493 uno

338 1516 546 1593 qualiscunque
562 1514 678 1593 forma
693 1515 872 1591 sententiae,
890 1515 965 1574 sicut
978 1515 1007 1572 in
1020 1513 1209 1592 corporibus,
1223 1516 1335 1594 qudtua,

338 1616 454 1677 quoquo
483 1598 567 1657 modo
597 1607 663 1656 sunt
690 1599 866 1676 composita,
892 1599 991 1676 utique
1017 1597 1198 1680 babitusest
1218 1601 1335 1679 aliquis;

296 1683 447 1758 llaltero,
471 1699 528 1759 quo
542 1683 661 1761 proprie
681 1682 827 1742 schema
849 1681 968 1758 dicitur,
991 1683 1120 1741 insensu
1139 1682 1188 1743 vel
1203 1701 1336 1745 sermone

337 1767 433 1843 aliqua
449 1765 593 1842 evulgari
609 1775 638 1826 et
653 1766 776 1844 simplici
792 1768 893 1844 specie
911 1784 975 1826 cum
989 1767 1100 1826 ratione
1111 1769 1250 1844 mutatio,
1268 1770 1337 1829 sicut

337 1867 390 1908 nos
409 1849 560 1926 sedemus,
581 1850 784 1926 incumbimus,
801 1851 981 1928 respicimus.
1025 1849 1125 1928 ltaque
1148 1869 1213 1910 cum
1228 1853 1261 1912 in
1277 1870 1336 1913 eos

336 1933 401 1993 dem
423 1952 508 1993 casus
530 1943 577 1993 aut
598 1943 729 2012 tempora
751 1943 799 1994 aui
821 1951 955 1994 numeros
976 1943 1023 1994 aut
1044 1936 1128 1995 ctiam
1152 1935 1249 2013 pedes
1273 1954 1336 2000 con·

336 2017 417 2077 tinuo
435 2020 498 2096 quis
521 2028 568 2077 aut
590 2027 670 2077 certe
686 2019 801 2077 nimium
820 2019 989 2096 frequenter
1008 2020 1142 2078 incurrit:
1163 2022 1337 2101 praecipere

341 2102 467 2161 solemus
487 2103 637 2162 variandas
658 2102 765 2179 figuras
786 2120 853 2161 esse
873 2103 1005 2163 vitandae
1025 2102 1216 2163 similitudinis
1235 2107 1335 2181 gratia

299 2181 332 2234 12
341 2185 372 2245 ln
395 2204 451 2265 quo
471 2188 509 2246 ita
530 2187 686 2265 loquimur,
706 2196 839 2264 tanquam
857 2188 948 2246 omnis
970 2204 1066 2246 sermo
1082 2184 1188 2247 habeat
1207 2187 1336 2264 liguram,

337 2271 463 2348 itemque
479 2272 587 2332 eodem
600 2271 702 2349 fiqora
717 2272 820 2331 dicitur
835 2272 987 2333 curatore
1004 2288 1058 2349 qua
1073 2271 1228 2346 lectitare,
1250 2273 1281 2332 id
1298 2280 1338 2333 est

338 2355 439 2414 eadem
460 2357 589 2430 ratione,
616 2355 764 2414 declinari.
815 2353 912 2428 Quare
939 2355 991 2415 illo
1016 2354 1164 2415 intellectu
1190 2357 1295 2432 priore
1312 2364 1338 2416 et

338 2440 478 2497 communi
500 2438 569 2498 nihil
592 2456 648 2498 non
673 2438 823 2516 figuratum
845 2448 900 2498 est.
945 2438 1009 2512 Quo
1034 2439 1059 2497 si
1081 2440 1208 2498 contenti
1229 2458 1337 2514 sumus,

337 2540 394 2580 non
422 2523 561 2582 immerito
584 2522 800 2600 Apollodorus,
829 2523 853 2581 si
878 2522 1001 2584 tradenti
1024 2520 1153 2582 Caecilio
1182 2523 1337 2599 oredimus,

295 2605 636 2683 13inoompqehensibilia
658 2609 747 2685 partis
768 2606 851 2666 huius
876 2615 1034 2685 praecepta
1055 2608 1233 2667 existimarit.
1281 2608 1337 2669 Sed

338 2690 361 2746 si
378 2688 491 2747 babitus
508 2691 621 2766 quidam
638 2700 667 2750 et
683 2692 764 2774 quasi
779 2699 881 2768 gestus
899 2692 942 2750 sic
958 2690 1123 2770 appellandi
1139 2700 1219 2751 sunt:
1242 2692 1274 2752 id
1289 2692 1337 2752 de·

337 2790 411 2830 mum
431 2772 488 2833 hoc
509 2772 576 2832 loco
593 2776 686 2852 accipi
706 2774 823 2834 schema
839 2774 1001 2852 oportebit,
1025 2775 1102 2853 quod
1121 2775 1190 2835 sita
1213 2776 1338 2854 simplici

338 2865 424 2933 atque
445 2857 473 2914 in
494 2867 627 2935 promptu
648 2860 744 2936 posito
762 2858 881 2919 dicendi
901 2859 986 2918 modo
1011 2860 1127 2937 poetice
1141 2858 1191 2918 vel
1211 2861 1339 2920 oratorio

337 2949 481 2999 mutatum.
527 2942 576 3000 Sic
596 2943 669 3000 enim
684 2961 784 3002 verum
802 2945 872 3017 erit,
889 2942 973 3003 aliam
989 2961 1056 3003 esse
1073 2943 1232 3002 orationem
1247 2938 1338 3022 doxa

337 3019 496 3101 μάτιστον,
519 3025 547 3084 id
564 3035 609 3084 est
627 3035 772 3087 carentem
791 3026 907 3103 figuris,
923 3027 999 3104 quod
1014 3028 1111 3087 vitium
1126 3044 1183 3086 non
1198 3030 1274 3087 inter
1289 3028 1338 3087 mi·

297 3109 412 3168 linima
430 3118 491 3177 est;
514 3109 597 3169 aliam
614 3108 874 3188 ἐσχηματισμένην,
890 3110 918 3171 id
934 3119 979 3170 est
993 3111 1151 3188 figuratam.
1195 3110 1228 3171 ld
1245 3114 1339 3191 ipsum

338 3201 432 3251 tamen
450 3204 571 3270 anguste
584 3194 681 3254 Zoilus
694 3197 871 3270 terminavit,
884 3196 932 3272 qui
947 3194 975 3255 id
987 3195 1080 3254 solum
1094 3197 1240 3272 putaverit
1253 3197 1338 3256 sche-

337 3293 401 3349 ma,
423 3295 479 3353 quo
504 3278 580 3338 aliud
603 3280 749 3339 simulatur
764 3279 820 3339 dici
835 3296 919 3356 qnam
936 3278 1054 3355 dicitur,
1072 3279 1149 3357 quod
1163 3297 1234 3340 sane
1248 3281 1338 3357 vulgo

339 3375 455 3435 quoque
482 3363 524 3420 sio
553 3364 646 3440 accipi
672 3365 749 3429 soio;
780 3363 857 3422 unde
884 3371 913 3422 et
934 3362 1087 3442 fipcrolcc
1112 3365 1340 3426 controversiae

340 3442 494 3518 quaedam,
510 3445 659 3523 dequibus
676 3446 762 3525 paulo
777 3456 844 3524 post
860 3447 966 3522 dicam,
982 3456 1131 3518 vocantur.
1151 3445 1232 3526 Ergo
1247 3448 1338 3526 ligura

339 3527 376 3583 sit
399 3536 478 3585 arte
501 3529 625 3607 aliqua
643 3540 774 3590 novata
797 3530 910 3589 forma
929 3530 1083 3591 dicendi.

297 3615 330 3669 15
423 3609 517 3668 Genus
534 3615 595 3671 eius
611 3633 694 3673 unum
713 3615 826 3692 quidam
842 3624 1028 3692 putaverunt,
1047 3617 1075 3673 in
1089 3615 1146 3675 boo
1161 3616 1228 3694 ipso
1244 3616 1338 3677 diver·

338 3711 386 3754 sas
403 3696 552 3775 opiniones
569 3699 670 3760 secuti.
704 3698 775 3760 Nam
789 3698 833 3776 bi,
852 3700 917 3776 quia
932 3699 1086 3759 verborum
1100 3702 1219 3762 mutatio
1235 3719 1337 3763 sensus
