<?xml version="1.0" encoding="UTF-8"?>
<!DOCTYPE html PUBLIC "-//W3C//DTD XHTML 1.0 Transitional//EN"
    "http://www.w3.org/TR/xhtml1/DTD/xhtml1-transitional.dtd">
<html xmlns="http://www.w3.org/1999/xhtml" xml:lang="en" lang="en">
 <head>
  <title>
</title>
<meta http-equiv="Content-Type" content="text/html;charset=utf-8" />
  <meta name='ocr-system' content='tesseract 3.04.00' />
  <meta name='ocr-capabilities' content='ocr_page ocr_carea ocr_par ocr_line ocrx_word'/>
</head>
<body>
  <div class='ocr_page' id='page_1' title='image "./mfabiiquintilia02quingoog_0454.png"; bbox 0 0 3184 4409; ppageno 0'>
   <div class='ocr_carea' id='block_1_1' title="bbox 343 459 1016 531">
    <p class='ocr_par' dir='ltr' id='par_1_1' title="bbox 343 459 1016 531">
     <span class='ocr_line' id='line_1_1' title="bbox 343 459 1016 531; baseline -0.004 -10"><span class='ocrx_word' id='word_1_1' title='bbox 343 459 402 522; x_wconf 82' lang='lat'>122</span> <span class='ocrx_word' id='word_1_2' title='bbox 659 470 1016 531; x_wconf 79' lang='lat' dir='ltr'>usas.oomn1n1nn1</span> 
     </span>
    </p>
   </div>
   <div class='ocr_carea' id='block_1_2' title="bbox 298 625 1339 3388">
    <p class='ocr_par' dir='ltr' id='par_1_2' title="bbox 298 625 1339 3388">
     <span class='ocr_line' id='line_1_2' title="bbox 299 625 1339 726; baseline -0.001 -39"><span class='ocrx_word' id='word_1_3' title='bbox 299 638 439 694; x_wconf 75' lang='lat' dir='ltr'>tasonem</span> <span class='ocrx_word' id='word_1_4' title='bbox 460 629 592 704; x_wconf 89' lang='lat' dir='ltr'>accipiat</span> <span class='ocrx_word' id='word_1_5' title='bbox 629 625 671 685; x_wconf 85' lang='lat' dir='ltr'>Et</span> <span class='ocrx_word' id='word_1_6' title='bbox 692 646 743 687; x_wconf 86' lang='lat' dir='ltr'>cur</span> <span class='ocrx_word' id='word_1_7' title='bbox 766 646 812 687; x_wconf 81' lang='lat' dir='ltr'>nne</span> <span class='ocrx_word' id='word_1_8' title='bbox 827 626 979 706; x_wconf 90' lang='lat' dir='ltr'>prohibeat</span> <span class='ocrx_word' id='word_1_9' title='bbox 988 625 1093 726; x_wconf 32' lang='lat' dir='ltr'>&#39;pudor</span> <span class='ocrx_word' id='word_1_10' title='bbox 1112 627 1152 686; x_wconf 93' lang='lat' dir='ltr'>uti</span> <span class='ocrx_word' id='word_1_11' title='bbox 1176 626 1339 688; x_wconf 87' lang='lat' dir='ltr'>domestico</span> 
     </span>
     <span class='ocr_line' id='line_1_3' title="bbox 342 708 1339 790; baseline -0.001 -19"><span class='ocrx_word' id='word_1_12' title='bbox 342 708 498 790; x_wconf 80' lang='lat' dir='ltr'>exemplo?</span> <span class='ocrx_word' id='word_1_13' title='bbox 532 711 617 769; x_wconf 91' lang='lat' dir='ltr'>Pater</span> <span class='ocrx_word' id='word_1_14' title='bbox 635 729 716 769; x_wconf 86' lang='lat' dir='ltr'>meus</span> <span class='ocrx_word' id='word_1_15' title='bbox 735 721 834 770; x_wconf 91' lang='lat' dir='ltr'>contra</span> <span class='ocrx_word' id='word_1_16' title='bbox 851 729 931 785; x_wconf 90' lang='lat' dir='ltr'>eum,</span> <span class='ocrx_word' id='word_1_17' title='bbox 947 712 995 787; x_wconf 93' lang='lat' dir='ltr'>qui</span> <span class='ocrx_word' id='word_1_18' title='bbox 1011 729 1043 769; x_wconf 90' lang='lat' dir='ltr'>se</span> <span class='ocrx_word' id='word_1_19' title='bbox 1060 710 1224 786; x_wconf 81' lang='lat' dir='ltr'>legationi</span> <span class='ocrx_word' id='word_1_20' title='bbox 1215 714 1339 773; x_wconf 82' lang='lat' dir='ltr'>immori·</span> 
     </span>
     <span class='ocr_line' id='line_1_4' title="bbox 340 793 1339 894; baseline -0.001 -38"><span class='ocrx_word' id='word_1_21' title='bbox 340 805 433 856; x_wconf 92' lang='lat' dir='ltr'>turum</span> <span class='ocrx_word' id='word_1_22' title='bbox 448 796 575 869; x_wconf 83' lang='lat' dir='ltr'>dixerat,</span> <span class='ocrx_word' id='word_1_23' title='bbox 598 794 701 855; x_wconf 88' lang='lat' dir='ltr'>deinde</span> <span class='ocrx_word' id='word_1_24' title='bbox 717 796 765 854; x_wconf 87' lang='lat' dir='ltr'>vix</span> <span class='ocrx_word' id='word_1_25' title='bbox 774 797 887 893; x_wconf 80' lang='lat' dir='ltr'>paucis</span> <span class='ocrx_word' id='word_1_26' title='bbox 898 793 1000 853; x_wconf 88' lang='lat' dir='ltr'>diebus</span> <span class='ocrx_word' id='word_1_27' title='bbox 1017 796 1177 894; x_wconf 86' lang='lat' dir='ltr'>insumptis</span> <span class='ocrx_word' id='word_1_28' title='bbox 1183 812 1217 854; x_wconf 91' lang='lat' dir='ltr'>re</span> <span class='ocrx_word' id='word_1_29' title='bbox 1234 795 1339 855; x_wconf 80' lang='lat' dir='ltr'>infecta</span> 
     </span>
     <span class='ocr_line' id='line_1_5' title="bbox 339 876 1338 958; baseline 0.001 -20"><span class='ocrx_word' id='word_1_30' title='bbox 339 880 481 955; x_wconf 80' lang='lat' dir='ltr'>redierat,</span> <span class='ocrx_word' id='word_1_31' title='bbox 502 876 570 939; x_wconf 82' lang='lat' dir='ltr'>Noc</span> <span class='ocrx_word' id='word_1_32' title='bbox 590 879 693 958; x_wconf 77' lang='lat' dir='ltr'>eciqo,</span> <span class='ocrx_word' id='word_1_33' title='bbox 715 885 749 939; x_wconf 86' lang='lat' dir='ltr'>ut</span> <span class='ocrx_word' id='word_1_34' title='bbox 768 880 953 940; x_wconf 64' lang='lat' dir='ltr'>immemores</span> <span class='ocrx_word' id='word_1_35' title='bbox 976 879 1135 957; x_wconf 56' lang='lat' dir='ltr'>thctiom,</span> <span class='ocrx_word' id='word_1_36' title='bbox 1164 881 1338 941; x_wconf 79' lang='lat' dir='ltr'>immorare.</span> 
     </span>
     <span class='ocr_line' id='line_1_6' title="bbox 340 961 1338 1039; baseline -0.001 -16"><span class='ocrx_word' id='word_1_37' title='bbox 340 962 412 1023; x_wconf 88' lang='lat' dir='ltr'>Nam</span> <span class='ocrx_word' id='word_1_38' title='bbox 431 972 461 1023; x_wconf 93' lang='lat' dir='ltr'>et</span> <span class='ocrx_word' id='word_1_39' title='bbox 479 961 558 1021; x_wconf 86' lang='lat' dir='ltr'>valet</span> <span class='ocrx_word' id='word_1_40' title='bbox 579 979 681 1021; x_wconf 90' lang='lat' dir='ltr'>sensus</span> <span class='ocrx_word' id='word_1_41' title='bbox 705 963 769 1039; x_wconf 94' lang='lat' dir='ltr'>ipse</span> <span class='ocrx_word' id='word_1_42' title='bbox 787 972 817 1021; x_wconf 86' lang='lat' dir='ltr'>et</span> <span class='ocrx_word' id='word_1_43' title='bbox 831 964 860 1022; x_wconf 91' lang='lat' dir='ltr'>in</span> <span class='ocrx_word' id='word_1_44' title='bbox 873 961 971 1020; x_wconf 86' lang='lat' dir='ltr'>verbis</span> <span class='ocrx_word' id='word_1_45' title='bbox 984 971 1090 1021; x_wconf 89' lang='lat' dir='ltr'>tantum</span> <span class='ocrx_word' id='word_1_46' title='bbox 1105 962 1284 1022; x_wconf 87' lang='lat' dir='ltr'>distantibus</span> <span class='ocrx_word' id='word_1_47' title='bbox 1303 965 1338 1022; x_wconf 92' lang='lat' dir='ltr'>iu·</span> 
     </span>
     <span class='ocr_line' id='line_1_7' title="bbox 341 1045 1337 1124; baseline 0 -17"><span class='ocrx_word' id='word_1_48' title='bbox 341 1047 433 1107; x_wconf 84' lang='lat' dir='ltr'>eunde</span> <span class='ocrx_word' id='word_1_49' title='bbox 450 1054 589 1106; x_wconf 87' lang='lat' dir='ltr'>consonat</span> <span class='ocrx_word' id='word_1_50' title='bbox 605 1062 674 1121; x_wconf 88' lang='lat' dir='ltr'>vox,</span> <span class='ocrx_word' id='word_1_51' title='bbox 690 1047 861 1124; x_wconf 87' lang='lat' dir='ltr'>praesertim</span> <span class='ocrx_word' id='word_1_52' title='bbox 875 1062 932 1104; x_wconf 92' lang='lat' dir='ltr'>non</span> <span class='ocrx_word' id='word_1_53' title='bbox 948 1054 1062 1123; x_wconf 87' lang='lat' dir='ltr'>captata</span> <span class='ocrx_word' id='word_1_54' title='bbox 1071 1045 1123 1105; x_wconf 93' lang='lat' dir='ltr'>sed</span> <span class='ocrx_word' id='word_1_55' title='bbox 1135 1046 1219 1105; x_wconf 87' lang='lat' dir='ltr'>velut</span> <span class='ocrx_word' id='word_1_56' title='bbox 1231 1046 1337 1120; x_wconf 84' lang='lat' dir='ltr'>oblata,</span> 
     </span>
     <span class='ocr_line' id='line_1_8' title="bbox 341 1128 1337 1210; baseline 0 -20"><span class='ocrx_word' id='word_1_57' title='bbox 341 1149 404 1191; x_wconf 90' lang='lat' dir='ltr'>cum</span> <span class='ocrx_word' id='word_1_58' title='bbox 428 1130 519 1190; x_wconf 88' lang='lat' dir='ltr'>altero</span> <span class='ocrx_word' id='word_1_59' title='bbox 543 1146 595 1187; x_wconf 92' lang='lat' dir='ltr'>suo</span> <span class='ocrx_word' id='word_1_60' title='bbox 617 1130 654 1188; x_wconf 90' lang='lat' dir='ltr'>sit</span> <span class='ocrx_word' id='word_1_61' title='bbox 674 1147 742 1188; x_wconf 90' lang='lat' dir='ltr'>usus</span> <span class='ocrx_word' id='word_1_62' title='bbox 768 1129 891 1189; x_wconf 89' lang='lat' dir='ltr'>alterum</span> <span class='ocrx_word' id='word_1_63' title='bbox 917 1128 953 1188; x_wconf 89' lang='lat' dir='ltr'>ab</span> <span class='ocrx_word' id='word_1_64' title='bbox 980 1129 1147 1189; x_wconf 90' lang='lat' dir='ltr'>adversario</span> <span class='ocrx_word' id='word_1_65' title='bbox 1177 1133 1337 1210; x_wconf 82' lang='lat' dir='ltr'>acceperit</span> 
     </span>
     <span class='ocr_line' id='line_1_9' title="bbox 299 1212 1338 1292; baseline -0.002 -18"><span class='ocrx_word' id='word_1_66' title='bbox 299 1213 461 1291; x_wconf 72' lang='lat' dir='ltr'>tallagnae</span> <span class='ocrx_word' id='word_1_67' title='bbox 477 1212 625 1272; x_wconf 87' lang='lat' dir='ltr'>veteribus</span> <span class='ocrx_word' id='word_1_68' title='bbox 642 1229 728 1273; x_wconf 92' lang='lat' dir='ltr'>curae</span> <span class='ocrx_word' id='word_1_69' title='bbox 744 1212 815 1288; x_wconf 87' lang='lat' dir='ltr'>luit,</span> <span class='ocrx_word' id='word_1_70' title='bbox 836 1213 957 1290; x_wconf 84' lang='lat' dir='ltr'>gratiam</span> <span class='ocrx_word' id='word_1_71' title='bbox 981 1212 1094 1272; x_wconf 91' lang='lat' dir='ltr'>dicendi</span> <span class='ocrx_word' id='word_1_72' title='bbox 1117 1221 1146 1272; x_wconf 87' lang='lat' dir='ltr'>et</span> <span class='ocrx_word' id='word_1_73' title='bbox 1169 1214 1295 1292; x_wconf 88' lang='lat' dir='ltr'>paribus</span> <span class='ocrx_word' id='word_1_74' title='bbox 1314 1223 1338 1274; x_wconf 86' lang='lat' dir='ltr'>et</span> 
     </span>
     <span class='ocr_line' id='line_1_10' title="bbox 341 1295 1337 1376; baseline 0.002 -19"><span class='ocrx_word' id='word_1_75' title='bbox 341 1299 490 1358; x_wconf 88' lang='lat' dir='ltr'>contrariis</span> <span class='ocrx_word' id='word_1_76' title='bbox 508 1298 669 1376; x_wconf 82' lang='lat' dir='ltr'>acquirere.</span> <span class='ocrx_word' id='word_1_77' title='bbox 707 1295 829 1374; x_wconf 84' lang='lat' dir='ltr'>Gorgias</span> <span class='ocrx_word' id='word_1_78' title='bbox 849 1299 878 1355; x_wconf 91' lang='lat' dir='ltr'>in</span> <span class='ocrx_word' id='word_1_79' title='bbox 901 1296 958 1357; x_wconf 88' lang='lat' dir='ltr'>hoe</span> <span class='ocrx_word' id='word_1_80' title='bbox 979 1297 1162 1372; x_wconf 91' lang='lat' dir='ltr'>immodicus,</span> <span class='ocrx_word' id='word_1_81' title='bbox 1187 1300 1337 1376; x_wconf 85' lang='lat' dir='ltr'>copiosus,</span> 
     </span>
     <span class='ocr_line' id='line_1_11' title="bbox 340 1378 1338 1459; baseline 0.001 -18"><span class='ocrx_word' id='word_1_82' title='bbox 340 1390 435 1442; x_wconf 88' lang='lat' dir='ltr'>aetate</span> <span class='ocrx_word' id='word_1_83' title='bbox 450 1383 548 1458; x_wconf 88' lang='lat' dir='ltr'>utique</span> <span class='ocrx_word' id='word_1_84' title='bbox 567 1381 667 1459; x_wconf 88' lang='lat' dir='ltr'>prima,</span> <span class='ocrx_word' id='word_1_85' title='bbox 685 1379 832 1440; x_wconf 85' lang='lat' dir='ltr'>leocrates</span> <span class='ocrx_word' id='word_1_86' title='bbox 847 1380 908 1440; x_wconf 86' lang='lat' dir='ltr'>luit.</span> <span class='ocrx_word' id='word_1_87' title='bbox 943 1380 1113 1440; x_wconf 86' lang='lat' dir='ltr'>Delectatus</span> <span class='ocrx_word' id='word_1_88' title='bbox 1126 1388 1172 1440; x_wconf 89' lang='lat' dir='ltr'>est</span> <span class='ocrx_word' id='word_1_89' title='bbox 1191 1378 1239 1441; x_wconf 90' lang='lat' dir='ltr'>his</span> <span class='ocrx_word' id='word_1_90' title='bbox 1257 1384 1338 1442; x_wconf 88' lang='lat' dir='ltr'>etian</span> 
     </span>
     <span class='ocr_line' id='line_1_12' title="bbox 339 1462 1338 1545; baseline -0.001 -20"><span class='ocrx_word' id='word_1_91' title='bbox 339 1464 377 1525; x_wconf 84' lang='lat' dir='ltr'>ll.</span> <span class='ocrx_word' id='word_1_92' title='bbox 394 1463 514 1540; x_wconf 82' lang='lat' dir='ltr'>Tullius,</span> <span class='ocrx_word' id='word_1_93' title='bbox 532 1482 632 1523; x_wconf 87' lang='lat' dir='ltr'>verum</span> <span class='ocrx_word' id='word_1_94' title='bbox 647 1473 676 1523; x_wconf 93' lang='lat' dir='ltr'>et</span> <span class='ocrx_word' id='word_1_95' title='bbox 691 1465 804 1524; x_wconf 92' lang='lat' dir='ltr'>modurn</span> <span class='ocrx_word' id='word_1_96' title='bbox 815 1462 942 1523; x_wconf 80' lang='lat' dir='ltr'>adhibuit</span> <span class='ocrx_word' id='word_1_97' title='bbox 953 1480 1010 1524; x_wconf 89' lang='lat' dir='ltr'>uon</span> <span class='ocrx_word' id='word_1_98' title='bbox 1020 1465 1162 1540; x_wconf 85' lang='lat' dir='ltr'>ingratae,</span> <span class='ocrx_word' id='word_1_99' title='bbox 1180 1465 1238 1524; x_wconf 91' lang='lat' dir='ltr'>nisi</span> <span class='ocrx_word' id='word_1_100' title='bbox 1255 1467 1338 1545; x_wconf 85' lang='lat' dir='ltr'>copia</span> 
     </span>
     <span class='ocr_line' id='line_1_13' title="bbox 339 1546 1337 1630; baseline 0.001 -21"><span class='ocrx_word' id='word_1_101' title='bbox 339 1549 495 1623; x_wconf 84' lang='lat' dir='ltr'>redundet,</span> <span class='ocrx_word' id='word_1_102' title='bbox 517 1546 658 1625; x_wconf 85' lang='lat' dir='ltr'>voluptati</span> <span class='ocrx_word' id='word_1_103' title='bbox 682 1555 712 1607; x_wconf 88' lang='lat' dir='ltr'>et</span> <span class='ocrx_word' id='word_1_104' title='bbox 731 1566 792 1607; x_wconf 90' lang='lat' dir='ltr'>rem</span> <span class='ocrx_word' id='word_1_105' title='bbox 811 1548 920 1626; x_wconf 85' lang='lat' dir='ltr'>alioqui</span> <span class='ocrx_word' id='word_1_106' title='bbox 935 1547 1030 1606; x_wconf 84' lang='lat' dir='ltr'>levem</span> <span class='ocrx_word' id='word_1_107' title='bbox 1046 1548 1255 1608; x_wconf 89' lang='lat' dir='ltr'>sententiarum</span> <span class='ocrx_word' id='word_1_108' title='bbox 1269 1567 1337 1630; x_wconf 91' lang='lat' dir='ltr'>pon·</span> 
     </span>
     <span class='ocr_line' id='line_1_14' title="bbox 306 1630 1338 1711; baseline 0 -19"><span class='ocrx_word' id='word_1_109' title='bbox 306 1701 311 1711; x_wconf 21' lang='grc' dir='ltr'>ἱ</span> <span class='ocrx_word' id='word_1_110' title='bbox 340 1633 410 1693; x_wconf 91' lang='lat' dir='ltr'>dere</span> <span class='ocrx_word' id='word_1_111' title='bbox 427 1633 566 1711; x_wconf 91' lang='lat' dir='ltr'>implevit.</span> <span class='ocrx_word' id='word_1_112' title='bbox 607 1630 679 1690; x_wconf 88' lang='lat' dir='ltr'>Nam</span> <span class='ocrx_word' id='word_1_113' title='bbox 693 1649 747 1710; x_wconf 90' lang='lat' dir='ltr'>per</span> <span class='ocrx_word' id='word_1_114' title='bbox 765 1649 798 1690; x_wconf 92' lang='lat' dir='ltr'>se</span> <span class='ocrx_word' id='word_1_115' title='bbox 815 1631 920 1708; x_wconf 81' lang='lat' dir='ltr'>frigida</span> <span class='ocrx_word' id='word_1_116' title='bbox 935 1640 965 1691; x_wconf 89' lang='lat' dir='ltr'>et</span> <span class='ocrx_word' id='word_1_117' title='bbox 981 1632 1071 1690; x_wconf 91' lang='lat' dir='ltr'>inanis</span> <span class='ocrx_word' id='word_1_118' title='bbox 1086 1631 1256 1709; x_wconf 80' lang='lat' dir='ltr'>affectatio,</span> <span class='ocrx_word' id='word_1_119' title='bbox 1278 1651 1338 1694; x_wconf 89' lang='lat' dir='ltr'>com</span> 
     </span>
     <span class='ocr_line' id='line_1_15' title="bbox 340 1714 1336 1792; baseline -0.001 -17"><span class='ocrx_word' id='word_1_120' title='bbox 340 1718 367 1776; x_wconf 92' lang='lat' dir='ltr'>in</span> <span class='ocrx_word' id='word_1_121' title='bbox 384 1733 467 1776; x_wconf 90' lang='lat' dir='ltr'>acres</span> <span class='ocrx_word' id='word_1_122' title='bbox 485 1715 583 1774; x_wconf 88' lang='lat' dir='ltr'>incidit</span> <span class='ocrx_word' id='word_1_123' title='bbox 603 1733 724 1792; x_wconf 92' lang='lat' dir='ltr'>sensus,</span> <span class='ocrx_word' id='word_1_124' title='bbox 748 1716 842 1775; x_wconf 86' lang='lat' dir='ltr'>innata</span> <span class='ocrx_word' id='word_1_125' title='bbox 863 1716 977 1775; x_wconf 89' lang='lat' dir='ltr'>videtur</span> <span class='ocrx_word' id='word_1_126' title='bbox 989 1714 1099 1775; x_wconf 88' lang='lat' dir='ltr'>hahere</span> <span class='ocrx_word' id='word_1_127' title='bbox 1113 1732 1171 1774; x_wconf 90' lang='lat' dir='ltr'>non</span> <span class='ocrx_word' id='word_1_128' title='bbox 1184 1719 1336 1777; x_wconf 87' lang='lat' dir='ltr'>arcessita.</span> 
     </span>
     <span class='ocr_line' id='line_1_16' title="bbox 298 1798 1335 1878; baseline -0.002 -15"><span class='ocrx_word' id='word_1_129' title='bbox 298 1807 332 1863; x_wconf 74' lang='lat'>75</span> <span class='ocrx_word' id='word_1_130' title='bbox 394 1811 396 1815; x_wconf 83' lang='lat'>&#39;</span> <span class='ocrx_word' id='word_1_131' title='bbox 424 1799 603 1860; x_wconf 83' lang='lat' dir='ltr'>similium</span> <span class='ocrx_word' id='word_1_132' title='bbox 617 1798 681 1858; x_wconf 85' lang='lat' dir='ltr'>lere</span> <span class='ocrx_word' id='word_1_133' title='bbox 696 1799 878 1878; x_wconf 83' lang='lat' dir='ltr'>quadruplex</span> <span class='ocrx_word' id='word_1_134' title='bbox 892 1799 965 1859; x_wconf 91' lang='lat' dir='ltr'>ratio</span> <span class='ocrx_word' id='word_1_135' title='bbox 981 1807 1036 1858; x_wconf 89' lang='lat' dir='ltr'>est.</span> <span class='ocrx_word' id='word_1_136' title='bbox 1058 1798 1129 1859; x_wconf 87' lang='lat' dir='ltr'>Nam</span> <span class='ocrx_word' id='word_1_137' title='bbox 1145 1807 1191 1858; x_wconf 91' lang='lat' dir='ltr'>est</span> <span class='ocrx_word' id='word_1_138' title='bbox 1202 1803 1335 1878; x_wconf 82' lang='lat' dir='ltr'>primurn,</span> 
     </span>
     <span class='ocr_line' id='line_1_17' title="bbox 340 1882 1337 1963; baseline 0 -19"><span class='ocrx_word' id='word_1_139' title='bbox 340 1885 473 1963; x_wconf 90' lang='lat' dir='ltr'>quotiens</span> <span class='ocrx_word' id='word_1_140' title='bbox 487 1882 606 1943; x_wconf 87' lang='lat' dir='ltr'>verbum</span> <span class='ocrx_word' id='word_1_141' title='bbox 623 1882 713 1943; x_wconf 89' lang='lat' dir='ltr'>verbo</span> <span class='ocrx_word' id='word_1_142' title='bbox 733 1892 781 1942; x_wconf 90' lang='lat' dir='ltr'>aut</span> <span class='ocrx_word' id='word_1_143' title='bbox 801 1900 859 1944; x_wconf 89' lang='lat' dir='ltr'>non</span> <span class='ocrx_word' id='word_1_144' title='bbox 876 1883 1015 1943; x_wconf 88' lang='lat' dir='ltr'>dissimile</span> <span class='ocrx_word' id='word_1_145' title='bbox 1028 1882 1114 1943; x_wconf 86' lang='lat' dir='ltr'>valde</span> <span class='ocrx_word' id='word_1_146' title='bbox 1129 1885 1294 1961; x_wconf 87' lang='lat' dir='ltr'>quaeritur:</span> <span class='ocrx_word' id='word_1_147' title='bbox 1309 1892 1337 1944; x_wconf 84' lang='lat' dir='ltr'>ut</span> 
     </span>
     <span class='ocr_line' id='line_1_18' title="bbox 516 1965 1163 2046; baseline 0.002 -20"><span class='ocrx_word' id='word_1_148' title='bbox 516 2001 559 2013; x_wconf 90' lang='lat'><em>-</em></span> <span class='ocrx_word' id='word_1_149' title='bbox 571 1965 753 2046; x_wconf 82' lang='lat' dir='ltr'>Pappesquc</span> <span class='ocrx_word' id='word_1_150' title='bbox 767 1975 839 2029; x_wconf 78' lang='lat' dir='ltr'>icae</span> <span class='ocrx_word' id='word_1_151' title='bbox 852 1968 1008 2046; x_wconf 78' lang='lat' dir='ltr'>pubesque</span> <span class='ocrx_word' id='word_1_152' title='bbox 1020 1974 1163 2035; x_wconf 65' lang='lat' dir='ltr'>tuorum</span> 
     </span>
     <span class='ocr_line' id='line_1_19' title="bbox 338 2049 1335 2131; baseline 0.002 -20"><span class='ocrx_word' id='word_1_153' title='bbox 338 2061 369 2112; x_wconf 88' lang='lat' dir='ltr'>et</span> <span class='ocrx_word' id='word_1_154' title='bbox 391 2049 446 2113; x_wconf 77' lang='lat' dir='ltr'>Sic</span> <span class='ocrx_word' id='word_1_155' title='bbox 465 2054 497 2112; x_wconf 80' lang='lat' dir='ltr'>ia</span> <span class='ocrx_word' id='word_1_156' title='bbox 517 2052 576 2113; x_wconf 85' lang='lat' dir='ltr'>doc</span> <span class='ocrx_word' id='word_1_157' title='bbox 596 2053 774 2113; x_wconf 82' lang='lat' dir='ltr'>calamitoso</span> <span class='ocrx_word' id='word_1_158' title='bbox 792 2052 879 2131; x_wconf 72' lang='lat' dir='ltr'>famo</span> <span class='ocrx_word' id='word_1_159' title='bbox 900 2053 990 2129; x_wconf 77' lang='lat' dir='ltr'>quasi</span> <span class='ocrx_word' id='word_1_160' title='bbox 1006 2052 1040 2111; x_wconf 79' lang='lat' dir='ltr'>ia</span> <span class='ocrx_word' id='word_1_161' title='bbox 1057 2051 1162 2130; x_wconf 80' lang='lat' dir='ltr'>aliquo</span> <span class='ocrx_word' id='word_1_162' title='bbox 1181 2053 1335 2129; x_wconf 79' lang='lat' dir='ltr'>pernicio·</span> 
     </span>
     <span class='ocr_line' id='line_1_20' title="bbox 339 2133 1336 2215; baseline -0.003 -17"><span class='ocrx_word' id='word_1_163' title='bbox 339 2138 460 2198; x_wconf 70' lang='lat' dir='ltr'>memma</span> <span class='ocrx_word' id='word_1_164' title='bbox 479 2133 619 2215; x_wconf 76' lang='lat' dir='ltr'>flammo,</span> <span class='ocrx_word' id='word_1_165' title='bbox 642 2145 670 2195; x_wconf 90' lang='lat' dir='ltr'>et</span> <span class='ocrx_word' id='word_1_166' title='bbox 694 2133 761 2197; x_wconf 83' lang='lat' dir='ltr'>Noa</span> <span class='ocrx_word' id='word_1_167' title='bbox 782 2138 862 2197; x_wconf 81' lang='lat' dir='ltr'>enim</span> <span class='ocrx_word' id='word_1_168' title='bbox 883 2143 946 2195; x_wconf 88' lang='lat' dir='ltr'>tom</span> <span class='ocrx_word' id='word_1_169' title='bbox 968 2152 1040 2212; x_wconf 82' lang='lat' dir='ltr'>opos</span> <span class='ocrx_word' id='word_1_170' title='bbox 1063 2135 1227 2196; x_wconf 81' lang='lat' dir='ltr'>laudando</span> <span class='ocrx_word' id='word_1_171' title='bbox 1248 2152 1336 2214; x_wconf 82' lang='lat' dir='ltr'>quom</span> 
     </span>
     <span class='ocr_line' id='line_1_21' title="bbox 339 2217 1335 2299; baseline 0 -19"><span class='ocrx_word' id='word_1_172' title='bbox 339 2240 391 2282; x_wconf 79' lang='lat' dir='ltr'>res</span> <span class='ocrx_word' id='word_1_173' title='bbox 405 2227 466 2296; x_wconf 83' lang='lat' dir='ltr'>est,</span> <span class='ocrx_word' id='word_1_174' title='bbox 489 2229 537 2279; x_wconf 91' lang='lat' dir='ltr'>aut</span> <span class='ocrx_word' id='word_1_175' title='bbox 560 2228 640 2279; x_wconf 88' lang='lat' dir='ltr'>certe</span> <span class='ocrx_word' id='word_1_176' title='bbox 656 2238 709 2299; x_wconf 91' lang='lat' dir='ltr'>par</span> <span class='ocrx_word' id='word_1_177' title='bbox 730 2229 759 2278; x_wconf 90' lang='lat' dir='ltr'>et</span> <span class='ocrx_word' id='word_1_178' title='bbox 775 2221 910 2279; x_wconf 88' lang='lat' dir='ltr'>extremis</span> <span class='ocrx_word' id='word_1_179' title='bbox 928 2217 1048 2294; x_wconf 78' lang='lat' dir='ltr'>syllabis</span> <span class='ocrx_word' id='word_1_180' title='bbox 1073 2235 1256 2278; x_wconf 88' lang='lat' dir='ltr'>consonans:</span> <span class='ocrx_word' id='word_1_181' title='bbox 1272 2217 1335 2280; x_wconf 83' lang='lat' dir='ltr'>Non</span> 
     </span>
     <span class='ocr_line' id='line_1_22' title="bbox 298 2265 1335 2381; baseline -0.008 -13"><span class='ocrx_word' id='word_1_182' title='bbox 298 2306 440 2369; x_wconf 71' lang='lat' dir='ltr'>recocta</span> <span class='ocrx_word' id='word_1_183' title='bbox 457 2265 514 2367; x_wconf 72' lang='lat' dir='ltr'>⁷ced</span> <span class='ocrx_word' id='word_1_184' title='bbox 533 2305 639 2365; x_wconf 79' lang='lat' dir='ltr'>armis</span> <span class='ocrx_word' id='word_1_185' title='bbox 680 2302 718 2362; x_wconf 85' lang='lat' dir='ltr'>Et</span> <span class='ocrx_word' id='word_1_186' title='bbox 737 2303 793 2364; x_wconf 90' lang='lat' dir='ltr'>hoc</span> <span class='ocrx_word' id='word_1_187' title='bbox 817 2321 949 2381; x_wconf 92' lang='lat' dir='ltr'>quoque,</span> <span class='ocrx_word' id='word_1_188' title='bbox 971 2303 1104 2381; x_wconf 88' lang='lat' dir='ltr'>quotiens</span> <span class='ocrx_word' id='word_1_189' title='bbox 1124 2303 1153 2361; x_wconf 93' lang='lat' dir='ltr'>in</span> <span class='ocrx_word' id='word_1_190' title='bbox 1177 2304 1335 2363; x_wconf 90' lang='lat' dir='ltr'>sententias</span> 
     </span>
     <span class='ocr_line' id='line_1_23' title="bbox 340 2384 1336 2487; baseline -0.001 -39"><span class='ocrx_word' id='word_1_191' title='bbox 340 2406 423 2449; x_wconf 88' lang='lat' dir='ltr'>acres</span> <span class='ocrx_word' id='word_1_192' title='bbox 438 2389 552 2464; x_wconf 87' lang='lat' dir='ltr'>incidit,</span> <span class='ocrx_word' id='word_1_193' title='bbox 576 2387 725 2467; x_wconf 87' lang='lat' dir='ltr'>pulchrum</span> <span class='ocrx_word' id='word_1_194' title='bbox 741 2397 800 2447; x_wconf 92' lang='lat' dir='ltr'>est.</span> <span class='ocrx_word' id='word_1_195' title='bbox 826 2384 976 2487; x_wconf 70' lang='lat' dir='ltr'>(locatam</span> <span class='ocrx_word' id='word_1_196' title='bbox 989 2389 1098 2465; x_wconf 80' lang='lat' dir='ltr'>possis,</span> <span class='ocrx_word' id='word_1_197' title='bbox 1118 2388 1151 2448; x_wconf 81' lang='lat' dir='ltr'>ia</span> <span class='ocrx_word' id='word_1_198' title='bbox 1166 2405 1201 2449; x_wconf 89' lang='lat' dir='ltr'>eo</span> <span class='ocrx_word' id='word_1_199' title='bbox 1215 2404 1336 2465; x_wconf 77' lang='lat' dir='ltr'>semper</span> 
     </span>
     <span class='ocr_line' id='line_1_24' title="bbox 340 2465 1333 2569; baseline -0.007 -34"><span class='ocrx_word' id='word_1_200' title='bbox 340 2475 499 2550; x_wconf 71' lang='lat' dir='ltr'>experire,</span> <span class='ocrx_word' id='word_1_201' title='bbox 515 2480 548 2532; x_wconf 83' lang='lat' dir='ltr'>at</span> <span class='ocrx_word' id='word_1_202' title='bbox 562 2473 672 2569; x_wconf 76' lang='lat' dir='ltr'>prosis.</span> <span class='ocrx_word' id='word_1_203' title='bbox 701 2470 765 2530; x_wconf 91' lang='lat' dir='ltr'>lloc</span> <span class='ocrx_word' id='word_1_204' title='bbox 780 2479 826 2532; x_wconf 91' lang='lat' dir='ltr'>est</span> <span class='ocrx_word' id='word_1_205' title='bbox 841 2465 987 2550; x_wconf 76' lang='grc' dir='ltr'>πάρισον,</span> <span class='ocrx_word' id='word_1_206' title='bbox 1004 2478 1035 2529; x_wconf 90' lang='lat' dir='ltr'>ut</span> <span class='ocrx_word' id='word_1_207' title='bbox 1049 2469 1199 2548; x_wconf 86' lang='lat' dir='ltr'>plerisque</span> <span class='ocrx_word' id='word_1_208' title='bbox 1214 2471 1333 2548; x_wconf 84' lang='lat' dir='ltr'>placuit</span> 
     </span>
     <span class='ocr_line' id='line_1_25' title="bbox 340 2548 1335 2635; baseline -0.004 -19"><span class='ocrx_word' id='word_1_209' title='bbox 340 2555 525 2616; x_wconf 82' lang='lat' dir='ltr'>Cleosteleus</span> <span class='ocrx_word' id='word_1_210' title='bbox 538 2548 665 2635; x_wconf 77' lang='grc' dir='ltr'>πάρισον</span> <span class='ocrx_word' id='word_1_211' title='bbox 680 2556 838 2632; x_wconf 89' lang='lat' dir='ltr'>existimat,</span> <span class='ocrx_word' id='word_1_212' title='bbox 861 2555 938 2634; x_wconf 92' lang='lat' dir='ltr'>quod</span> <span class='ocrx_word' id='word_1_213' title='bbox 959 2556 996 2613; x_wconf 87' lang='lat' dir='ltr'>sit</span> <span class='ocrx_word' id='word_1_214' title='bbox 1017 2572 1034 2614; x_wconf 92' lang='lat' dir='ltr'>e</span> <span class='ocrx_word' id='word_1_215' title='bbox 1053 2553 1189 2613; x_wconf 86' lang='lat' dir='ltr'>membris</span> <span class='ocrx_word' id='word_1_216' title='bbox 1203 2570 1265 2614; x_wconf 90' lang='lat' dir='ltr'>non</span> <span class='ocrx_word' id='word_1_217' title='bbox 1281 2553 1335 2614; x_wconf 90' lang='lat' dir='ltr'>dis·</span> 
     </span>
     <span class='ocr_line' id='line_1_26' title="bbox 298 2637 1334 2715; baseline -0.005 -12"><span class='ocrx_word' id='word_1_218' title='bbox 298 2648 331 2703; x_wconf 80' lang='lat' dir='ltr'>tt</span> <span class='ocrx_word' id='word_1_219' title='bbox 340 2639 490 2707; x_wconf 84' lang='lat' dir='ltr'>srmrlrhus</span> <span class='ocrx_word' id='word_1_220' title='bbox 508 2640 680 2715; x_wconf 88' lang='lat' dir='ltr'>secundum,</span> <span class='ocrx_word' id='word_1_221' title='bbox 697 2648 727 2698; x_wconf 90' lang='lat' dir='ltr'>ut</span> <span class='ocrx_word' id='word_1_222' title='bbox 742 2638 872 2700; x_wconf 92' lang='lat' dir='ltr'>clausula</span> <span class='ocrx_word' id='word_1_223' title='bbox 887 2637 1018 2698; x_wconf 88' lang='lat' dir='ltr'>srmrlrter</span> <span class='ocrx_word' id='word_1_224' title='bbox 1032 2638 1115 2698; x_wconf 90' lang='lat' dir='ltr'>cadat</span> <span class='ocrx_word' id='word_1_225' title='bbox 1123 2637 1307 2714; x_wconf 75' lang='lat' dir='ltr'>syllabis</span> <span class='ocrx_word' id='word_1_226' title='bbox 1288 2655 1334 2698; x_wconf 89' lang='lat' dir='ltr'>us</span> 
     </span>
     <span class='ocr_line' id='line_1_27' title="bbox 340 2715 1334 2802; baseline -0.001 -20"><span class='ocrx_word' id='word_1_227' title='bbox 340 2723 426 2782; x_wconf 88' lang='lat' dir='ltr'>dem</span> <span class='ocrx_word' id='word_1_228' title='bbox 419 2742 446 2782; x_wconf 90' lang='lat' dir='ltr'>m</span> <span class='ocrx_word' id='word_1_229' title='bbox 465 2722 589 2782; x_wconf 86' lang='lat' dir='ltr'>ultimam</span> <span class='ocrx_word' id='word_1_230' title='bbox 606 2733 717 2802; x_wconf 89' lang='lat' dir='ltr'>partem</span> <span class='ocrx_word' id='word_1_231' title='bbox 733 2723 863 2799; x_wconf 90' lang='lat' dir='ltr'>collatis,</span> <span class='ocrx_word' id='word_1_232' title='bbox 887 2715 1111 2800; x_wconf 78' lang='grc' dir='ltr'>ὁμοιοτὲλευτον,</span> <span class='ocrx_word' id='word_1_233' title='bbox 1129 2723 1254 2782; x_wconf 88' lang='lat' dir='ltr'>similem</span> <span class='ocrx_word' id='word_1_234' title='bbox 1270 2722 1334 2782; x_wconf 88' lang='lat' dir='ltr'>dua·</span> 
     </span>
     <span class='ocr_line' id='line_1_28' title="bbox 339 2802 1336 2886; baseline 0.001 -21"><span class='ocrx_word' id='word_1_235' title='bbox 339 2825 400 2865; x_wconf 89' lang='lat' dir='ltr'>rum</span> <span class='ocrx_word' id='word_1_236' title='bbox 415 2808 618 2866; x_wconf 88' lang='lat' dir='ltr'>sententiarum</span> <span class='ocrx_word' id='word_1_237' title='bbox 638 2808 686 2867; x_wconf 93' lang='lat' dir='ltr'>vel</span> <span class='ocrx_word' id='word_1_238' title='bbox 702 2807 824 2886; x_wconf 90' lang='lat' dir='ltr'>plurium</span> <span class='ocrx_word' id='word_1_239' title='bbox 842 2807 942 2867; x_wconf 86' lang='lat' dir='ltr'>linem:</span> <span class='ocrx_word' id='word_1_240' title='bbox 961 2802 1028 2867; x_wconf 81' lang='lat' dir='ltr'>Non</span> <span class='ocrx_word' id='word_1_241' title='bbox 1044 2807 1134 2867; x_wconf 84' lang='lat' dir='ltr'>modo</span> <span class='ocrx_word' id='word_1_242' title='bbox 1149 2805 1336 2868; x_wconf 80' lang='lat' dir='ltr'>adsalutem</span> 
     </span>
     <span class='ocr_line' id='line_1_29' title="bbox 339 2891 1334 2970; baseline -0.002 -18"><span class='ocrx_word' id='word_1_243' title='bbox 339 2893 405 2952; x_wconf 79' lang='lat' dir='ltr'>ciue</span> <span class='ocrx_word' id='word_1_244' title='bbox 424 2893 659 2969; x_wconf 77' lang='lat' dir='ltr'>actioqueadom</span> <span class='ocrx_word' id='word_1_245' title='bbox 678 2893 735 2952; x_wconf 84' lang='lat' dir='ltr'>scd</span> <span class='ocrx_word' id='word_1_246' title='bbox 755 2894 845 2953; x_wconf 82' lang='lat' dir='ltr'>etium</span> <span class='ocrx_word' id='word_1_247' title='bbox 864 2892 995 2970; x_wconf 80' lang='lat' dir='ltr'>pluriam</span> <span class='ocrx_word' id='word_1_248' title='bbox 1011 2908 1072 2967; x_wconf 80' lang='lat' dir='ltr'>per</span> <span class='ocrx_word' id='word_1_249' title='bbox 1089 2891 1167 2951; x_wconf 80' lang='lat' dir='ltr'>tates</span> <span class='ocrx_word' id='word_1_250' title='bbox 1187 2891 1277 2965; x_wconf 70' lang='lat' dir='ltr'>ciros</span> <span class='ocrx_word' id='word_1_251' title='bbox 1288 2892 1334 2951; x_wconf 80' lang='lat' dir='ltr'>io-</span> 
     </span>
     <span class='ocr_line' id='line_1_30' title="bbox 337 2972 1334 3055; baseline -0.003 -20"><span class='ocrx_word' id='word_1_252' title='bbox 337 2976 541 3055; x_wconf 71' lang='lat' dir='ltr'>fmopcadom.</span> <span class='ocrx_word' id='word_1_253' title='bbox 574 2974 620 3034; x_wconf 82' lang='lat' dir='ltr'>Ex</span> <span class='ocrx_word' id='word_1_254' title='bbox 635 2974 738 3052; x_wconf 91' lang='lat' dir='ltr'>quibus</span> <span class='ocrx_word' id='word_1_255' title='bbox 755 2977 817 3035; x_wconf 90' lang='lat' dir='ltr'>iere</span> <span class='ocrx_word' id='word_1_256' title='bbox 833 2976 918 3049; x_wconf 92' lang='lat' dir='ltr'>liunt,</span> <span class='ocrx_word' id='word_1_257' title='bbox 934 2983 1100 3033; x_wconf 89' lang='lat' dir='ltr'>nontamen</span> <span class='ocrx_word' id='word_1_258' title='bbox 1116 2983 1146 3032; x_wconf 90' lang='lat' dir='ltr'>ut</span> <span class='ocrx_word' id='word_1_259' title='bbox 1159 2991 1280 3052; x_wconf 89' lang='lat' dir='ltr'>semper</span> <span class='ocrx_word' id='word_1_260' title='bbox 1294 2972 1334 3032; x_wconf 92' lang='lat' dir='ltr'>nl·</span> 
     </span>
     <span class='ocr_line' id='line_1_31' title="bbox 339 3055 1335 3140; baseline 0 -22"><span class='ocrx_word' id='word_1_261' title='bbox 339 3061 413 3118; x_wconf 91' lang='lat' dir='ltr'>timis</span> <span class='ocrx_word' id='word_1_262' title='bbox 444 3068 617 3135; x_wconf 90' lang='lat' dir='ltr'>consonent,</span> <span class='ocrx_word' id='word_1_263' title='bbox 645 3077 719 3137; x_wconf 90' lang='lat' dir='ltr'>quae</span> <span class='ocrx_word' id='word_1_264' title='bbox 746 3059 874 3140; x_wconf 74' lang='lat' dir='ltr'>spicata</span> <span class='ocrx_word' id='word_1_265' title='bbox 900 3059 1047 3118; x_wconf 91' lang='lat' dir='ltr'>dicuntur:</span> <span class='ocrx_word' id='word_1_266' title='bbox 1080 3055 1159 3118; x_wconf 81' lang='lat' dir='ltr'>Vicit</span> <span class='ocrx_word' id='word_1_267' title='bbox 1185 3060 1335 3135; x_wconf 83' lang='lat' dir='ltr'>pudorem</span> 
     </span>
     <span class='ocr_line' id='line_1_32' title="bbox 339 3141 1333 3221; baseline -0.005 -17"><span class='ocrx_word' id='word_1_268' title='bbox 339 3145 448 3221; x_wconf 78' lang='lat' dir='ltr'>libido,</span> <span class='ocrx_word' id='word_1_269' title='bbox 470 3146 606 3205; x_wconf 81' lang='lat' dir='ltr'>timorem</span> <span class='ocrx_word' id='word_1_270' title='bbox 620 3144 770 3220; x_wconf 81' lang='lat' dir='ltr'>eudocia,</span> <span class='ocrx_word' id='word_1_271' title='bbox 794 3145 942 3204; x_wconf 79' lang='lat' dir='ltr'>rationem</span> <span class='ocrx_word' id='word_1_272' title='bbox 956 3143 1097 3203; x_wconf 81' lang='lat' dir='ltr'>amentio.</span> <span class='ocrx_word' id='word_1_273' title='bbox 1143 3141 1202 3201; x_wconf 86' lang='lat' dir='ltr'>Sed</span> <span class='ocrx_word' id='word_1_274' title='bbox 1218 3142 1249 3200; x_wconf 91' lang='lat' dir='ltr'>in</span> <span class='ocrx_word' id='word_1_275' title='bbox 1268 3158 1333 3220; x_wconf 91' lang='lat' dir='ltr'>qua·</span> 
     </span>
     <span class='ocr_line' id='line_1_33' title="bbox 339 3226 1333 3306; baseline 0 -22"><span class='ocrx_word' id='word_1_276' title='bbox 339 3236 436 3286; x_wconf 88' lang='lat' dir='ltr'>ternas</span> <span class='ocrx_word' id='word_1_277' title='bbox 459 3245 575 3306; x_wconf 90' lang='lat' dir='ltr'>quoque</span> <span class='ocrx_word' id='word_1_278' title='bbox 599 3246 633 3287; x_wconf 93' lang='lat' dir='ltr'>ac</span> <span class='ocrx_word' id='word_1_279' title='bbox 661 3227 760 3305; x_wconf 90' lang='lat' dir='ltr'>plures</span> <span class='ocrx_word' id='word_1_280' title='bbox 788 3227 862 3286; x_wconf 90' lang='lat' dir='ltr'>haec</span> <span class='ocrx_word' id='word_1_281' title='bbox 886 3228 960 3286; x_wconf 88' lang='lat' dir='ltr'>ratio</span> <span class='ocrx_word' id='word_1_282' title='bbox 980 3227 1024 3285; x_wconf 90' lang='lat' dir='ltr'>ire</span> <span class='ocrx_word' id='word_1_283' title='bbox 1045 3226 1203 3285; x_wconf 89' lang='lat' dir='ltr'>sententias</span> <span class='ocrx_word' id='word_1_284' title='bbox 1224 3233 1333 3303; x_wconf 78' lang='lat' dir='ltr'>potest</span> 
     </span>
     <span class='ocr_line' id='line_1_34' title="bbox 339 3309 1334 3388; baseline -0.002 -20"><span class='ocrx_word' id='word_1_285' title='bbox 339 3309 384 3369; x_wconf 89' lang='lat' dir='ltr'>Fit</span> <span class='ocrx_word' id='word_1_286' title='bbox 398 3313 482 3371; x_wconf 89' lang='lat' dir='ltr'>etiam</span> <span class='ocrx_word' id='word_1_287' title='bbox 499 3312 618 3388; x_wconf 83' lang='lat' dir='ltr'>singulis</span> <span class='ocrx_word' id='word_1_288' title='bbox 629 3310 742 3371; x_wconf 91' lang='lat' dir='ltr'>verbis</span> <span class='ocrx_word' id='word_1_289' title='bbox 758 3310 885 3372; x_wconf 79' lang='lat' dir='ltr'>Hecuba</span> <span class='ocrx_word' id='word_1_290' title='bbox 895 3311 952 3372; x_wconf 84' lang='lat' dir='ltr'>ltoc</span> <span class='ocrx_word' id='word_1_291' title='bbox 967 3310 1057 3386; x_wconf 84' lang='lat' dir='ltr'>dolet,</span> <span class='ocrx_word' id='word_1_292' title='bbox 1069 3309 1176 3388; x_wconf 81' lang='lat' dir='ltr'>pudet,</span> <span class='ocrx_word' id='word_1_293' title='bbox 1188 3310 1293 3387; x_wconf 63' lang='lat' dir='ltr'>plysn</span> <span class='ocrx_word' id='word_1_294' title='bbox 1307 3316 1334 3367; x_wconf 90' lang='lat' dir='ltr'>et</span> 
     </span>
    </p>
   </div>
   <div class='ocr_carea' id='block_1_3' title="bbox 299 3390 1335 3809">
    <p class='ocr_par' dir='ltr' id='par_1_3' title="bbox 299 3390 1335 3809">
     <span class='ocr_line' id='line_1_35' title="bbox 299 3390 1334 3495; baseline -0.004 -41"><span class='ocrx_word' id='word_1_295' title='bbox 299 3390 420 3454; x_wconf 75' lang='lat' dir='ltr'>tadum</span> <span class='ocrx_word' id='word_1_296' title='bbox 421 3398 587 3495; x_wconf 66' lang='lat' dir='ltr'>,occessit</span> <span class='ocrx_word' id='word_1_297' title='bbox 603 3397 713 3493; x_wconf 82' lang='lat' dir='ltr'>erupit,</span> <span class='ocrx_word' id='word_1_298' title='bbox 729 3397 835 3457; x_wconf 73' lang='lat' dir='ltr'>causat</span> <span class='ocrx_word' id='word_1_299' title='bbox 864 3393 991 3454; x_wconf 87' lang='lat' dir='ltr'>Tertium</span> <span class='ocrx_word' id='word_1_300' title='bbox 1005 3402 1060 3469; x_wconf 88' lang='lat' dir='ltr'>est,</span> <span class='ocrx_word' id='word_1_301' title='bbox 1077 3393 1175 3471; x_wconf 92' lang='lat' dir='ltr'>quod</span> <span class='ocrx_word' id='word_1_302' title='bbox 1166 3411 1196 3452; x_wconf 89' lang='lat' dir='ltr'>m</span> <span class='ocrx_word' id='word_1_303' title='bbox 1214 3393 1334 3452; x_wconf 88' lang='lat' dir='ltr'>eosdem</span> 
     </span>
     <span class='ocr_line' id='line_1_36' title="bbox 341 3470 1334 3577; baseline -0.001 -41"><span class='ocrx_word' id='word_1_304' title='bbox 341 3495 424 3536; x_wconf 90' lang='lat' dir='ltr'>casus</span> <span class='ocrx_word' id='word_1_305' title='bbox 446 3470 568 3537; x_wconf 86' lang='lat' dir='ltr'>cadit‘</span> <span class='ocrx_word' id='word_1_306' title='bbox 527 3473 752 3577; x_wconf 77' lang='lat' dir='ltr'>,opocdmorov</span> <span class='ocrx_word' id='word_1_307' title='bbox 772 3478 884 3538; x_wconf 90' lang='lat' dir='ltr'>dicitur</span> <span class='ocrx_word' id='word_1_308' title='bbox 928 3479 987 3539; x_wconf 86' lang='lat' dir='ltr'>Sed</span> <span class='ocrx_word' id='word_1_309' title='bbox 1006 3495 1117 3555; x_wconf 90' lang='lat' dir='ltr'>neque,</span> <span class='ocrx_word' id='word_1_310' title='bbox 1145 3477 1222 3554; x_wconf 92' lang='lat' dir='ltr'>quod</span> <span class='ocrx_word' id='word_1_311' title='bbox 1251 3477 1334 3536; x_wconf 88' lang='lat' dir='ltr'>linem</span> 
     </span>
     <span class='ocr_line' id='line_1_37' title="bbox 339 3555 1335 3661; baseline -0.002 -41"><span class='ocrx_word' id='word_1_312' title='bbox 339 3559 426 3620; x_wconf 87' lang='lat' dir='ltr'>habet</span> <span class='ocrx_word' id='word_1_313' title='bbox 441 3562 577 3658; x_wconf 91' lang='lat' dir='ltr'>similem,</span> <span class='ocrx_word' id='word_1_314' title='bbox 603 3572 647 3622; x_wconf 90' lang='lat' dir='ltr'>est</span> <span class='ocrx_word' id='word_1_315' title='bbox 662 3555 875 3661; x_wconf 79' lang='grc' dir='ltr'>ὁμοιόπτωτον,</span> <span class='ocrx_word' id='word_1_316' title='bbox 898 3570 927 3622; x_wconf 89' lang='lat' dir='ltr'>et</span> <span class='ocrx_word' id='word_1_317' title='bbox 946 3563 1044 3639; x_wconf 91' lang='lat' dir='ltr'>utique</span> <span class='ocrx_word' id='word_1_318' title='bbox 1065 3563 1093 3620; x_wconf 89' lang='lat' dir='ltr'>in</span> <span class='ocrx_word' id='word_1_319' title='bbox 1114 3560 1235 3620; x_wconf 89' lang='lat' dir='ltr'>eundem</span> <span class='ocrx_word' id='word_1_320' title='bbox 1257 3561 1335 3622; x_wconf 84' lang='lat' dir='ltr'>venit</span> 
     </span>
     <span class='ocr_line' id='line_1_38' title="bbox 339 3635 1334 3725; baseline 0 -21"><span class='ocrx_word' id='word_1_321' title='bbox 339 3645 423 3704; x_wconf 86' lang='lat' dir='ltr'>linem</span> <span class='ocrx_word' id='word_1_322' title='bbox 439 3635 664 3722; x_wconf 75' lang='lat' dir='ltr'>opouocs&#39;leorov3</span> <span class='ocrx_word' id='word_1_323' title='bbox 682 3649 747 3725; x_wconf 89' lang='lat' dir='ltr'>quia</span> <span class='ocrx_word' id='word_1_324' title='bbox 765 3636 958 3723; x_wconf 76' lang='grc' dir='ltr'>ομοιόπτωτινν</span> <span class='ocrx_word' id='word_1_325' title='bbox 973 3654 1018 3705; x_wconf 88' lang='lat' dir='ltr'>est</span> <span class='ocrx_word' id='word_1_326' title='bbox 1031 3653 1137 3705; x_wconf 88' lang='lat' dir='ltr'>tantum</span> <span class='ocrx_word' id='word_1_327' title='bbox 1148 3662 1217 3704; x_wconf 90' lang='lat' dir='ltr'>casu</span> <span class='ocrx_word' id='word_1_328' title='bbox 1228 3645 1334 3718; x_wconf 86' lang='lat' dir='ltr'>simile,</span> 
     </span>
     <span class='ocr_line' id='line_1_39' title="bbox 340 3729 1333 3809; baseline -0.001 -20"><span class='ocrx_word' id='word_1_329' title='bbox 340 3731 450 3790; x_wconf 89' lang='lat' dir='ltr'>etiamsi</span> <span class='ocrx_word' id='word_1_330' title='bbox 468 3729 614 3790; x_wconf 87' lang='lat' dir='ltr'>dissimilia</span> <span class='ocrx_word' id='word_1_331' title='bbox 629 3732 699 3806; x_wconf 88' lang='lat' dir='ltr'>sint,</span> <span class='ocrx_word' id='word_1_332' title='bbox 721 3749 794 3808; x_wconf 86' lang='lat' dir='ltr'>quae</span> <span class='ocrx_word' id='word_1_333' title='bbox 812 3730 1009 3809; x_wconf 87' lang='lat' dir='ltr'>declinentur,</span> <span class='ocrx_word' id='word_1_334' title='bbox 1030 3747 1086 3790; x_wconf 89' lang='lat' dir='ltr'>nec</span> <span class='ocrx_word' id='word_1_335' title='bbox 1109 3730 1239 3790; x_wconf 87' lang='lat' dir='ltr'>tantun</span> <span class='ocrx_word' id='word_1_336' title='bbox 1229 3747 1261 3790; x_wconf 90' lang='lat' dir='ltr'>m</span> <span class='ocrx_word' id='word_1_337' title='bbox 1278 3729 1333 3790; x_wconf 90' lang='lat' dir='ltr'>line</span> 
     </span>
    </p>
   </div>
   <div class='ocr_carea' id='block_1_4' title="bbox 0 0 1596 4409">
    <p class='ocr_par' dir='ltr' id='par_1_4' title="bbox 0 0 1596 4409">
     <span class='ocr_line' id='line_1_40' title="bbox 0 0 1596 4409; baseline 0 1"><span class='ocrx_word' id='word_1_338' title='bbox 0 0 1596 4409; x_wconf 95' lang='lat' dir='ltr'> </span> 
     </span>
    </p>
   </div>
  </div>
 </body>
</html>
