3184 4409
273 426 276 433 Ι
334 469 392 533 108
448 492 450 497 ⁴
645 480 1011 542 m.ruc.ou1urmmu1

329 637 518 712 viverevult,
536 644 656 696 mortem
671 638 767 715 potius
784 634 859 696 male
881 644 961 714 petat
976 653 1060 714 qnam
1076 636 1191 695 omnino
1209 652 1273 696 non
1285 654 1330 717 pc·

287 732 380 788 88tat.
416 721 481 782 Non
498 730 592 780 tamen
606 738 699 797 nego,
719 739 787 780 esse
807 722 1025 802 controversias
1046 720 1212 779 huiusmodi
1229 721 1330 798 ligura·

331 817 389 866 tas:
410 814 503 865 otest
523 805 590 880 illa,
608 804 691 864 licus
708 805 892 883 parricidii,
914 806 996 882 quod
1007 805 1138 884 fratrem
1156 807 1330 880 occidisset,

330 892 506 952 domnolum
522 890 563 949 tn·
577 888 757 958 uidebimur,-
780 897 872 968 puter
889 907 948 966 pro
963 889 1127 950 testimonio
1143 889 1247 967 cinit,
1271 907 1332 952 curu

329 975 497 1035 relabente
515 974 647 1053 fecicum·
668 972 838 1034 absolutum
854 973 989 1034 abdicat.
1023 971 1094 1031 Nam
1113 989 1214 1050 neque
1241 974 1273 1032 in
1291 979 1331 1033 tc

330 1068 388 1117 tum
403 1057 462 1117 iilic
484 1058 577 1136 parcit
597 1073 668 1131 nec,
692 1056 769 1134 quod
792 1057 892 1134 priore
914 1055 1020 1115 iudicio
1036 1055 1207 1131 affirmarit,
1224 1065 1331 1117 mutare

330 1142 425 1220 palam
440 1149 538 1219 potest
555 1148 600 1214 et,
621 1148 651 1198 ut
669 1156 726 1198 non
742 1139 825 1199 durat
840 1139 915 1199 ultra
931 1156 1055 1217 poenam
1071 1139 1286 1216 abdicationis,
1300 1142 1332 1200 itt

330 1224 444 1285 abdicat
459 1234 568 1291 tamem
591 1233 621 1282 ct
642 1223 750 1303 alioqui
773 1223 864 1299 figura
885 1225 914 1282 in
933 1232 1046 1301 patrem
1062 1223 1127 1301 plus
1142 1223 1235 1299 iacit,
1253 1241 1332 1303 quam

288 1309 409 1386 scilcet,
424 1312 452 1368 in
468 1309 556 1368 filium
574 1309 675 1367 minus.
715 1306 752 1367 Ut
768 1315 862 1365 autem
882 1298 968 1366 nemo
988 1316 1088 1367 contra
1103 1306 1131 1366 id
1139 1330 1156 1383 ,·
1166 1307 1250 1385 quod
1266 1309 1334 1383 vult,

331 1393 415 1469 dicit,
441 1394 480 1452 ita
500 1401 598 1470 potest
613 1391 715 1450 melius
730 1391 838 1469 aliquid
852 1391 947 1467 velle,
962 1409 1046 1469 quam
1063 1391 1148 1450 dicit:
1171 1408 1233 1469 quo
1250 1391 1333 1452 modo

330 1477 380 1537 ille
396 1477 576 1553 abdicatus,
598 1477 650 1553 qui
672 1484 815 1554 epatre,
837 1484 871 1535 ut
891 1475 986 1552 filium
1004 1478 1175 1553 expositum
1193 1483 1227 1535 et
1247 1477 1289 1537 ub
1304 1492 1335 1536 ec

331 1563 495 1621 educatum
507 1561 611 1621 solutis
626 1559 777 1620 alimentis
791 1560 924 1636 recipiat
935 1581 953 1634 ,¹
960 1560 1106 1638 postulat,
1122 1560 1263 1619 revocari
1279 1560 1335 1620 for·

289 1653 409 1709 nutasse
425 1643 546 1719 mavult,
569 1659 626 1701 non
646 1651 741 1701 tamen
758 1641 836 1721 quod
851 1643 924 1720 petit
940 1660 997 1702 non
1011 1641 1083 1702 vult.
1111 1641 1166 1702 Est
1186 1640 1288 1702 latens
1309 1650 1336 1702 et

332 1727 380 1786 illa
401 1727 589 1804 significatio,
615 1743 687 1803 qua,
714 1744 777 1784 cum
800 1727 844 1785 ius
865 1727 997 1803 asperius
1016 1727 1122 1806 petitur
1138 1743 1155 1786 u
1169 1725 1286 1803 iudice,
1307 1726 1336 1786 lit

332 1821 426 1871 tamen
439 1829 511 1888 >spes
526 1811 621 1889 aliqua
634 1810 815 1886 clementiae,
832 1828 890 1869 nou
904 1810 1010 1888 palam,
1025 1829 1062 1870 ne
1072 1811 1269 1889 paciscamur,
1285 1809 1335 1871 setl

332 1912 385 1973 per
407 1895 547 1972 quandam
569 1893 737 1954 credibilem
757 1896 969 1972 suspicionem,
996 1903 1027 1954 ut
1045 1897 1074 1954 iu
1094 1892 1191 1953 multis
1218 1903 1334 1954 contro·

332 1981 435 2038 versiis
461 1978 512 2039 sed
531 1978 632 2054 inbac
654 1995 786 2056 quoque:
807 1978 944 2057 Raptor,
958 1979 1020 2039 nisi
1041 1981 1124 2040 iutra
1145 1978 1334 2053 tripu-timum

332 2065 412 2125 diem
422 2071 451 2124 et
467 2071 578 2142 ruptue
588 2071 709 2141 putrem
719 2068 848 2124 etenum
858 2064 1180 2142 eccrcuerttperecu·
1192 2063 1251 2139 qni
1266 2081 1336 2125 ecc·

332 2156 400 2209 ruto
415 2156 525 2226 ruptue
535 2156 722 2226 putrescam
736 2165 795 2207 non
805 2154 924 2222 encrat,
940 2148 1003 2226 cpit
1017 2166 1086 2208 curn
1101 2165 1136 2208 eo
1150 2146 1333 2210 dementiae.

291 2230 402 2295 91Nam
424 2234 447 2290 si
464 2233 609 2309 promittat
624 2230 671 2290 hic
692 2239 791 2309 pater:
819 2229 854 2290 lis
876 2231 1001 2297 tollitur;
1025 2231 1050 2289 si
1071 2229 1177 2289 nullam
1192 2248 1282 2307 spem
1296 2231 1333 2290 iu·

334 2318 404 2375 ciat:
421 2325 519 2374 utnon
535 2315 668 2388 demens,
692 2313 817 2374 crudelis
836 2322 917 2374 certe
937 2315 1068 2374 videatur
1083 2323 1112 2373 et
1126 2331 1142 2373 a
1157 2330 1191 2372 se
1206 2314 1332 2375 iudicem

301 2456 304 2471 ,
331 2408 452 2459 avertat.
488 2400 574 2459 Latro
607 2400 693 2476 igitur
719 2400 843 2475 optime:
880 2395 1012 2460 occides
1037 2399 1130 2478 nuo?
1156 2394 1193 2458 Si
1215 2406 1334 2476 potero.

333 2483 491 2543 Remissius
512 2491 542 2543 et
564 2500 617 2561 pro
639 2499 692 2541 suo
713 2482 830 2559 ingenio
852 2491 936 2561 pater
954 2481 1067 2543 Gallio:
1090 2480 1198 2557 Duru,
1221 2484 1332 2557 anime,

291 2569 432 2638 ticinen·
450 2569 524 2629 bere
542 2568 652 2646 fortior
667 2567 762 2646 suisti.
802 2563 931 2626 Confinia
952 2575 1017 2625 sunt
1034 2565 1077 2624 his
1093 2563 1245 2639 celebrata
1262 2564 1333 2646 apul

336 2649 463 2710 Graecos
481 2651 643 2726 schemata,
666 2668 719 2730 per
737 2666 877 2727 quaeres
895 2667 1015 2728 asperas
1030 2647 1144 2709 mollius
1158 2649 1332 2726 significant

334 2733 406 2793 Nam
421 2733 631 2793 Themistocles
647 2736 773 2792 suasisse
796 2734 974 2792 existimatur
989 2731 1225 2810 Atheniensibus,
1242 2743 1276 2794 ut
1290 2751 1333 2794 ur·

334 2817 399 2876 bem
414 2820 499 2896 opud
512 2821 585 2879 deoc
599 2821 801 2896 deponerent,
825 2819 890 2896 quia
906 2817 1004 2877 durum
1022 2826 1084 2877 erat
1099 2817 1215 2892 dicere,
1238 2810 1271 2878 u't
1285 2837 1333 2880 re-

333 2903 512 2980 linquerent.
543 2901 596 2977 Et,
623 2903 671 2980 qui
691 2901 837 2961 Victorias
859 2903 1008 2961 acroasin
1029 2919 1110 2961 usum
1124 2899 1195 2960 belli
1213 2901 1333 2962 conflari

333 2987 468 3061 volebat,
493 2988 531 3045 ita
553 2985 721 3060 declinavit,
746 2987 882 3047 uictoriis
898 2986 1041 3051 utendum
1056 3004 1132 3046 ecce.
1165 2983 1272 3045 'lotum
1287 3003 1330 3046 au·

335 3078 392 3130 tem
408 3071 567 3147 allegoriae
584 3070 675 3143 simile
692 3078 752 3145 est,
777 3069 854 3129 aliud
878 3069 977 3129 dicere
998 3068 1073 3128 eliud
1093 3067 1217 3145 intelligi
1241 3069 1331 3130 velle.

293 3161 327 3216 93
337 3153 503 3226 Quaesitum
531 3155 614 3214 etiam
637 3163 698 3229 est,
728 3153 872 3233 quomodo
900 3153 1071 3231 responderi
1100 3160 1199 3212 contra
1225 3151 1334 3231 ligures

335 3248 495 3314 oporteret.
528 3237 565 3297 Et
595 3238 709 3316 quidam
730 3253 846 3314 semper
865 3255 903 3296 ex
924 3237 1040 3307 diverso
1064 3237 1236 3315 aperiendas
1253 3246 1333 3315 puta·

333 3330 445 3396 verunt,
463 3324 536 3381 sicut
556 3322 671 3381 latentia
685 3322 752 3380 vitia
769 3321 977 3385 rescinduntur,
1003 3318 1094 3397 quue
1111 3338 1180 3379 sane
1197 3319 1333 3399 frequen·

334 3405 444 3463 tissime
459 3405 619 3464 laciendum
638 3414 697 3473 est;
721 3404 805 3464 aliter
824 3405 898 3471 enim
913 3404 982 3464 dilui
998 3403 1112 3463 obiecta
1127 3420 1185 3461 non
1199 3412 1333 3482 possunt,

334 3489 433 3564 utique
451 3507 514 3548 cum
530 3491 661 3566 quaestio
677 3490 705 3547 iu
721 3506 757 3548 eo
774 3489 916 3564 consistit,
934 3488 1009 3565 quod
1026 3488 1134 3565 figurae
1151 3497 1264 3564 petunt.
1297 3488 1335 3548 At

336 3588 399 3631 cum
416 3573 566 3631 maledicta
583 3582 646 3631 sunt
663 3582 783 3632 tantum:
808 3582 837 3631 et
850 3589 907 3630 non
924 3571 1088 3649 intelligere
1104 3572 1216 3630 interim
1233 3581 1265 3632 et
1279 3573 1334 3633 ‹tis-

292 3655 469 3721 ttsimulare
495 3656 589 3715 bonae
618 3657 814 3716 conscientiae
841 3663 895 3715 est.
940 3654 1037 3732 Atque
1065 3656 1199 3715 etiamsi
1227 3655 1335 3717 luerim

336 3739 499 3800 crebriores
515 3740 639 3817 figurae,
656 3757 739 3817 quarn
753 3746 783 3798 ut
800 3737 971 3799 dissimulari
985 3741 1113 3820 possint,
1131 3739 1335 3819 postulandum
