<?xml version="1.0" encoding="UTF-8"?>
<!DOCTYPE html PUBLIC "-//W3C//DTD XHTML 1.0 Transitional//EN"
    "http://www.w3.org/TR/xhtml1/DTD/xhtml1-transitional.dtd">
<html xmlns="http://www.w3.org/1999/xhtml" xml:lang="en" lang="en">
 <head>
  <title>
</title>
<meta http-equiv="Content-Type" content="text/html;charset=utf-8" />
  <meta name='ocr-system' content='tesseract 3.04.00' />
  <meta name='ocr-capabilities' content='ocr_page ocr_carea ocr_par ocr_line ocrx_word'/>
</head>
<body>
  <div class='ocr_page' id='page_1' title='image "./mfabiiquintilia02quingoog_0109.png"; bbox 0 0 3184 4409; ppageno 0'>
   <div class='ocr_carea' id='block_1_1' title="bbox 570 469 1297 548">
    <p class='ocr_par' dir='ltr' id='par_1_1' title="bbox 570 469 1297 548">
     <span class='ocr_line' id='line_1_1' title="bbox 570 469 1297 548; baseline 0.001 -19"><span class='ocrx_word' id='word_1_1' title='bbox 570 483 659 530; x_wconf 78' lang='lat' dir='ltr'><strong>rusa.</strong></span> <span class='ocrx_word' id='word_1_2' title='bbox 678 480 826 530; x_wconf 77' lang='lat' dir='ltr'><strong>onnron.</strong></span> <span class='ocrx_word' id='word_1_3' title='bbox 844 483 913 529; x_wconf 80' lang='lat' dir='ltr'><strong>ure.</strong></span> <span class='ocrx_word' id='word_1_4' title='bbox 932 483 979 548; x_wconf 89' lang='lat'><strong>11,</strong></span> <span class='ocrx_word' id='word_1_5' title='bbox 995 479 1036 532; x_wconf 70' lang='grc' dir='ltr'><strong>ιι.</strong></span> <span class='ocrx_word' id='word_1_6' title='bbox 1259 469 1297 530; x_wconf 89' lang='lat'><strong>81</strong></span> 
     </span>
    </p>
   </div>
   <div class='ocr_carea' id='block_1_2' title="bbox 307 635 1327 882">
    <p class='ocr_par' dir='ltr' id='par_1_2' title="bbox 307 635 1327 882">
     <span class='ocr_line' id='line_1_2' title="bbox 310 635 1299 716; baseline -0.001 -19"><span class='ocrx_word' id='word_1_7' title='bbox 310 655 359 716; x_wconf 85' lang='lat' dir='ltr'><strong>que</strong></span> <span class='ocrx_word' id='word_1_8' title='bbox 384 635 519 716; x_wconf 90' lang='lat' dir='ltr'><strong>perdite,</strong></span> <span class='ocrx_word' id='word_1_9' title='bbox 542 635 617 695; x_wconf 92' lang='lat' dir='ltr'><strong>unde</strong></span> <span class='ocrx_word' id='word_1_10' title='bbox 640 638 743 696; x_wconf 88' lang='lat' dir='ltr'><strong>evenit·</strong></span> <span class='ocrx_word' id='word_1_11' title='bbox 759 654 976 714; x_wconf 89' lang='lat' dir='ltr'><strong>nonnunquam,</strong></span> <span class='ocrx_word' id='word_1_12' title='bbox 1006 646 1036 696; x_wconf 95' lang='lat' dir='ltr'><strong>ut</strong></span> <span class='ocrx_word' id='word_1_13' title='bbox 1061 637 1168 715; x_wconf 88' lang='lat' dir='ltr'><strong>aliquid</strong></span> <span class='ocrx_word' id='word_1_14' title='bbox 1189 636 1299 712; x_wconf 81' lang='lat' dir='ltr'>grande</span> 
     </span>
     <span class='ocr_line' id='line_1_3' title="bbox 308 721 1305 799; baseline 0.001 -20"><span class='ocrx_word' id='word_1_15' title='bbox 308 723 445 796; x_wconf 87' lang='lat' dir='ltr'><strong>inveniat,</strong></span> <span class='ocrx_word' id='word_1_16' title='bbox 463 722 511 799; x_wconf 89' lang='lat' dir='ltr'><strong>qui</strong></span> <span class='ocrx_word' id='word_1_17' title='bbox 528 737 645 798; x_wconf 84' lang='lat' dir='ltr'><strong>semper</strong></span> <span class='ocrx_word' id='word_1_18' title='bbox 661 723 790 798; x_wconf 91' lang='lat' dir='ltr'><strong>quaerit,</strong></span> <span class='ocrx_word' id='word_1_19' title='bbox 809 721 886 799; x_wconf 93' lang='lat' dir='ltr'><strong>quod</strong></span> <span class='ocrx_word' id='word_1_20' title='bbox 903 723 1017 780; x_wconf 91' lang='lat' dir='ltr'><strong>nimium</strong></span> <span class='ocrx_word' id='word_1_21' title='bbox 1032 729 1093 788; x_wconf 89' lang='lat' dir='ltr'><strong>est;</strong></span> <span class='ocrx_word' id='word_1_22' title='bbox 1109 740 1209 780; x_wconf 89' lang='lat' dir='ltr'><strong>verum</strong></span> <span class='ocrx_word' id='word_1_23' title='bbox 1224 721 1252 779; x_wconf 93' lang='lat' dir='ltr'><strong>id</strong></span> <span class='ocrx_word' id='word_1_24' title='bbox 1270 729 1305 780; x_wconf 85' lang='lat' dir='ltr'><strong>et</strong></span> 
     </span>
     <span class='ocr_line' id='line_1_4' title="bbox 307 804 1327 882; baseline 0.001 -18"><span class='ocrx_word' id='word_1_25' title='bbox 307 822 366 864; x_wconf 95' lang='lat' dir='ltr'><strong>raro</strong></span> <span class='ocrx_word' id='word_1_26' title='bbox 384 807 537 882; x_wconf 87' lang='lat' dir='ltr'><strong>provenit,</strong></span> <span class='ocrx_word' id='word_1_27' title='bbox 563 812 592 862; x_wconf 91' lang='lat' dir='ltr'><strong>et</strong></span> <span class='ocrx_word' id='word_1_28' title='bbox 613 813 694 862; x_wconf 88' lang='lat' dir='ltr'><strong>certa</strong></span> <span class='ocrx_word' id='word_1_29' title='bbox 713 807 780 863; x_wconf 92' lang='lat' dir='ltr'><strong>vitia</strong></span> <span class='ocrx_word' id='word_1_30' title='bbox 794 821 852 863; x_wconf 91' lang='lat' dir='ltr'><strong>uon</strong></span> <span class='ocrx_word' id='word_1_31' title='bbox 868 813 980 881; x_wconf 89' lang='lat' dir='ltr'><strong>pensat.</strong></span> <span class='ocrx_word' id='word_1_32' title='bbox 1021 804 1142 882; x_wconf 79' lang='lat' dir='ltr'>Propter</span> <span class='ocrx_word' id='word_1_33' title='bbox 1156 804 1212 863; x_wconf 85' lang='lat' dir='ltr'><strong>h&#39;oc</strong></span> <span class='ocrx_word' id='word_1_34' title='bbox 1228 813 1327 881; x_wconf 85' lang='lat' dir='ltr'><strong>quo-6</strong></span> 
     </span>
    </p>
   </div>
   <div class='ocr_carea' id='block_1_3' title="bbox 246 887 1298 1541">
    <p class='ocr_par' dir='ltr' id='par_1_3' title="bbox 246 887 1298 1541">
     <span class='ocr_line' id='line_1_5' title="bbox 267 887 1297 966; baseline -0.001 -19"><span class='ocrx_word' id='word_1_35' title='bbox 267 900 270 959; x_wconf 63' lang='lat' dir='ltr'><strong><em>g</em></strong></span> <span class='ocrx_word' id='word_1_36' title='bbox 308 907 357 966; x_wconf 92' lang='lat' dir='ltr'><strong>que</strong></span> <span class='ocrx_word' id='word_1_37' title='bbox 374 888 517 948; x_wconf 91' lang='lat' dir='ltr'><strong>interdum</strong></span> <span class='ocrx_word' id='word_1_38' title='bbox 532 887 664 946; x_wconf 85' lang='lat' dir='ltr'><strong>videntur</strong></span> <span class='ocrx_word' id='word_1_39' title='bbox 677 888 785 947; x_wconf 91' lang='lat' dir='ltr'><strong>indocti</strong></span> <span class='ocrx_word' id='word_1_40' title='bbox 800 890 912 966; x_wconf 88' lang='lat' dir='ltr'><strong>copiam</strong></span> <span class='ocrx_word' id='word_1_41' title='bbox 927 887 1035 946; x_wconf 90' lang='lat' dir='ltr'><strong>habere</strong></span> <span class='ocrx_word' id='word_1_42' title='bbox 1049 890 1201 963; x_wconf 89' lang='lat' dir='ltr'><strong>maiorem,</strong></span> <span class='ocrx_word' id='word_1_43' title='bbox 1220 887 1297 964; x_wconf 95' lang='lat' dir='ltr'><strong>quod</strong></span> 
     </span>
     <span class='ocr_line' id='line_1_6' title="bbox 267 966 1297 1046; baseline -0.003 -14"><span class='ocrx_word' id='word_1_44' title='bbox 267 966 269 971; x_wconf 72' lang='grc'><strong>’</strong></span> <span class='ocrx_word' id='word_1_45' title='bbox 306 973 525 1039; x_wconf 82' lang='lat' dir='ltr'><strong>dicuntomni&#39;a;</strong></span> <span class='ocrx_word' id='word_1_46' title='bbox 548 971 640 1030; x_wconf 90' lang='lat' dir='ltr'><strong>doctis</strong></span> <span class='ocrx_word' id='word_1_47' title='bbox 664 981 710 1030; x_wconf 87' lang='lat' dir='ltr'><strong>est</strong></span> <span class='ocrx_word' id='word_1_48' title='bbox 731 981 760 1031; x_wconf 92' lang='lat' dir='ltr'><strong>et</strong></span> <span class='ocrx_word' id='word_1_49' title='bbox 781 972 887 1031; x_wconf 90' lang='lat' dir='ltr'><strong>electio</strong></span> <span class='ocrx_word' id='word_1_50' title='bbox 912 981 941 1031; x_wconf 92' lang='lat' dir='ltr'><strong>et</strong></span> <span class='ocrx_word' id='word_1_51' title='bbox 955 971 1066 1031; x_wconf 83' lang='lat' dir='ltr'><strong>modus</strong></span> <span class='ocrx_word' id='word_1_52' title='bbox 1108 971 1159 1031; x_wconf 89' lang='lat' dir='ltr'><strong>llis</strong></span> <span class='ocrx_word' id='word_1_53' title='bbox 1174 971 1297 1046; x_wconf 87' lang='lat' dir='ltr'><strong>accedit,</strong></span> 
     </span>
     <span class='ocr_line' id='line_1_7' title="bbox 265 1054 1298 1133; baseline 0 -19"><span class='ocrx_word' id='word_1_54' title='bbox 265 1076 268 1087; x_wconf 94' lang='lat'>·</span> <span class='ocrx_word' id='word_1_55' title='bbox 307 1056 377 1133; x_wconf 91' lang='lat' dir='ltr'><strong>qnod</strong></span> <span class='ocrx_word' id='word_1_56' title='bbox 393 1075 410 1114; x_wconf 95' lang='lat' dir='ltr'><strong>a</strong></span> <span class='ocrx_word' id='word_1_57' title='bbox 426 1073 496 1114; x_wconf 90' lang='lat' dir='ltr'><strong>cura</strong></span> <span class='ocrx_word' id='word_1_58' title='bbox 511 1055 649 1130; x_wconf 87' lang='lat' dir='ltr'><strong>docendi,</strong></span> <span class='ocrx_word' id='word_1_59' title='bbox 673 1056 749 1133; x_wconf 94' lang='lat' dir='ltr'><strong>quod</strong></span> <span class='ocrx_word' id='word_1_60' title='bbox 765 1056 956 1130; x_wconf 89' lang='lat' dir='ltr'><strong>intenderunt,</strong></span> <span class='ocrx_word' id='word_1_61' title='bbox 972 1054 1119 1125; x_wconf 87' lang='lat' dir='ltr'><strong>recedunt.</strong></span> <span class='ocrx_word' id='word_1_62' title='bbox 1150 1054 1250 1133; x_wconf 87' lang='lat' dir='ltr'><strong>Itaque</strong></span> <span class='ocrx_word' id='word_1_63' title='bbox 1265 1055 1298 1114; x_wconf 93' lang='lat' dir='ltr'><strong>il·</strong></span> 
     </span>
     <span class='ocr_line' id='line_1_8' title="bbox 305 1139 1297 1218; baseline 0 -21"><span class='ocrx_word' id='word_1_64' title='bbox 305 1139 348 1199; x_wconf 93' lang='lat' dir='ltr'><strong>lnd</strong></span> <span class='ocrx_word' id='word_1_65' title='bbox 364 1142 567 1218; x_wconf 82' lang='lat' dir='ltr'><strong>quaestionum</strong></span> <span class='ocrx_word' id='word_1_66' title='bbox 583 1148 612 1198; x_wconf 87' lang='lat' dir='ltr'><strong>et</strong></span> <span class='ocrx_word' id='word_1_67' title='bbox 632 1149 863 1215; x_wconf 84' lang='lat' dir='ltr'><strong>argumentorum</strong></span> <span class='ocrx_word' id='word_1_68' title='bbox 884 1139 959 1218; x_wconf 92' lang='lat' dir='ltr'><strong>apud</strong></span> <span class='ocrx_word' id='word_1_69' title='bbox 981 1149 1116 1216; x_wconf 91' lang='lat' dir='ltr'><strong>corrupta</strong></span> <span class='ocrx_word' id='word_1_70' title='bbox 1131 1139 1234 1199; x_wconf 88' lang='lat' dir='ltr'><strong>iudicia</strong></span> <span class='ocrx_word' id='word_1_71' title='bbox 1249 1140 1297 1197; x_wconf 88' lang='lat' dir='ltr'><strong>iri·</strong></span> 
     </span>
     <span class='ocr_line' id='line_1_9' title="bbox 246 1182 1297 1541; baseline -0.003 -258"><span class='ocrx_word' id='word_1_72' title='bbox 246 1182 268 1541; x_wconf 62' lang='lat' dir='ltr'><em>l</em></span> <span class='ocrx_word' id='word_1_73' title='bbox 303 1242 353 1300; x_wconf 81' lang='lat' dir='ltr'><strong>qus</strong></span> <span class='ocrx_word' id='word_1_74' title='bbox 369 1226 480 1283; x_wconf 83' lang='lat' dir='ltr'><strong>evitant</strong></span> <span class='ocrx_word' id='word_1_75' title='bbox 494 1222 622 1301; x_wconf 87' lang='lat' dir='ltr'><strong>nihilque</strong></span> <span class='ocrx_word' id='word_1_76' title='bbox 636 1222 728 1298; x_wconf 91' lang='lat' dir='ltr'><strong>aliud,</strong></span> <span class='ocrx_word' id='word_1_77' title='bbox 745 1242 829 1301; x_wconf 89' lang='lat' dir='ltr'><strong>quam</strong></span> <span class='ocrx_word' id='word_1_78' title='bbox 847 1223 923 1302; x_wconf 95' lang='lat' dir='ltr'><strong>quod</strong></span> <span class='ocrx_word' id='word_1_79' title='bbox 934 1223 983 1282; x_wconf 87' lang='lat' dir='ltr'><strong>vel</strong></span> <span class='ocrx_word' id='word_1_80' title='bbox 995 1225 1091 1301; x_wconf 89' lang='lat' dir='ltr'><strong>pravis</strong></span> <span class='ocrx_word' id='word_1_81' title='bbox 1102 1222 1297 1300; x_wconf 88' lang='lat' dir='ltr'><strong>voluptatibus</strong></span> 
     </span>
    </p>
   </div>
   <div class='ocr_carea' id='block_1_4' title="bbox 246 1308 1338 3896">
    <p class='ocr_par' dir='ltr' id='par_1_4' title="bbox 301 1308 1323 1550">
     <span class='ocr_line' id='line_1_10' title="bbox 303 1308 1323 1386; baseline 0.001 -20"><span class='ocrx_word' id='word_1_82' title='bbox 303 1324 385 1366; x_wconf 88' lang='lat' dir='ltr'><strong>aures</strong></span> <span class='ocrx_word' id='word_1_83' title='bbox 396 1308 596 1367; x_wconf 69' lang='lat' dir='ltr'><strong>&#39;assistentium</strong></span> <span class='ocrx_word' id='word_1_84' title='bbox 610 1308 799 1386; x_wconf 87' lang='lat' dir='ltr'><strong>permulceat,</strong></span> <span class='ocrx_word' id='word_1_85' title='bbox 816 1316 965 1385; x_wconf 87' lang='lat' dir='ltr'><strong>quaerunt.</strong></span> <span class='ocrx_word' id='word_1_86' title='bbox 1000 1308 1166 1367; x_wconf 73' lang='lat' dir='ltr'><strong>Sententiae</strong></span> <span class='ocrx_word' id='word_1_87' title='bbox 1183 1312 1323 1384; x_wconf 82' lang='lat' dir='ltr'><strong>qucquer</strong></span> 
     </span>
     <span class='ocr_line' id='line_1_11' title="bbox 302 1392 1297 1469; baseline -0.001 -20"><span class='ocrx_word' id='word_1_88' title='bbox 302 1393 399 1469; x_wconf 82' lang='lat' dir='ltr'><strong>ipsae,</strong></span> <span class='ocrx_word' id='word_1_89' title='bbox 422 1409 494 1468; x_wconf 93' lang='lat' dir='ltr'><strong>quas</strong></span> <span class='ocrx_word' id='word_1_90' title='bbox 516 1392 594 1450; x_wconf 91' lang='lat' dir='ltr'><strong>solas</strong></span> <span class='ocrx_word' id='word_1_91' title='bbox 611 1400 728 1468; x_wconf 88' lang='lat' dir='ltr'><strong>petunt,</strong></span> <span class='ocrx_word' id='word_1_92' title='bbox 749 1394 841 1468; x_wconf 90' lang='lat' dir='ltr'><strong>magis</strong></span> <span class='ocrx_word' id='word_1_93' title='bbox 866 1394 1005 1466; x_wconf 84' lang='lat' dir='ltr'><strong>eminent,</strong></span> <span class='ocrx_word' id='word_1_94' title='bbox 1030 1410 1093 1451; x_wconf 90' lang='lat' dir='ltr'><strong>cum</strong></span> <span class='ocrx_word' id='word_1_95' title='bbox 1114 1392 1205 1451; x_wconf 87' lang='lat' dir='ltr'><strong>omnia</strong></span> <span class='ocrx_word' id='word_1_96' title='bbox 1221 1393 1297 1449; x_wconf 91' lang='lat' dir='ltr'><strong>circa</strong></span> 
     </span>
     <span class='ocr_line' id='line_1_12' title="bbox 301 1475 1296 1550; baseline 0 -16"><span class='ocrx_word' id='word_1_97' title='bbox 301 1476 364 1535; x_wconf 88' lang='lat' dir='ltr'><strong>illas</strong></span> <span class='ocrx_word' id='word_1_98' title='bbox 389 1476 506 1536; x_wconf 91' lang='lat' dir='ltr'><strong>sordida</strong></span> <span class='ocrx_word' id='word_1_99' title='bbox 522 1484 550 1534; x_wconf 91' lang='lat' dir='ltr'><strong>et</strong></span> <span class='ocrx_word' id='word_1_100' title='bbox 573 1475 684 1534; x_wconf 90' lang='lat' dir='ltr'><strong>abiecta</strong></span> <span class='ocrx_word' id='word_1_101' title='bbox 706 1485 783 1544; x_wconf 90' lang='lat' dir='ltr'><strong>sunt;</strong></span> <span class='ocrx_word' id='word_1_102' title='bbox 804 1485 835 1535; x_wconf 89' lang='lat' dir='ltr'><strong>ut</strong></span> <span class='ocrx_word' id='word_1_103' title='bbox 853 1477 956 1535; x_wconf 92' lang='lat' dir='ltr'><strong>lumina</strong></span> <span class='ocrx_word' id='word_1_104' title='bbox 981 1493 1038 1534; x_wconf 90' lang='lat' dir='ltr'><strong>non</strong></span> <span class='ocrx_word' id='word_1_105' title='bbox 1060 1477 1141 1537; x_wconf 78' lang='lat' dir='ltr'><strong>inter</strong></span> <span class='ocrx_word' id='word_1_106' title='bbox 1159 1476 1296 1550; x_wconf 80' lang='lat' dir='ltr'><strong>umbros,</strong></span> 
     </span>
    </p>

    <p class='ocr_par' dir='ltr' id='par_1_5' title="bbox 246 1557 1338 3824">
     <span class='ocr_line' id='line_1_13' title="bbox 246 1557 1297 1642; baseline -0.002 -23"><span class='ocrx_word' id='word_1_107' title='bbox 246 1574 250 1631; x_wconf 80' lang='grc' dir='ltr'><strong>ι</strong></span> <span class='ocrx_word' id='word_1_108' title='bbox 302 1559 538 1637; x_wconf 84' lang='lat' dir='ltr'><strong>quemadmodum</strong></span> <span class='ocrx_word' id='word_1_109' title='bbox 561 1557 666 1618; x_wconf 87' lang='lat' dir='ltr'><strong>Cicero</strong></span> <span class='ocrx_word' id='word_1_110' title='bbox 690 1559 774 1634; x_wconf 91' lang='lat' dir='ltr'><strong>dicit,</strong></span> <span class='ocrx_word' id='word_1_111' title='bbox 796 1559 849 1618; x_wconf 89' lang='lat' dir='ltr'><strong>sed</strong></span> <span class='ocrx_word' id='word_1_112' title='bbox 873 1561 959 1638; x_wconf 91' lang='lat' dir='ltr'><strong>plane</strong></span> <span class='ocrx_word' id='word_1_113' title='bbox 979 1563 1007 1618; x_wconf 92' lang='lat' dir='ltr'><strong>in</strong></span> <span class='ocrx_word' id='word_1_114' title='bbox 1028 1559 1155 1619; x_wconf 89' lang='lat' dir='ltr'><strong>tenebris</strong></span> <span class='ocrx_word' id='word_1_115' title='bbox 1174 1559 1297 1642; x_wconf 88' lang='lat' dir='ltr'><strong>clariora</strong></span> 
     </span>
     <span class='ocr_line' id='line_1_14' title="bbox 300 1642 1296 1721; baseline -0.002 -19"><span class='ocrx_word' id='word_1_116' title='bbox 300 1653 373 1704; x_wconf 85' lang='lat' dir='ltr'><strong>sunt.</strong></span> <span class='ocrx_word' id='word_1_117' title='bbox 419 1642 522 1721; x_wconf 83' lang='lat' dir='ltr'><strong>ltaque</strong></span> <span class='ocrx_word' id='word_1_118' title='bbox 542 1645 685 1719; x_wconf 82' lang='lat' dir='ltr'><strong>ingeniosi</strong></span> <span class='ocrx_word' id='word_1_119' title='bbox 705 1642 862 1719; x_wconf 87' lang='lat' dir='ltr'><strong>vocentur,</strong></span> <span class='ocrx_word' id='word_1_120' title='bbox 885 1644 1018 1718; x_wconf 89' lang='lat' dir='ltr'><strong>utlibet,</strong></span> <span class='ocrx_word' id='word_1_121' title='bbox 1041 1643 1107 1704; x_wconf 94' lang='lat' dir='ltr'><strong>dum</strong></span> <span class='ocrx_word' id='word_1_122' title='bbox 1120 1653 1214 1703; x_wconf 91' lang='lat' dir='ltr'><strong>tamen</strong></span> <span class='ocrx_word' id='word_1_123' title='bbox 1230 1660 1296 1702; x_wconf 91' lang='lat' dir='ltr'><strong>con·</strong></span> 
     </span>
     <span class='ocr_line' id='line_1_15' title="bbox 300 1720 1326 1803; baseline 0.004 -18"><span class='ocrx_word' id='word_1_124' title='bbox 300 1737 373 1803; x_wconf 86' lang='lat' dir='ltr'><strong>stet,</strong></span> <span class='ocrx_word' id='word_1_125' title='bbox 397 1726 606 1787; x_wconf 87' lang='lat' dir='ltr'><strong>contumeliose</strong></span> <span class='ocrx_word' id='word_1_126' title='bbox 627 1720 673 1786; x_wconf 70' lang='lat' dir='ltr'><strong>sic&#39;</strong></span> <span class='ocrx_word' id='word_1_127' title='bbox 691 1727 800 1787; x_wconf 89' lang='lat' dir='ltr'><strong>laudari</strong></span> <span class='ocrx_word' id='word_1_128' title='bbox 816 1728 961 1787; x_wconf 90' lang='lat' dir='ltr'><strong>disertum.</strong></span> <span class='ocrx_word' id='word_1_129' title='bbox 1004 1727 1193 1788; x_wconf 88' lang='lat' dir='ltr'><strong>Nihilominus</strong></span> <span class='ocrx_word' id='word_1_130' title='bbox 1210 1726 1326 1789; x_wconf 85' lang='lat' dir='ltr'><strong>conii-8</strong></span> 
     </span>
     <span class='ocr_line' id='line_1_16' title="bbox 299 1810 1296 1889; baseline -0.001 -19"><span class='ocrx_word' id='word_1_131' title='bbox 299 1812 416 1872; x_wconf 88' lang='lat' dir='ltr'><strong>tendum</strong></span> <span class='ocrx_word' id='word_1_132' title='bbox 431 1821 477 1871; x_wconf 89' lang='lat' dir='ltr'><strong>est</strong></span> <span class='ocrx_word' id='word_1_133' title='bbox 492 1813 576 1871; x_wconf 92' lang='lat' dir='ltr'><strong>etiam</strong></span> <span class='ocrx_word' id='word_1_134' title='bbox 591 1810 743 1870; x_wconf 86' lang='lat' dir='ltr'><strong>detrahere</strong></span> <span class='ocrx_word' id='word_1_135' title='bbox 761 1813 917 1872; x_wconf 85' lang='lat' dir='ltr'><strong>doctrinam</strong></span> <span class='ocrx_word' id='word_1_136' title='bbox 933 1812 1057 1889; x_wconf 91' lang='lat' dir='ltr'><strong>aliquid,</strong></span> <span class='ocrx_word' id='word_1_137' title='bbox 1080 1821 1111 1871; x_wconf 88' lang='lat' dir='ltr'><strong>ut</strong></span> <span class='ocrx_word' id='word_1_138' title='bbox 1136 1813 1229 1873; x_wconf 91' lang='lat' dir='ltr'><strong>limam</strong></span> <span class='ocrx_word' id='word_1_139' title='bbox 1250 1830 1296 1869; x_wconf 87' lang='lat' dir='ltr'><strong>ru·</strong></span> 
     </span>
     <span class='ocr_line' id='line_1_17' title="bbox 300 1895 1295 1964; baseline 0 -10"><span class='ocrx_word' id='word_1_140' title='bbox 300 1896 382 1955; x_wconf 92' lang='lat' dir='ltr'><strong>dibus</strong></span> <span class='ocrx_word' id='word_1_141' title='bbox 398 1905 428 1955; x_wconf 88' lang='lat' dir='ltr'><strong>et</strong></span> <span class='ocrx_word' id='word_1_142' title='bbox 443 1904 525 1955; x_wconf 88' lang='lat' dir='ltr'><strong>cotes</strong></span> <span class='ocrx_word' id='word_1_143' title='bbox 541 1895 692 1955; x_wconf 88' lang='lat' dir='ltr'><strong>hebetibus</strong></span> <span class='ocrx_word' id='word_1_144' title='bbox 708 1905 737 1954; x_wconf 89' lang='lat' dir='ltr'><strong>et</strong></span> <span class='ocrx_word' id='word_1_145' title='bbox 749 1898 816 1955; x_wconf 90' lang='lat' dir='ltr'><strong>vino</strong></span> <span class='ocrx_word' id='word_1_146' title='bbox 839 1906 1024 1964; x_wconf 90' lang='lat' dir='ltr'><strong>vetustatem;</strong></span> <span class='ocrx_word' id='word_1_147' title='bbox 1047 1897 1099 1955; x_wconf 93' lang='lat' dir='ltr'><strong>sed</strong></span> <span class='ocrx_word' id='word_1_148' title='bbox 1119 1898 1187 1955; x_wconf 91' lang='lat' dir='ltr'><strong>vitia</strong></span> <span class='ocrx_word' id='word_1_149' title='bbox 1202 1895 1295 1954; x_wconf 91' lang='lat' dir='ltr'><strong>detra·</strong></span> 
     </span>
     <span class='ocr_line' id='line_1_18' title="bbox 299 1979 1295 2059; baseline -0.001 -21"><span class='ocrx_word' id='word_1_150' title='bbox 299 1979 354 2053; x_wconf 86' lang='lat' dir='ltr'><strong>hit,</strong></span> <span class='ocrx_word' id='word_1_151' title='bbox 373 1989 461 2058; x_wconf 90' lang='lat' dir='ltr'><strong>atque</strong></span> <span class='ocrx_word' id='word_1_152' title='bbox 478 1997 514 2038; x_wconf 94' lang='lat' dir='ltr'><strong>eo</strong></span> <span class='ocrx_word' id='word_1_153' title='bbox 529 1980 594 2038; x_wconf 93' lang='lat' dir='ltr'><strong>solo</strong></span> <span class='ocrx_word' id='word_1_154' title='bbox 609 1981 700 2038; x_wconf 91' lang='lat' dir='ltr'><strong>minus</strong></span> <span class='ocrx_word' id='word_1_155' title='bbox 716 1989 776 2055; x_wconf 87' lang='lat' dir='ltr'><strong>est,</strong></span> <span class='ocrx_word' id='word_1_156' title='bbox 794 1981 871 2057; x_wconf 93' lang='lat' dir='ltr'><strong>quod</strong></span> <span class='ocrx_word' id='word_1_157' title='bbox 886 1981 999 2040; x_wconf 87' lang='lat' dir='ltr'><strong>litterae</strong></span> <span class='ocrx_word' id='word_1_158' title='bbox 1014 1981 1223 2059; x_wconf 91' lang='lat' dir='ltr'><strong>perpolierunt,</strong></span> <span class='ocrx_word' id='word_1_159' title='bbox 1239 1995 1295 2057; x_wconf 93' lang='lat' dir='ltr'><strong>qno</strong></span> 
     </span>
     <span class='ocr_line' id='line_1_19' title="bbox 297 2063 1324 2141; baseline 0.004 -19"><span class='ocrx_word' id='word_1_160' title='bbox 297 2064 412 2122; x_wconf 89' lang='lat' dir='ltr'><strong>melius.</strong></span> <span class='ocrx_word' id='word_1_161' title='bbox 444 2063 551 2123; x_wconf 90' lang='lat' dir='ltr'><strong>Verum</strong></span> <span class='ocrx_word' id='word_1_162' title='bbox 565 2064 593 2123; x_wconf 94' lang='lat' dir='ltr'><strong>hi</strong></span> <span class='ocrx_word' id='word_1_163' title='bbox 611 2066 842 2141; x_wconf 86' lang='lat' dir='ltr'><strong>pronuntiatione</strong></span> <span class='ocrx_word' id='word_1_164' title='bbox 859 2081 974 2141; x_wconf 93' lang='lat' dir='ltr'><strong>quoqne</strong></span> <span class='ocrx_word' id='word_1_165' title='bbox 989 2065 1090 2123; x_wconf 85' lang='lat' dir='ltr'><strong>lamam</strong></span> <span class='ocrx_word' id='word_1_166' title='bbox 1108 2063 1221 2123; x_wconf 89' lang='lat' dir='ltr'><strong>dicendi</strong></span> <span class='ocrx_word' id='word_1_167' title='bbox 1237 2063 1324 2126; x_wconf 82' lang='lat' dir='ltr'><strong>lor-9</strong></span> 
     </span>
     <span class='ocr_line' id='line_1_20' title="bbox 298 2146 1297 2225; baseline -0.002 -19"><span class='ocrx_word' id='word_1_168' title='bbox 298 2150 354 2207; x_wconf 87' lang='lat' dir='ltr'><strong>tius</strong></span> <span class='ocrx_word' id='word_1_169' title='bbox 378 2157 528 2225; x_wconf 89' lang='lat' dir='ltr'><strong>quaerunt.</strong></span> <span class='ocrx_word' id='word_1_170' title='bbox 572 2146 645 2207; x_wconf 90' lang='lat' dir='ltr'><strong>Nam</strong></span> <span class='ocrx_word' id='word_1_171' title='bbox 666 2156 695 2206; x_wconf 87' lang='lat' dir='ltr'><strong>et</strong></span> <span class='ocrx_word' id='word_1_172' title='bbox 710 2147 832 2206; x_wconf 87' lang='lat' dir='ltr'><strong>clamant</strong></span> <span class='ocrx_word' id='word_1_173' title='bbox 847 2147 953 2224; x_wconf 90' lang='lat' dir='ltr'><strong>ubique</strong></span> <span class='ocrx_word' id='word_1_174' title='bbox 968 2157 997 2207; x_wconf 94' lang='lat' dir='ltr'><strong>et</strong></span> <span class='ocrx_word' id='word_1_175' title='bbox 1012 2150 1104 2206; x_wconf 92' lang='lat' dir='ltr'><strong>omnia</strong></span> <span class='ocrx_word' id='word_1_176' title='bbox 1124 2149 1243 2222; x_wconf 83' lang='lat' dir='ltr'><strong>levata,</strong></span> <span class='ocrx_word' id='word_1_177' title='bbox 1267 2155 1297 2205; x_wconf 93' lang='lat' dir='ltr'><strong>ut</strong></span> 
     </span>
     <span class='ocr_line' id='line_1_21' title="bbox 298 2229 1294 2309; baseline -0.002 -19"><span class='ocrx_word' id='word_1_178' title='bbox 298 2234 353 2309; x_wconf 88' lang='lat' dir='ltr'><strong>ipsi</strong></span> <span class='ocrx_word' id='word_1_179' title='bbox 368 2229 486 2308; x_wconf 85' lang='lat' dir='ltr'><strong>vocant,</strong></span> <span class='ocrx_word' id='word_1_180' title='bbox 501 2249 594 2291; x_wconf 82' lang='lat' dir='ltr'><strong>moon</strong></span> <span class='ocrx_word' id='word_1_181' title='bbox 610 2234 765 2308; x_wconf 83' lang='lat' dir='ltr'><strong>emugiunt,</strong></span> <span class='ocrx_word' id='word_1_182' title='bbox 780 2232 869 2290; x_wconf 91' lang='lat' dir='ltr'><strong>multo</strong></span> <span class='ocrx_word' id='word_1_183' title='bbox 884 2231 1033 2307; x_wconf 86' lang='lat' dir='ltr'><strong>discursu,</strong></span> <span class='ocrx_word' id='word_1_184' title='bbox 1049 2230 1194 2305; x_wconf 85' lang='lat' dir='ltr'><strong>anhelitu,</strong></span> <span class='ocrx_word' id='word_1_185' title='bbox 1207 2232 1294 2290; x_wconf 89' lang='lat' dir='ltr'><strong>iacta·</strong></span> 
     </span>
     <span class='ocr_line' id='line_1_22' title="bbox 297 2314 1338 2393; baseline -0.001 -19"><span class='ocrx_word' id='word_1_186' title='bbox 297 2318 377 2375; x_wconf 89' lang='lat' dir='ltr'><strong>tione</strong></span> <span class='ocrx_word' id='word_1_187' title='bbox 402 2324 522 2393; x_wconf 86' lang='lat' dir='ltr'><strong>gestus,</strong></span> <span class='ocrx_word' id='word_1_188' title='bbox 544 2325 622 2375; x_wconf 94' lang='lat' dir='ltr'><strong>motu</strong></span> <span class='ocrx_word' id='word_1_189' title='bbox 642 2317 743 2393; x_wconf 87' lang='lat' dir='ltr'><strong>capitis</strong></span> <span class='ocrx_word' id='word_1_190' title='bbox 761 2316 899 2374; x_wconf 89' lang='lat' dir='ltr'><strong>furentes.</strong></span> <span class='ocrx_word' id='word_1_191' title='bbox 944 2315 1003 2375; x_wconf 91' lang='lat' dir='ltr'><strong>lam</strong></span> <span class='ocrx_word' id='word_1_192' title='bbox 1024 2314 1166 2374; x_wconf 80' lang='lat' dir='ltr'><strong>collidere</strong></span> <span class='ocrx_word' id='word_1_193' title='bbox 1187 2322 1338 2387; x_wconf 87' lang='lat' dir='ltr'><strong>manus,10</strong></span> 
     </span>
     <span class='ocr_line' id='line_1_23' title="bbox 296 2399 1295 2478; baseline -0.003 -20"><span class='ocrx_word' id='word_1_194' title='bbox 296 2409 397 2459; x_wconf 86' lang='lat' dir='ltr'><strong>terrae</strong></span> <span class='ocrx_word' id='word_1_195' title='bbox 411 2399 515 2477; x_wconf 89' lang='lat' dir='ltr'><strong>pedem</strong></span> <span class='ocrx_word' id='word_1_196' title='bbox 529 2401 669 2474; x_wconf 89' lang='lat' dir='ltr'><strong>incutere,</strong></span> <span class='ocrx_word' id='word_1_197' title='bbox 685 2400 787 2475; x_wconf 87' lang='lat' dir='ltr'><strong>femur,</strong></span> <span class='ocrx_word' id='word_1_198' title='bbox 805 2408 917 2478; x_wconf 87' lang='lat' dir='ltr'><strong>pectus,</strong></span> <span class='ocrx_word' id='word_1_199' title='bbox 936 2399 1063 2458; x_wconf 83' lang='lat' dir='ltr'><strong>frontem</strong></span> <span class='ocrx_word' id='word_1_200' title='bbox 1075 2399 1209 2474; x_wconf 74' lang='lat' dir='ltr'><strong>caedere,</strong></span> <span class='ocrx_word' id='word_1_201' title='bbox 1225 2400 1295 2456; x_wconf 90' lang='lat' dir='ltr'><strong>mire</strong></span> 
     </span>
     <span class='ocr_line' id='line_1_24' title="bbox 296 2483 1296 2562; baseline -0.001 -20"><span class='ocrx_word' id='word_1_202' title='bbox 296 2485 332 2544; x_wconf 91' lang='lat' dir='ltr'><strong>ad</strong></span> <span class='ocrx_word' id='word_1_203' title='bbox 347 2484 489 2562; x_wconf 89' lang='lat' dir='ltr'><strong>pullatum</strong></span> <span class='ocrx_word' id='word_1_204' title='bbox 505 2483 642 2543; x_wconf 91' lang='lat' dir='ltr'><strong>circulum</strong></span> <span class='ocrx_word' id='word_1_205' title='bbox 657 2485 738 2551; x_wconf 88' lang='lat' dir='ltr'><strong>lacit;</strong></span> <span class='ocrx_word' id='word_1_206' title='bbox 764 2502 828 2543; x_wconf 92' lang='lat' dir='ltr'><strong>cum</strong></span> <span class='ocrx_word' id='word_1_207' title='bbox 845 2485 895 2543; x_wconf 92' lang='lat' dir='ltr'><strong>ille</strong></span> <span class='ocrx_word' id='word_1_208' title='bbox 911 2485 1056 2558; x_wconf 92' lang='lat' dir='ltr'><strong>eruditus,</strong></span> <span class='ocrx_word' id='word_1_209' title='bbox 1078 2492 1108 2542; x_wconf 95' lang='lat' dir='ltr'><strong>ut</strong></span> <span class='ocrx_word' id='word_1_210' title='bbox 1122 2483 1296 2543; x_wconf 76' lang='lat' dir='ltr'><strong>iactatione</strong></span> 
     </span>
     <span class='ocr_line' id='line_1_25' title="bbox 296 2569 1295 2647; baseline -0.003 -20"><span class='ocrx_word' id='word_1_211' title='bbox 296 2569 388 2629; x_wconf 89' lang='lat' dir='ltr'><strong>multa</strong></span> <span class='ocrx_word' id='word_1_212' title='bbox 406 2569 599 2643; x_wconf 84' lang='lat' dir='ltr'><strong>summittere,</strong></span> <span class='ocrx_word' id='word_1_213' title='bbox 622 2570 751 2644; x_wconf 88' lang='lat' dir='ltr'><strong>variare,</strong></span> <span class='ocrx_word' id='word_1_214' title='bbox 774 2569 946 2646; x_wconf 88' lang='lat' dir='ltr'><strong>disponere,</strong></span> <span class='ocrx_word' id='word_1_215' title='bbox 968 2571 1006 2628; x_wconf 91' lang='lat' dir='ltr'><strong>ita</strong></span> <span class='ocrx_word' id='word_1_216' title='bbox 1028 2570 1113 2627; x_wconf 90' lang='lat' dir='ltr'><strong>etiam</strong></span> <span class='ocrx_word' id='word_1_217' title='bbox 1126 2569 1155 2626; x_wconf 92' lang='lat' dir='ltr'><strong>in</strong></span> <span class='ocrx_word' id='word_1_218' title='bbox 1171 2583 1295 2647; x_wconf 90' lang='lat' dir='ltr'><strong>pronun·</strong></span> 
     </span>
     <span class='ocr_line' id='line_1_26' title="bbox 296 2651 1295 2730; baseline -0.003 -18"><span class='ocrx_word' id='word_1_219' title='bbox 296 2653 396 2712; x_wconf 90' lang='lat' dir='ltr'><strong>tiando</strong></span> <span class='ocrx_word' id='word_1_220' title='bbox 410 2670 493 2710; x_wconf 89' lang='lat' dir='ltr'><strong>sunm</strong></span> <span class='ocrx_word' id='word_1_221' title='bbox 507 2655 611 2730; x_wconf 90' lang='lat' dir='ltr'><strong>cuique</strong></span> <span class='ocrx_word' id='word_1_222' title='bbox 626 2669 741 2727; x_wconf 89' lang='lat' dir='ltr'><strong>eorum,</strong></span> <span class='ocrx_word' id='word_1_223' title='bbox 765 2670 839 2730; x_wconf 89' lang='lat' dir='ltr'><strong>quae</strong></span> <span class='ocrx_word' id='word_1_224' title='bbox 851 2653 944 2727; x_wconf 87' lang='lat' dir='ltr'><strong>dicct,</strong></span> <span class='ocrx_word' id='word_1_225' title='bbox 968 2653 1061 2713; x_wconf 92' lang='lat' dir='ltr'><strong>colori</strong></span> <span class='ocrx_word' id='word_1_226' title='bbox 1077 2651 1295 2712; x_wconf 91' lang='lat' dir='ltr'><strong>accommodare</strong></span> 
     </span>
     <span class='ocr_line' id='line_1_27' title="bbox 298 2736 1294 2816; baseline -0.003 -20"><span class='ocrx_word' id='word_1_227' title='bbox 298 2746 394 2796; x_wconf 88' lang='lat' dir='ltr'><strong>actum</strong></span> <span class='ocrx_word' id='word_1_228' title='bbox 407 2739 499 2810; x_wconf 90' lang='lat' dir='ltr'><strong>sciat,</strong></span> <span class='ocrx_word' id='word_1_229' title='bbox 526 2745 571 2811; x_wconf 88' lang='lat' dir='ltr'><strong>et,</strong></span> <span class='ocrx_word' id='word_1_230' title='bbox 594 2739 619 2795; x_wconf 92' lang='lat' dir='ltr'><strong>si</strong></span> <span class='ocrx_word' id='word_1_231' title='bbox 641 2736 708 2814; x_wconf 92' lang='lat' dir='ltr'><strong>quid</strong></span> <span class='ocrx_word' id='word_1_232' title='bbox 725 2739 762 2794; x_wconf 94' lang='lat' dir='ltr'><strong>sit</strong></span> <span class='ocrx_word' id='word_1_233' title='bbox 781 2745 923 2816; x_wconf 87' lang='lat' dir='ltr'><strong>perpetua</strong></span> <span class='ocrx_word' id='word_1_234' title='bbox 945 2736 1148 2796; x_wconf 90' lang='lat' dir='ltr'><strong>observatione</strong></span> <span class='ocrx_word' id='word_1_235' title='bbox 1169 2737 1294 2812; x_wconf 81' lang='lat' dir='ltr'><strong>dignum,</strong></span> 
     </span>
     <span class='ocr_line' id='line_1_28' title="bbox 298 2819 1335 2898; baseline -0.007 -17"><span class='ocrx_word' id='word_1_236' title='bbox 298 2821 452 2881; x_wconf 85' lang='lat' dir='ltr'><strong>modestus</strong></span> <span class='ocrx_word' id='word_1_237' title='bbox 463 2829 492 2879; x_wconf 90' lang='lat' dir='ltr'><strong>et</strong></span> <span class='ocrx_word' id='word_1_238' title='bbox 505 2839 572 2880; x_wconf 90' lang='lat' dir='ltr'><strong>esse</strong></span> <span class='ocrx_word' id='word_1_239' title='bbox 588 2830 617 2879; x_wconf 89' lang='lat' dir='ltr'><strong>et</strong></span> <span class='ocrx_word' id='word_1_240' title='bbox 632 2820 724 2879; x_wconf 89' lang='lat' dir='ltr'><strong>videri</strong></span> <span class='ocrx_word' id='word_1_241' title='bbox 738 2821 826 2880; x_wconf 89' lang='lat' dir='ltr'><strong>malit.</strong></span> <span class='ocrx_word' id='word_1_242' title='bbox 864 2821 903 2880; x_wconf 88' lang='grc' dir='ltr'><strong>Αι</strong></span> <span class='ocrx_word' id='word_1_243' title='bbox 918 2821 960 2880; x_wconf 93' lang='lat' dir='ltr'><strong>illi</strong></span> <span class='ocrx_word' id='word_1_244' title='bbox 975 2820 1048 2880; x_wconf 89' lang='lat' dir='ltr'><strong>hanc</strong></span> <span class='ocrx_word' id='word_1_245' title='bbox 1062 2822 1123 2882; x_wconf 82' lang='lat' dir='ltr'><strong>vim</strong></span> <span class='ocrx_word' id='word_1_246' title='bbox 1137 2819 1294 2898; x_wconf 91' lang='lat' dir='ltr'><strong>appellant,</strong></span> <span class='ocrx_word' id='word_1_247' title='bbox 1304 2823 1335 2874; x_wconf 88' lang='lat'><strong>11</strong></span> 
     </span>
     <span class='ocr_line' id='line_1_29' title="bbox 299 2902 1304 2982; baseline -0.006 -18"><span class='ocrx_word' id='word_1_248' title='bbox 299 2923 372 2982; x_wconf 90' lang='lat' dir='ltr'><strong>quae</strong></span> <span class='ocrx_word' id='word_1_249' title='bbox 400 2913 448 2964; x_wconf 87' lang='lat' dir='ltr'><strong>est</strong></span> <span class='ocrx_word' id='word_1_250' title='bbox 472 2907 567 2982; x_wconf 90' lang='lat' dir='ltr'><strong>potius</strong></span> <span class='ocrx_word' id='word_1_251' title='bbox 593 2905 745 2971; x_wconf 88' lang='lat' dir='ltr'><strong>violentia;</strong></span> <span class='ocrx_word' id='word_1_252' title='bbox 776 2922 839 2963; x_wconf 89' lang='lat' dir='ltr'><strong>cum</strong></span> <span class='ocrx_word' id='word_1_253' title='bbox 859 2906 972 2964; x_wconf 89' lang='lat' dir='ltr'><strong>interim</strong></span> <span class='ocrx_word' id='word_1_254' title='bbox 995 2923 1052 2964; x_wconf 90' lang='lat' dir='ltr'><strong>non</strong></span> <span class='ocrx_word' id='word_1_255' title='bbox 1074 2914 1189 2964; x_wconf 90' lang='lat' dir='ltr'><strong>actores</strong></span> <span class='ocrx_word' id='word_1_256' title='bbox 1208 2902 1304 2962; x_wconf 92' lang='lat' dir='ltr'><strong>modo.</strong></span> 
     </span>
     <span class='ocr_line' id='line_1_30' title="bbox 299 2988 1294 3067; baseline -0.002 -20"><span class='ocrx_word' id='word_1_257' title='bbox 299 2989 412 3067; x_wconf 91' lang='lat' dir='ltr'><strong>aliquos</strong></span> <span class='ocrx_word' id='word_1_258' title='bbox 429 2989 556 3048; x_wconf 82' lang='lat' dir='ltr'><strong>invenias</strong></span> <span class='ocrx_word' id='word_1_259' title='bbox 570 2989 641 3063; x_wconf 87' lang='lat' dir='ltr'><strong>sed,</strong></span> <span class='ocrx_word' id='word_1_260' title='bbox 663 2988 741 3066; x_wconf 94' lang='lat' dir='ltr'><strong>quod</strong></span> <span class='ocrx_word' id='word_1_261' title='bbox 761 2997 807 3046; x_wconf 87' lang='lat' dir='ltr'><strong>est</strong></span> <span class='ocrx_word' id='word_1_262' title='bbox 826 2991 951 3066; x_wconf 87' lang='lat' dir='ltr'><strong>turpius,</strong></span> <span class='ocrx_word' id='word_1_263' title='bbox 973 2998 1183 3067; x_wconf 82' lang='lat' dir='ltr'><strong>praeceptores</strong></span> <span class='ocrx_word' id='word_1_264' title='bbox 1199 2989 1294 3061; x_wconf 91' lang='lat' dir='ltr'><strong>etiam,</strong></span> 
     </span>
     <span class='ocr_line' id='line_1_31' title="bbox 299 3070 1294 3150; baseline -0.002 -18"><span class='ocrx_word' id='word_1_265' title='bbox 299 3070 348 3150; x_wconf 89' lang='lat' dir='ltr'><strong>qui</strong></span> <span class='ocrx_word' id='word_1_266' title='bbox 358 3072 481 3131; x_wconf 88' lang='lat' dir='ltr'><strong>brevem</strong></span> <span class='ocrx_word' id='word_1_267' title='bbox 497 3073 609 3132; x_wconf 89' lang='lat' dir='ltr'><strong>dicendi</strong></span> <span class='ocrx_word' id='word_1_268' title='bbox 626 3075 863 3132; x_wconf 86' lang='lat' dir='ltr'><strong>exercitationem</strong></span> <span class='ocrx_word' id='word_1_269' title='bbox 876 3075 1035 3148; x_wconf 85' lang='lat' dir='ltr'><strong>consecuti,</strong></span> <span class='ocrx_word' id='word_1_270' title='bbox 1052 3074 1156 3132; x_wconf 90' lang='lat' dir='ltr'><strong>omissa</strong></span> <span class='ocrx_word' id='word_1_271' title='bbox 1172 3073 1294 3145; x_wconf 88' lang='lat' dir='ltr'><strong>ratione,</strong></span> 
     </span>
     <span class='ocr_line' id='line_1_32' title="bbox 298 3155 1294 3236; baseline -0.001 -22"><span class='ocrx_word' id='word_1_272' title='bbox 298 3166 325 3215; x_wconf 94' lang='lat' dir='ltr'><strong>ut</strong></span> <span class='ocrx_word' id='word_1_273' title='bbox 337 3155 406 3218; x_wconf 87' lang='lat' dir='ltr'><strong>tulit</strong></span> <span class='ocrx_word' id='word_1_274' title='bbox 421 3157 560 3234; x_wconf 87' lang='lat' dir='ltr'><strong>impetus,</strong></span> <span class='ocrx_word' id='word_1_275' title='bbox 580 3159 686 3234; x_wconf 91' lang='lat' dir='ltr'><strong>passim</strong></span> <span class='ocrx_word' id='word_1_276' title='bbox 701 3156 905 3216; x_wconf 90' lang='lat' dir='ltr'><strong>tumultuentur</strong></span> <span class='ocrx_word' id='word_1_277' title='bbox 920 3175 1041 3236; x_wconf 89' lang='lat' dir='ltr'><strong>eosque,</strong></span> <span class='ocrx_word' id='word_1_278' title='bbox 1059 3159 1107 3234; x_wconf 92' lang='lat' dir='ltr'><strong>qui</strong></span> <span class='ocrx_word' id='word_1_279' title='bbox 1121 3156 1187 3234; x_wconf 94' lang='lat' dir='ltr'><strong>plus</strong></span> <span class='ocrx_word' id='word_1_280' title='bbox 1203 3155 1294 3215; x_wconf 92' lang='lat' dir='ltr'><strong>hono·</strong></span> 
     </span>
     <span class='ocr_line' id='line_1_33' title="bbox 297 3239 1294 3319; baseline -0.001 -21"><span class='ocrx_word' id='word_1_281' title='bbox 297 3243 334 3299; x_wconf 91' lang='lat' dir='ltr'><strong>ris</strong></span> <span class='ocrx_word' id='word_1_282' title='bbox 351 3241 459 3300; x_wconf 87' lang='lat' dir='ltr'><strong>litteris</strong></span> <span class='ocrx_word' id='word_1_283' title='bbox 474 3240 648 3316; x_wconf 87' lang='lat' dir='ltr'><strong>tribuerunt,</strong></span> <span class='ocrx_word' id='word_1_284' title='bbox 671 3243 786 3318; x_wconf 87' lang='lat' dir='ltr'><strong>ineptos</strong></span> <span class='ocrx_word' id='word_1_285' title='bbox 808 3249 838 3299; x_wconf 92' lang='lat' dir='ltr'><strong>et</strong></span> <span class='ocrx_word' id='word_1_286' title='bbox 858 3242 970 3300; x_wconf 88' lang='lat' dir='ltr'><strong>ieiunos</strong></span> <span class='ocrx_word' id='word_1_287' title='bbox 986 3250 1015 3300; x_wconf 92' lang='lat' dir='ltr'><strong>et</strong></span> <span class='ocrx_word' id='word_1_288' title='bbox 1030 3240 1158 3319; x_wconf 90' lang='lat' dir='ltr'><strong>trepidos</strong></span> <span class='ocrx_word' id='word_1_289' title='bbox 1175 3249 1204 3298; x_wconf 87' lang='lat' dir='ltr'><strong>et</strong></span> <span class='ocrx_word' id='word_1_290' title='bbox 1218 3239 1294 3300; x_wconf 92' lang='lat' dir='ltr'><strong>inlir·</strong></span> 
     </span>
     <span class='ocr_line' id='line_1_34' title="bbox 296 3317 1293 3403; baseline 0.001 -21"><span class='ocrx_word' id='word_1_291' title='bbox 296 3317 381 3399; x_wconf 75' lang='lat' dir='ltr'><strong>mos,</strong></span> <span class='ocrx_word' id='word_1_292' title='bbox 400 3332 434 3383; x_wconf 92' lang='lat' dir='ltr'><strong>ut</strong></span> <span class='ocrx_word' id='word_1_293' title='bbox 455 3325 590 3403; x_wconf 90' lang='lat' dir='ltr'><strong>quodque</strong></span> <span class='ocrx_word' id='word_1_294' title='bbox 612 3324 731 3383; x_wconf 91' lang='lat' dir='ltr'><strong>verbum</strong></span> <span class='ocrx_word' id='word_1_295' title='bbox 747 3326 1064 3384; x_wconf 88' lang='lat' dir='ltr'><strong>contumeliosissimum</strong></span> <span class='ocrx_word' id='word_1_296' title='bbox 1078 3327 1219 3400; x_wconf 87' lang='lat' dir='ltr'><strong>occurrit,</strong></span> <span class='ocrx_word' id='word_1_297' title='bbox 1244 3342 1293 3403; x_wconf 93' lang='lat' dir='ltr'><strong>ap·</strong></span> 
     </span>
     <span class='ocr_line' id='line_1_35' title="bbox 296 3407 1336 3486; baseline -0.001 -19"><span class='ocrx_word' id='word_1_298' title='bbox 296 3407 420 3486; x_wconf 89' lang='lat' dir='ltr'><strong>pellent.</strong></span> <span class='ocrx_word' id='word_1_299' title='bbox 466 3408 574 3468; x_wconf 90' lang='lat' dir='ltr'><strong>Verum</strong></span> <span class='ocrx_word' id='word_1_300' title='bbox 593 3409 651 3468; x_wconf 91' lang='lat' dir='ltr'><strong>illis</strong></span> <span class='ocrx_word' id='word_1_301' title='bbox 672 3408 786 3486; x_wconf 88' lang='lat' dir='ltr'><strong>quidem</strong></span> <span class='ocrx_word' id='word_1_302' title='bbox 814 3409 991 3485; x_wconf 80' lang='lat' dir='ltr'><strong>gratulemur</strong></span> <span class='ocrx_word' id='word_1_303' title='bbox 1011 3410 1073 3467; x_wconf 90' lang='lat' dir='ltr'><strong>sine</strong></span> <span class='ocrx_word' id='word_1_304' title='bbox 1093 3408 1212 3484; x_wconf 91' lang='lat' dir='ltr'><strong>labore,</strong></span> <span class='ocrx_word' id='word_1_305' title='bbox 1231 3410 1336 3467; x_wconf 73' lang='lat' dir='ltr'><strong>sinelh</strong></span> 
     </span>
     <span class='ocr_line' id='line_1_36' title="bbox 296 3491 1293 3571; baseline -0.002 -19"><span class='ocrx_word' id='word_1_306' title='bbox 296 3495 422 3567; x_wconf 86' lang='lat' dir='ltr'><strong>ratione,</strong></span> <span class='ocrx_word' id='word_1_307' title='bbox 438 3493 500 3552; x_wconf 92' lang='lat' dir='ltr'><strong>sine</strong></span> <span class='ocrx_word' id='word_1_308' title='bbox 516 3493 667 3571; x_wconf 90' lang='lat' dir='ltr'><strong>disciplina</strong></span> <span class='ocrx_word' id='word_1_309' title='bbox 683 3493 816 3560; x_wconf 88' lang='lat' dir='ltr'><strong>disertis;</strong></span> <span class='ocrx_word' id='word_1_310' title='bbox 834 3510 904 3568; x_wconf 87' lang='lat' dir='ltr'><strong>nos,</strong></span> <span class='ocrx_word' id='word_1_311' title='bbox 925 3492 1037 3571; x_wconf 86' lang='lat' dir='ltr'><strong>quando</strong></span> <span class='ocrx_word' id='word_1_312' title='bbox 1054 3501 1083 3551; x_wconf 88' lang='lat' dir='ltr'><strong>et</strong></span> <span class='ocrx_word' id='word_1_313' title='bbox 1097 3491 1293 3570; x_wconf 87' lang='lat' dir='ltr'><strong>praecipiendi</strong></span> 
     </span>
     <span class='ocr_line' id='line_1_37' title="bbox 295 3575 1293 3656; baseline -0.002 -22"><span class='ocrx_word' id='word_1_314' title='bbox 295 3593 399 3636; x_wconf 88' lang='lat' dir='ltr'><strong>munus</strong></span> <span class='ocrx_word' id='word_1_315' title='bbox 422 3577 477 3635; x_wconf 93' lang='lat' dir='ltr'><strong>iam</strong></span> <span class='ocrx_word' id='word_1_316' title='bbox 502 3576 612 3654; x_wconf 89' lang='lat' dir='ltr'><strong>pridem</strong></span> <span class='ocrx_word' id='word_1_317' title='bbox 638 3577 787 3654; x_wconf 90' lang='lat' dir='ltr'><strong>deprecati</strong></span> <span class='ocrx_word' id='word_1_318' title='bbox 814 3595 911 3635; x_wconf 89' lang='lat' dir='ltr'><strong>sumus</strong></span> <span class='ocrx_word' id='word_1_319' title='bbox 938 3586 967 3636; x_wconf 90' lang='lat' dir='ltr'><strong>et</strong></span> <span class='ocrx_word' id='word_1_320' title='bbox 988 3578 1016 3635; x_wconf 91' lang='lat' dir='ltr'><strong>in</strong></span> <span class='ocrx_word' id='word_1_321' title='bbox 1038 3576 1103 3636; x_wconf 81' lang='lat' dir='ltr'><strong>foro</strong></span> <span class='ocrx_word' id='word_1_322' title='bbox 1120 3594 1237 3656; x_wconf 91' lang='lat' dir='ltr'><strong>quoque</strong></span> <span class='ocrx_word' id='word_1_323' title='bbox 1252 3575 1293 3635; x_wconf 92' lang='lat' dir='ltr'><strong>di·</strong></span> 
     </span>
     <span class='ocr_line' id='line_1_38' title="bbox 296 3658 1292 3738; baseline -0.004 -18"><span class='ocrx_word' id='word_1_324' title='bbox 296 3660 399 3735; x_wconf 87' lang='lat' dir='ltr'><strong>cendi,</strong></span> <span class='ocrx_word' id='word_1_325' title='bbox 422 3662 488 3737; x_wconf 88' lang='lat' dir='ltr'><strong>quia</strong></span> <span class='ocrx_word' id='word_1_326' title='bbox 503 3659 734 3720; x_wconf 88' lang='lat' dir='ltr'><strong>honestissimum</strong></span> <span class='ocrx_word' id='word_1_327' title='bbox 749 3660 833 3719; x_wconf 87' lang='lat' dir='ltr'><strong>linem</strong></span> <span class='ocrx_word' id='word_1_328' title='bbox 847 3670 976 3738; x_wconf 92' lang='lat' dir='ltr'><strong>putamus</strong></span> <span class='ocrx_word' id='word_1_329' title='bbox 991 3661 1139 3736; x_wconf 81' lang='lat' dir='ltr'><strong>desinere,</strong></span> <span class='ocrx_word' id='word_1_330' title='bbox 1166 3660 1230 3721; x_wconf 89' lang='lat' dir='ltr'><strong>dum</strong></span> <span class='ocrx_word' id='word_1_331' title='bbox 1244 3658 1292 3717; x_wconf 88' lang='lat' dir='ltr'><strong>de·</strong></span> 
     </span>
     <span class='ocr_line' id='line_1_39' title="bbox 296 3743 1300 3824; baseline -0.001 -22"><span class='ocrx_word' id='word_1_332' title='bbox 296 3745 506 3804; x_wconf 88' lang='lat' dir='ltr'><strong>sideraremur:</strong></span> <span class='ocrx_word' id='word_1_333' title='bbox 518 3745 687 3823; x_wconf 88' lang='lat' dir='ltr'><strong>inquirendo</strong></span> <span class='ocrx_word' id='word_1_334' title='bbox 702 3743 915 3824; x_wconf 82' lang='lat' dir='ltr'><strong>scribendoque</strong></span> <span class='ocrx_word' id='word_1_335' title='bbox 928 3745 996 3807; x_wconf 87' lang='lat' dir='ltr'><strong>talia</strong></span> <span class='ocrx_word' id='word_1_336' title='bbox 1009 3745 1192 3808; x_wconf 86' lang='lat' dir='ltr'><strong>consolemur</strong></span> <span class='ocrx_word' id='word_1_337' title='bbox 1205 3745 1300 3804; x_wconf 82' lang='lat' dir='ltr'><strong>otium</strong></span> 
     </span>
    </p>

    <p class='ocr_par' dir='ltr' id='par_1_6' title="bbox 339 3820 1158 3896">
     <span class='ocr_line' id='line_1_40' title="bbox 339 3820 1158 3896; baseline -0.011 -8"><span class='ocrx_word' id='word_1_338' title='bbox 339 3850 370 3888; x_wconf 82' lang='grc' dir='ltr'><strong>ιι.</strong></span> <span class='ocrx_word' id='word_1_339' title='bbox 385 3849 409 3886; x_wconf 85' lang='lat' dir='ltr'><strong>r.</strong></span> <span class='ocrx_word' id='word_1_340' title='bbox 427 3847 537 3896; x_wconf 79' lang='lat' dir='ltr'><strong>ournrrr,</strong></span> <span class='ocrx_word' id='word_1_341' title='bbox 565 3820 572 3838; x_wconf 84' lang='grc'><strong><em>’</em></strong></span> <span class='ocrx_word' id='word_1_342' title='bbox 1133 3831 1158 3896; x_wconf 62' lang='grc' dir='ltr'><strong>ἲ)</strong></span> 
     </span>
    </p>
   </div>
   <div class='ocr_carea' id='block_1_5' title="bbox 0 0 1596 4409">
    <p class='ocr_par' dir='ltr' id='par_1_7' title="bbox 0 0 1596 4409">
     <span class='ocr_line' id='line_1_41' title="bbox 0 0 1596 4409; baseline 0 3"><span class='ocrx_word' id='word_1_343' title='bbox 0 0 1596 4409; x_wconf 95' lang='lat' dir='ltr'><strong> </strong></span> 
     </span>
    </p>
   </div>
  </div>
 </body>
</html>
