3184 4409
369 513 408 574 22
681 526 1044 588 annotationum

369 685 546 761 promiscua,
576 700 650 760 quae
676 684 824 760 epicoena
848 683 994 756 dicuntur,
1020 681 1194 758 ostenderit,
1214 684 1353 763 inquibat

369 786 456 826 sexus
478 776 599 845 uterque
616 785 669 844 per
683 767 805 825 alterum
820 775 955 844 apparet;
979 774 1026 824 aut
1042 783 1116 843 quae
1133 767 1268 829 feminina
1285 771 1352 848 posi·

310 903 312 908 .
369 854 447 911 tione
462 867 556 910 mares
572 859 620 909 aut
634 850 756 910 neutrali
773 851 894 910 seminas
910 849 1087 926 significant,
1108 850 1202 929 qualia
1217 863 1283 912 sunt
1295 851 1352 914 dlu-

326 944 489 998 ascendet
508 936 688 1013 Glycerium.
726 933 905 993 Scrutabitur
926 934 977 993 ille
995 943 1171 1012 praeceptor
1186 953 1255 996 acer
1276 946 1351 1015 atque

371 1020 483 1079 subtilis
510 1021 636 1096 origines
656 1020 815 1093 nominum,
844 1036 918 1096 quae
938 1016 1093 1103 exthahitu
1116 1022 1248 1097 corporis
1266 1020 1352 1100 Rufos

370 1103 545 1182 Lonposque
565 1103 710 1170 fecerunt;
728 1101 776 1161 ubi
795 1104 849 1162 erit
871 1101 947 1162 aliud
962 1103 1121 1177 secretius,
1143 1101 1267 1177 Sullae,
1282 1103 1350 1165 Bur·

370 1190 434 1266 rbi,
451 1189 583 1263 Galbae,
606 1187 721 1262 Plauti,
743 1185 881 1263 Pansae,
901 1185 1017 1246 Scauri
1038 1186 1178 1264 taliaque3
1196 1198 1225 1248 et
1241 1207 1279 1248 ex
1293 1205 1350 1249 casu

369 1272 560 1339 nascentium
579 1271 626 1330 hic
645 1267 786 1349 Aprippa
804 1279 833 1329 et
851 1267 956 1349 Opiter
971 1279 1001 1329 et
1022 1268 1143 1333 Cordus
1161 1281 1190 1330 et
1205 1271 1351 1334 Postumus

371 1367 466 1425 erunt;
488 1365 572 1423 etex
588 1357 639 1430 iis,
658 1372 731 1432 quae
749 1364 817 1432 post
834 1365 916 1414 natos
936 1356 1087 1430 eveniunt,
1108 1355 1183 1415 unde
1205 1355 1349 1436 Vopiscus.

370 1441 428 1501 lam
451 1438 574 1515 Cottae,
597 1437 770 1517 Scipiones,
793 1437 961 1514 Laenates,
984 1437 1098 1500 Serani
1119 1448 1184 1499 sunt
1205 1449 1235 1500 et
1256 1459 1294 1500 ex
1312 1457 1350 1500 ra·

315 1518 420 1584 'tbriia
441 1524 547 1584 nausis.
585 1522 691 1583 Gentes
715 1539 830 1600 quoque
851 1541 886 1582 ao
910 1522 976 1582 loca
996 1530 1025 1581 et
1046 1523 1101 1583 alia
1122 1525 1210 1584 multa
1231 1527 1350 1603 reperio

370 1611 444 1668 inter
460 1608 601 1666 nominum
621 1624 732 1667 causas.
768 1606 911 1666 inservis
931 1607 987 1665 iam
1005 1606 1149 1667 intercidit
1170 1606 1241 1668 illud
1257 1625 1349 1686 genus,

371 1692 447 1771 quod
463 1689 621 1751 ducebatur
636 1708 652 1751 a
669 1691 800 1764 domino,
814 1692 889 1750 unde
905 1687 1098 1770 Marcipores
1114 1690 1350 1771 Publiporesque.

370 1776 495 1850 Quaerat
516 1776 615 1849 etiam,
638 1777 711 1835 sitne
730 1775 805 1852 apud
821 1775 949 1834 Graecos
967 1777 1011 1835 vis
1028 1775 1167 1853 quaedam
1184 1778 1260 1837 sexti
1277 1791 1350 1838 casus

371 1869 400 1919 et
414 1860 489 1936 apud
504 1875 557 1917 nos
574 1875 688 1936 quoque
704 1861 827 1936 septimi.
858 1858 930 1919 Nam
947 1877 1012 1918 oum
1024 1859 1089 1923 dico
1106 1861 1195 1922 basta
1206 1860 1351 1940 percussi,

370 1960 427 2002 non
443 1953 508 2002 utor
527 1942 642 2001 ablativi
660 1952 771 2011 natura;
790 1961 860 2018 nec,
879 1946 902 2002 si
919 1943 993 2002 idem
1009 1942 1119 2004 Graece
1137 1942 1246 2021 dicam,
1265 1944 1351 2006 dativi.

328 2024 361 2079 27
372 2026 430 2087 Sed
451 2029 478 2086 in
500 2026 596 2086 verbis
619 2045 735 2106 quoque
758 2029 821 2106 quis
844 2036 889 2086 est
910 2027 983 2087 adeo
1006 2029 1170 2105 imperitus,
1195 2037 1227 2088 ut
1249 2032 1353 2108 ignoret

370 2129 479 2189 genera
494 2121 523 2171 et
538 2112 690 2189 qualitates
703 2121 732 2171 et
747 2129 887 2190 personas
901 2119 930 2170 et
941 2110 1096 2171 numeros?
1114 2111 1258 2173 Litterarii
1270 2128 1353 2192 paene

370 2198 509 2276 istasunt
531 2196 589 2255 ludi
612 2206 641 2255 et
662 2196 781 2256 trivialis
803 2197 951 2255 scientiae.
992 2194 1051 2255 lam
1072 2196 1211 2274 quosdam
1233 2198 1353 2258 illator

370 2275 491 2354 habunt,
511 2297 584 2357 quae
599 2280 836 2341 declinationibus
851 2297 908 2340 non
922 2288 1063 2339 tenentur.
1092 2279 1163 2340 Nam
1180 2288 1208 2339 et
1224 2283 1353 2359 quaedam

370 2366 521 2442 participia
541 2382 576 2423 an
593 2363 675 2423 verbi
696 2364 907 2442 appellationes
928 2365 998 2438 sint,
1019 2363 1141 2424 dubitari
1158 2374 1274 2442 potest,
1298 2367 1353 2444 quia

329 2447 446 2513 usaliud
463 2447 519 2506 alio
535 2446 601 2505 loco
616 2447 723 2522 valent,
738 2456 769 2507 ut
783 2449 892 2509 lectum
907 2456 936 2507 et
952 2449 1086 2527 sapiens.
1113 2447 1262 2521 Quaedam
1274 2450 1353 2510 vern

371 2529 612 2608 appellationibus
633 2530 750 2607 similia,
770 2541 801 2590 ut
813 2533 988 2610 fraudator,
1010 2535 1148 2594 nutritor.
1173 2533 1232 2593 lam
1249 2535 1353 2596 ituris

371 2617 528 2692 antiquom
543 2616 650 2675 siloam
664 2631 757 2674 nonne
773 2618 910 2694 propriae
925 2616 1069 2676 cuiusdam
1083 2619 1201 2676 rationis
1217 2615 1353 2678 estinan

372 2699 448 2776 quod
460 2698 567 2756 initium
580 2700 640 2757 eius
652 2696 801 2758 invenias?
816 2702 861 2760 cui
873 2701 964 2760 simile
972 2697 1072 2777 petar.
1090 2700 1256 2779 Accipimus
1268 2703 1353 2775 aliter

371 2792 401 2842 ut
417 2782 569 2860 panditur
588 2785 706 2845 interea
728 2786 1057 2863 domus'ornnipotentis
1076 2782 1207 2865 Olympi,
1228 2787 1315 2847 aliter
1333 2793 1353 2845 ut

372 2869 439 2929 totis
454 2881 550 2944 risque
568 2869 647 2929 adeo
662 2870 804 2931 tnrbatnr
819 2871 913 2947 apris.
949 2867 1003 2927 Est
1024 2871 1109 2929 etiam
1129 2871 1243 2948 quidam
1262 2873 1353 2932 tertiu

337 2947 339 2956 ¹
371 2951 482 3027 modus,
501 2958 531 3008 ut
549 2951 624 3012 urbs
639 2948 804 3024 tollintur,
823 2952 942 3012 undeet
959 2970 1086 3031 campus
1103 2957 1258 3030 curritur,
1278 2973 1353 3016 mars

328 3036 545 3113 atnacipatur.
579 3034 715 3097 Pransus
736 3054 852 3115 quoque
867 3056 902 3096 ac
918 3045 1008 3116 potas
1024 3038 1168 3097 diversum
1184 3038 1264 3097 valet
1281 3055 1353 3117 quan

373 3119 486 3177 indicat.
531 3116 627 3192 Quid?
656 3121 732 3198 quod
752 3121 840 3181 multa
859 3121 949 3181 verba
973 3137 1030 3180 non
1051 3130 1141 3181 totum
1163 3122 1353 3183 declinationis

372 3203 500 3262 ordinem
521 3202 632 3279 ierunt,
656 3205 794 3283 quaedam
817 3206 902 3265 etiam
925 3214 1067 3265 mutantur
1087 3215 1118 3264 ut
1137 3207 1206 3286 fero
1227 3209 1257 3265 in
1281 3223 1353 3286 prae·

372 3288 474 3362 terito,
497 3288 636 3365 quaedam
654 3292 757 3349 tertiae
777 3290 888 3349 demum
909 3307 1054 3368 personae
1074 3289 1165 3366 ligura
1182 3290 1316 3350 dicuntur
1333 3309 1353 3350 ιι

373 3371 460 3446 licet,
481 3374 579 3449 pipet,
608 3374 746 3450 quaedam
767 3373 860 3432 simile
886 3374 1017 3452 quiddam
1042 3376 1186 3451 patiuntur
1211 3375 1353 3435 vocabuit

373 3471 446 3531 quae
462 3455 490 3512 in
506 3454 671 3515 adverbium
688 3453 855 3517 transeunt?
879 3456 950 3518 Nam
965 3467 995 3517 ut
1011 3466 1100 3520 noctu
1117 3467 1145 3517 et
1161 3460 1214 3519 clla
1229 3460 1266 3517 ita
1280 3462 1353 3520 dica

374 3547 403 3597 et
422 3539 522 3616 factat.
560 3539 631 3599 Sunt
654 3544 727 3600 enim
747 3542 820 3601 haec
843 3558 959 3621 quoque
980 3541 1070 3601 verba
1091 3543 1282 3621 participialia
1304 3542 1353 3622 qui

373 3622 451 3697 dem,
473 3638 530 3680 non
549 3632 642 3683 tamen
662 3625 728 3684 talia
746 3626 841 3703 qualia
860 3627 1108 3706 dicto-factoque.

455 3789 488 3850 t.
537 3789 596 3852 lam
623 3809 686 3851 cum
713 3794 803 3853 omnis
830 3796 923 3854 oratio
950 3802 1010 3854 tres
1035 3793 1139 3854 lrabeat
1164 3797 1305 3872 virtutes,
1333 3812 1353 3853 ιι
