3184 4409
487 476 916 545 1usr.oesroo.n113.1X,1.
1157 469 1192 530 st

288 652 355 695 esse
373 633 534 700 uidemur,-
556 640 585 693 ct
604 631 675 692 buio
695 635 854 694 contraria
869 653 963 713 saepe
981 637 1142 714 percursio
1156 643 1202 698 est

276 717 302 778 d
323 718 393 794 plus
420 717 662 794 intelliqendum,
686 733 777 794 quom
799 719 932 795 diceris,
954 721 1149 797 siqnifieotio,
1173 729 1202 782 ot

276 805 351 862 incte
367 802 490 860 concisa
507 801 640 860 brevitas
662 809 690 860 et
712 803 904 873 extenuatim·
924 810 953 863 et
966 803 1037 864 liuic
1053 805 1242 866 adiunctam

276 888 317 960 io,
336 901 356 943 a
368 885 545 962 praeceptis
562 882 708 944 Caesaris
721 903 781 945 non
796 885 981 962 abborrens,
1003 896 1031 946 et
1045 887 1084 947 ab
1102 907 1137 947 re
1151 889 1200 948 di-

276 971 342 1039 sio,·
362 969 394 1027 in
410 983 471 1044 qua
486 985 554 1028 cum
566 967 661 1045 fuerit
676 968 852 1044 delectatio,
867 977 929 1030 tum
944 971 1061 1031 reditas
1079 971 1124 1030 ad
1137 989 1202 1031 rem

276 1072 300 1112 rs
324 1060 352 1112 et
370 1053 535 1111 coaetaneis
556 1069 622 1110 esse
641 1051 779 1121 debebit;
800 1055 1040 1131 propositioque,
1065 1054 1139 1138 quid
1157 1056 1201 1114 sis

276 1155 365 1210 urus,
382 1143 410 1195 et
428 1135 467 1194 ab
484 1153 535 1210 eo,
556 1136 638 1212 quod
652 1141 697 1196 est
712 1137 842 1214 dictum,
861 1139 1023 1213 seiunctio,
1039 1147 1067 1198 et
1083 1138 1202 1198 reditus

276 1221 449 1298 tropositum
470 1226 499 1278 et
511 1219 632 1279 iteratio
649 1227 678 1280 et
697 1221 825 1281 rationis
844 1230 920 1299 apta
944 1222 1116 1291 conclusio;
1141 1228 1242 1285 tunm

276 1305 344 1364 endi
357 1303 549 1373 minuendive
569 1318 667 1363 causa
689 1305 827 1364 veritatis
850 1307 1016 1383 superlatio
1029 1313 1121 1381 atque
1135 1311 1201 1365 tra·

276 1389 313 1462 tor
341 1393 370 1446 et
387 1387 505 1463 roqatio
530 1394 622 1462 atque
651 1385 722 1448 buic
746 1387 874 1464 finitima
902 1392 992 1464 quasi
1011 1389 1202 1466 percontatio

276 1472 413 1547 ositioque
430 1471 596 1529 sententiae
606 1487 699 1539 suoe;
714 1478 775 1530 tum
790 1473 855 1547 illa,
874 1487 953 1548 quae
969 1473 1100 1532 monime
1113 1473 1203 1549 quasi

276 1557 317 1632 pit
332 1557 365 1614 in
387 1553 536 1615 bominum
555 1561 684 1628 mentes,
709 1555 773 1615 alia
794 1557 925 1615 dicentis
942 1574 983 1616 ao
1001 1556 1202 1633 siqnificantis

276 1639 428 1714 imulatio,
452 1652 531 1714 quae
552 1646 596 1698 est
615 1638 827 1715 periucunda,
851 1658 919 1699 eum
939 1641 972 1699 in
991 1641 1128 1700 oratione
1140 1659 1202 1700 non

276 1723 393 1783 *emtione
406 1722 464 1782 sed
479 1739 616 1781 sermone
630 1727 801 1790 tractatur,·
823 1723 934 1785 deiude
956 1723 1120 1798 dubitatio,
1141 1727 1243 1784 lumbo

276 1807 391 1878 ributio,
409 1812 470 1864 tum
488 1806 652 1881 correctio,
673 1805 721 1864 vel
734 1814 805 1867 ante
824 1807 873 1867 vel
882 1814 952 1884 post
966 1823 1057 1884 quam
1072 1809 1201 1883 diceris,

281 1909 348 1949 cum
362 1889 480 1965 aliquid
499 1903 520 1947 a
539 1896 567 1948 te
580 1890 647 1965 ipso
664 1889 799 1949 reiicios.
834 1887 1038 1952 Praemuuitio
1053 1892 1143 1951 etiam
1157 1899 1203 1951 est

276 1975 317 2049 7d,
340 1974 422 2049 quod
436 1973 637 2050 upprediare,
658 1979 687 2031 et
708 1973 831 2034 reiectio
850 1974 883 2033 in
903 1974 1015 2044 ulium,·
1038 1976 1202 2035 communi-

276 2076 307 2133 o,
326 2073 405 2133 quac
421 2063 466 2115 est
481 2057 571 2132 quasi
588 2073 656 2116 cum
676 2056 715 2114 iis
728 2056 822 2134 ipsis,
843 2057 930 2134 opud
944 2072 1018 2133 quos
1035 2058 1133 2132 dicas,
1150 2056 1201 2117 de·

276 2143 366 2207 ratim·
388 2157 505 2199 morum
519 2157 559 2199 oc
573 2141 654 2199 oitue
667 2139 794 2199 imitatio
810 2141 859 2200 vel
875 2141 907 2200 in
918 2143 1060 2219 personis
1074 2140 1124 2202 oet
1135 2143 1202 2201 sine

276 2268 285 2300 ,
305 2241 447 2301 moqnum
467 2222 622 2300 quoddam
642 2230 852 2284 ornamentum
877 2225 1023 2286 orctimeis
1047 2230 1201 2302 etapium

276 2310 391 2368 animos
412 2307 621 2367 emendandos
647 2306 695 2366 vel
716 2307 848 2367 manime
869 2324 964 2386 saepe
985 2316 1085 2368 autem
1110 2308 1201 2368 etiam

276 2391 514 2459 commovendam
533 2407 736 2468 personarum
753 2390 828 2468 ficta
843 2392 979 2471 inductio
994 2391 1043 2452 oel
1054 2391 1242 2469 mocissi-31

276 2495 289 2534 n
305 2477 403 2536 lumen
417 2475 573 2551 ouqendi‚·
595 2474 772 2551 descriptio,
794 2476 911 2536 erroris
930 2475 1082 2551 inductio,
1097 2476 1141 2537 ad
1154 2475 1201 2536 lti-

276 2567 362 2620 tatem
376 2559 526 2636 impulsio,
542 2559 791 2635 onteoceupatim·
808 2566 869 2619 tum
885 2559 945 2620 duo
960 2559 1025 2634 illa,
1041 2574 1200 2636 quaema-

276 2663 289 2704 e
299 2651 425 2717 mouent,
437 2642 600 2703 similitudo
607 2648 637 2703 et
646 2643 832 2722 exemplum
844 2643 981 2721 diqcstio,
988 2644 1201 2722 interpellatio,

276 2728 372 2799 sonito,
388 2727 561 2803 reticentia,
578 2726 805 2787 commendatio.
845 2724 912 2787 Voa
933 2728 1085 2804 quaedam
1106 2728 1244 2790 liberabi

276 2830 301 2870 re
316 2811 405 2870 etiam
421 2809 595 2890 effrenatior
605 2811 743 2887 'ouqendi
766 2827 882 2879 cauom·
901 2812 1084 2887 iracundia,
1099 2812 1202 2874 obiur-

275 2913 302 2969 o,
315 2895 494 2972 promissio,
513 2894 705 2971 deprecatio,
721 2894 903 2971 obsecratio,
921 2895 1086 2956 declinatio
1102 2893 1203 2956 bieois

276 2979 414 3055 pposito,
435 2995 495 3037 non
515 2986 548 3038 ut
561 2979 701 3056 superior
714 2979 769 3039 illa
785 2978 945 3056 dipressio,
959 2980 1112 3057 purqatio,
1130 2996 1202 3039 eon·

276 3064 333 3137 itio,
349 3063 454 3136 laesio,
470 3063 582 3139 optatio
598 3069 690 3138 otque
704 3064 870 3123 execratio.
899 3060 1031 3141 Hisfere
1041 3061 1245 3125 tummomss

276 3154 364 3206 strant
389 3146 554 3206 orationem
577 3147 752 3210 sententiae.
800 3144 955 3207 Orationis
979 3153 1079 3206 autem
1105 3145 1203 3222 ipsius

276 3246 355 3307 quam
377 3247 532 3290 armorum
552 3236 596 3289 est
615 3230 663 3290 oel
683 3230 728 3290 ad
747 3248 835 3290 usum
855 3230 1044 3292 comminatio
1065 3235 1095 3287 et
1113 3230 1204 3304 quusi

276 3316 313 3374 tio
329 3314 378 3373 uel
391 3316 434 3374 ad
445 3312 630 3374 oenustatem
644 3313 714 3391 ipso
729 3314 881 3377 tractatio.
906 3311 986 3373 Nam
1001 3320 1030 3372 et
1041 3314 1203 3389 qeminutio

276 3401 369 3459 iorum
385 3397 474 3458 babet
487 3395 639 3457 interdum
653 3399 728 3473 vim,
745 3399 878 3476 leporem
892 3398 987 3471 alias,
1005 3404 1034 3457 et
1046 3397 1203 3474 paululum

276 3491 397 3542 tutatum
410 3483 536 3542 oerbum
549 3488 643 3557 atque
659 3479 828 3558 dellenum,
843 3488 872 3540 et
888 3480 1022 3541 eiusdem
1036 3480 1122 3541 berbi
1136 3499 1202 3543 cre·

286 3576 347 3627 tum
362 3567 495 3643 aprima
511 3566 648 3642 repetitio
669 3572 730 3626 tum
744 3566 776 3624 in
793 3572 959 3624 entremum
979 3565 1153 3641 conversio,
1172 3572 1202 3627 et
1227 3594 1231 3599 ·

276 3651 367 3711 adem
381 3650 477 3711 aerbo
490 3650 619 3726 impetus
639 3656 668 3709 et
689 3648 847 3709 concursio
864 3655 892 3708 et
911 3648 1066 3709 adiunctio
1088 3657 1117 3710 et
1128 3665 1201 3728 pro-

276 3736 336 3810 nio,
351 3742 379 3795 et
389 3732 523 3796 eiusdem
532 3731 619 3794 uerbi
629 3731 769 3794 crebrius
779 3731 871 3812 positi
887 3733 1040 3810 quaedam
1051 3732 1201 3795 distinctio
