3184 4409
565 485 654 534 rnen.
669 484 997 552 onnnon.n1e.1x,a.
1216 475 1274 540 toa

271 649 339 716 est,
362 649 393 699 nt
418 641 518 698 neseio
542 640 608 717 quid
631 639 719 718 illud,
738 641 816 719 quod
833 641 992 701 adversarii
1013 640 1137 719 obliquis
1158 651 1273 702 senten·

269 727 321 786 tiis
342 724 505 800 significare
522 724 681 799 voluerint,
705 727 731 783 si
745 725 848 784 lidueia
869 727 921 800 sit,
941 725 1076 784 obiiciant
1090 726 1200 802 palam;
1226 735 1274 786 aut

253 817 357 869 -certe
375 824 432 866 non
453 810 584 884 exigant,
601 817 646 883 ut,
664 809 741 886 qnod
755 810 811 886 ipsi
828 826 884 868 non
901 808 1006 867 audent
1020 808 1135 884 dicere,
1159 809 1187 868 id
1202 811 1272 870 iudi·

271 911 326 952 ces
339 908 395 950 non
410 891 496 950 modo
509 890 670 968 intelligant
685 893 736 951 sed
753 894 837 952 etiam
855 892 983 952 credant.
1019 891 1104 951 Utilis
1120 895 1205 952 etiam
1222 895 1315 954 ali-95

271 976 387 1055 quando
404 975 591 1035 dissimulatio
605 985 666 1049 est,
682 986 711 1035 ut
723 978 751 1035 in
767 994 820 1053 eo,
837 977 920 1054 (nota
936 979 1010 1035 enim
1025 974 1121 1035 fabula
1137 979 1197 1056 est)
1214 979 1272 1055 qui,

271 1078 339 1118 cum
355 1068 434 1118 esset
452 1069 551 1121 contra
567 1077 631 1119 eum
646 1059 765 1136 dictum,
780 1059 860 1120 Iura
872 1079 931 1140 per
941 1062 1065 1138 patroni
1079 1062 1123 1120 toi
1137 1061 1273 1121 cineres:

271 1152 403 1222 paratum
415 1161 448 1202 se
460 1161 528 1202 esse
541 1143 704 1221 respondit,
723 1153 753 1203 et
768 1144 855 1204 iudex
867 1144 1037 1204 condicione
1052 1162 1121 1202 usus
1137 1153 1197 1218 est,
1215 1144 1273 1204 cla·

270 1236 368 1286 mante
386 1226 503 1287 multum
518 1227 677 1304 advocato,
701 1227 848 1288 schemata
864 1228 899 1287 de
915 1247 1011 1286 rerum
1027 1237 1126 1287 natura
1143 1228 1222 1293 tolli:
1243 1238 1273 1287 ut

270 1312 403 1389 protinus
425 1313 510 1369 etiam
529 1321 717 1391 praeceptum
732 1314 785 1387 sit,
810 1313 949 1372 eiusmodi
963 1312 1062 1389 liguris
1081 1314 1214 1370 utendum
1229 1321 1271 1371 te·

271 1412 353 1452 mere
372 1411 429 1453 non
446 1412 522 1453 esse.

358 1477 484 1537 Tertium
499 1487 543 1537 est
556 1497 666 1555 genus,
689 1480 789 1557 inquo
806 1479 869 1539 sola
890 1480 979 1540 meli
987 1497 1028 1538 us
1050 1479 1202 1538 dicendi
1221 1489 1313 1556 ιιι-96

271 1563 341 1621 titur
361 1563 494 1632 occasio;
523 1563 648 1641 ideoque
668 1563 697 1622 id
719 1561 824 1623 Cicero
845 1581 902 1623 non
917 1573 998 1644 putat
1018 1581 1086 1622 esse
1102 1565 1226 1640 positum
1243 1564 1271 1622 in

272 1647 467 1705 contentione.
514 1644 585 1706 'l'ale
610 1655 655 1705 est
680 1647 765 1722 illud,
793 1665 850 1725 quo
877 1649 951 1708 idem
976 1648 1063 1706 utitur
1077 1648 1106 1705 in
1125 1645 1270 1706 Clodium:

273 1727 390 1801 Quidue
403 1731 475 1806 iste,
494 1732 546 1808 qui
561 1733 663 1791 omnic
675 1732 833 1810 sacrificio
846 1742 963 1807 noscet,
982 1731 1077 1810 facile
1095 1731 1135 1791 ab
1150 1749 1184 1791 oe
1198 1732 1272 1792 deos

268 1814 393 1892 placari
405 1832 495 1893 posse
513 1814 736 1876 arbitrddctur.
776 1815 872 1874 lronia
895 1834 1010 1894 qnoque
1033 1816 1062 1873 in
1083 1814 1140 1874 hoe
1161 1823 1312 1891 generati

270 1899 407 1956 materiae
422 1899 654 1975 frequentissima
671 1906 724 1957 est.
749 1898 807 1958 Sed
823 1900 1043 1959 eruditissimum
1058 1898 1162 1976 longe,
1178 1901 1202 1957 si
1218 1917 1271 1977 per

270 1981 356 2040 aliam
383 2000 444 2040 rem
471 1982 526 2041 alia
550 1981 706 2041 indicetur:
735 1991 766 2040 ut
791 1983 929 2041 adversus
950 1991 1115 2057 tyrannum,
1141 1983 1190 2059 qui
1217 1981 1269 2040 suh

269 2074 356 2144 pacto
378 2065 542 2125 abolitionis
558 2067 777 2126 dominationem
797 2066 989 2143 deposuerat,
1006 2067 1065 2142 agit
1086 2065 1269 2142 competitor,

269 2146 345 2209 Milti
365 2151 396 2209 c'n
411 2145 442 2211 'te
459 2151 564 2210 dicere
583 2169 643 2210 non
663 2150 749 2224 licet,
770 2159 802 2210 tu
818 2153 850 2211 in
870 2169 919 2210 me
933 2151 985 2210 dic
1003 2159 1032 2209 et
1048 2157 1153 2226 potem·
1173 2168 1271 2226 nuper

269 2240 299 2294 te
312 2234 395 2294 volni
407 2234 557 2294 cocidere.
586 2232 735 2311 Frequens
746 2233 817 2292 illud
829 2243 873 2292 est
887 2251 941 2292 nec
956 2250 1134 2309 magnopere
1150 2241 1308 2311 capon-98

270 2316 352 2391 dum,
366 2317 442 2394 qnod
456 2319 563 2395 petitur
577 2318 800 2377 aiureiurand0:
819 2326 850 2376 ut
861 2334 915 2395 pro
929 2316 1122 2391 exheredato,
1135 2314 1185 2376 lta
1198 2317 1269 2377 mitt

270 2402 425 2479 conttnpat
434 2402 547 2462 herede
560 2401 622 2478 filio
637 2404 724 2462 mori.
746 2400 819 2460 Nam
834 2410 864 2460 et
878 2403 906 2460 in
921 2410 1011 2460 totum
1024 2401 1135 2474 iurare,
1152 2401 1206 2458 nisi
1221 2399 1270 2459 ulti

269 2502 393 2544 necesse
419 2493 479 2559 est,
499 2487 581 2562 gravi
606 2486 668 2543 viro
695 2502 794 2563 parum
821 2487 972 2560 convenit,
999 2493 1027 2543 et
1050 2494 1095 2543 est
1116 2501 1133 2542 a
1154 2485 1267 2544 Seneca

268 2569 375 2629 dictum
386 2569 553 2644 eleganter,
569 2586 626 2627 non
638 2577 824 2654 patronorum
834 2568 891 2628 hoo
904 2586 971 2628 esse
987 2568 1039 2628 sed
1049 2569 1172 2627 testium.
1204 2567 1267 2628 Nec

268 2661 397 2711 meretur
417 2653 517 2727 fidem,
540 2654 588 2730 qui
608 2653 800 2712 sententiolae
819 2654 911 2729 gratia
934 2654 1022 2727 iurat,
1048 2653 1102 2712 nisi
1123 2655 1147 2710 si
1168 2661 1266 2731 potest

268 2745 326 2795 tam
350 2735 425 2794 hene
448 2754 531 2813 quam
557 2735 785 2812 Demosthenes,
812 2745 948 2814 utsupra
970 2737 1038 2796 dixi.
1080 2735 1307 2806 Levissimnm99

269 2829 364 2878 autem
375 2820 463 2896 longe
479 2839 572 2896 genus
591 2839 628 2879 ex
642 2819 751 2897 verbo,
769 2822 880 2880 etiamsi
899 2830 945 2881 est
959 2820 1034 2900 apud
1049 2818 1220 2880 Ciceronem
1237 2823 1265 2878 in

269 2901 416 2963 Clodiam:
440 2902 625 2966 Praesertim
645 2922 736 2982 qnam
752 2923 855 2966 omnen
870 2907 1002 2967 amicam
1017 2906 1147 2967 omnium
1164 2905 1266 2982 potius

268 3004 360 3064 quum
378 2989 556 3066 cattosqnnm
570 2989 729 3050 inimicum·
737 2996 931 3068 putaverunt.

355 3073 666 3150 Comparationem
690 3073 825 3151 equidem
846 3072 933 3133 video
959 3073 1079 3148 liguram
1103 3088 1161 3130 non
1187 3079 1328 3145 esse‚100

268 3173 332 3213 cum
356 3157 393 3214 sit
416 3157 528 3215 interim
549 3156 727 3234 probationis
748 3158 860 3216 interim
880 3159 964 3217 etiam
982 3173 1086 3215 causae
1101 3173 1209 3231 genus,
1239 3163 1268 3212 et

264 3239 304 3298 sit
328 3239 394 3298 talis
418 3242 479 3300 eius
501 3241 608 3314 lorma,
631 3239 724 3318 qualis
746 3249 790 3299 est
812 3257 865 3319 pro
884 3239 1016 3300 Murena:
1038 3238 1153 3316 Viqc‘lus
1174 3247 1207 3299 tu
1225 3240 1264 3299 de

266 3331 372 3400 nocete,
388 3333 421 3384 nt
438 3326 497 3384 tuin
513 3325 734 3387 cmtsnltota'duc
748 3327 953 3403 respondeas,
968 3324 1035 3397 itte,
1051 3331 1101 3399 ut,
1120 3340 1179 3401 quo
1194 3341 1265 3383 con-

266 3409 381 3483 tendt't,
402 3417 521 3471 mutere
538 3422 607 3469 cunc
621 3410 759 3471 eant-citu
772 3410 948 3488 perveniat·
968 3416 997 3467 te
1016 3407 1166 3485 pallorum
1183 3407 1268 3482 illum

266 3491 468 3552 buccinarum
484 3500 592 3552 contus
604 3494 771 3554 eneuocitnt
786 3501 815 3551 et
831 3502 939 3551 cetera.
959 3489 1067 3550 Nescio
1084 3510 1120 3550 an
1131 3492 1268 3552 orationis
1277 3502 1321 3553 101

267 3576 461 3654 potiusquam
477 3577 635 3636 sententiae
651 3577 695 3635 sit.
721 3575 753 3636 ld
769 3577 843 3636 enim
858 3576 950 3635 solum
961 3583 1098 3651 mutatur,
1115 3575 1192 3654 quod
1206 3592 1265 3634 non

267 3660 403 3718 universa
419 3661 561 3718 universis
577 3659 637 3720 sed
645 3660 757 3736 singula
772 3660 893 3736 singulis
909 3669 1103 3737 opponuntur.
1145 3658 1184 3718 Et
1198 3656 1265 3718 Cel·

269 3762 318 3802 sus
336 3753 429 3803 tamen
445 3753 473 3803 et
489 3759 546 3802 non
561 3743 713 3821 negligens
729 3753 831 3804 auctor
842 3743 981 3804 Visellius
996 3745 1025 3803 in
1038 3743 1094 3804 hac
1108 3762 1171 3804 earn
1187 3751 1269 3820 parte
