3184 4409
563 445 1004 514 msa.onanon.nrn.111,a.
1019 406 1057 498 t'
1237 437 1294 498 111

297 602 364 663 lieri
383 619 441 662 non
463 611 578 680 potest,
598 611 644 678 ut,
672 620 736 662 cum
759 610 850 662 totum
873 621 911 662 ex
933 603 1063 682 partibus
1084 611 1213 678 constet,
1239 620 1297 663 non

296 689 357 746 sint
373 695 471 765 partes
487 689 593 762 totius,
617 705 654 746 ex
676 685 778 764 quibus
797 695 921 746 constat.
954 687 1095 746 Videntur
1109 696 1204 747 autem
1218 688 1297 764 mibi,
1337 691 1339 693 ’

297 774 347 848 qui
366 771 440 830 haec
456 788 546 848 opera
562 771 712 846 dixerunt,
734 787 771 828 eo
787 787 903 850 quoque
918 772 1004 845 moti,
1028 771 1106 849 quod
1120 774 1149 831 in
1165 772 1221 831 alia
1236 790 1297 830 rur·

297 873 349 914 sus
372 855 514 914 divisione
534 855 648 915 nollent
669 856 697 913 in
717 855 793 915 idem
815 872 919 914 nomen
935 854 1079 930 incidere,
1101 866 1201 934 partes
1224 858 1298 914 enim

297 939 464 998 rhetorices
485 956 554 998 esse
577 937 712 999 dicebant
734 938 971 1013 laudativam,
996 939 1296 1015 deliberativam,

296 1021 523 1095 iudicialem
562 1022 644 1097 Quae
669 1025 693 1082 si
718 1033 818 1100 partes
844 1032 924 1098 sunt,
946 1026 1083 1082 materiae
1108 1032 1174 1082 sunt
1198 1026 1296 1101 potius

299 1124 385 1185 quarn
402 1107 481 1165 artis.
516 1104 645 1184 Namque
663 1108 691 1166 in
709 1105 753 1165 bis
771 1107 891 1183 singulis
911 1107 1058 1166 rhetorice
1074 1116 1134 1166 tota
1152 1117 1212 1175 est;
1232 1109 1297 1184 quia
1307 1118 1339 1169 15

299 1200 328 1250 et
342 1192 539 1250 inventionem
555 1200 584 1250 et
599 1191 864 1271 dispositionemet
880 1191 1073 1251 elocutionem
1090 1199 1118 1250 et
1133 1194 1297 1250 memoriam

298 1283 328 1335 et
343 1275 605 1352 pronuntiationem
621 1292 810 1352 quaecunque
826 1293 924 1334 earum
938 1274 1092 1335 desiderat.
1119 1275 1220 1353 ltaque
1236 1277 1296 1352 qui·

299 1358 363 1417 dam
378 1357 489 1434 ge'nera
509 1361 563 1418 tria
585 1359 748 1419 rhetorices
765 1360 863 1419 dicere
882 1359 1057 1434 maluerunt,
1080 1361 1187 1438 optime
1203 1369 1298 1418 autem

299 1444 335 1518 ii,
360 1459 434 1520 quos
450 1451 569 1502 secutus
586 1453 630 1502 est
645 1440 769 1519 Cicero,
792 1461 926 1519 genera
948 1461 1144 1504 causarum.

580 1595 667 1654 uuna
684 1572 818 1646 crunon
834 1557 1020 1651 causarum

383 1692 434 1752 lv.
463 1691 521 1752 Sed
537 1694 590 1752 tria
606 1711 641 1752 an
655 1693 738 1771 plura
754 1695 821 1769 sint,
839 1693 998 1771 ambigitur.
1025 1693 1089 1754 Nec
1104 1693 1190 1754 dubie
1204 1711 1298 1772 prope

303 1795 400 1837 omnes
423 1778 522 1854 utique
547 1793 672 1836 summae
695 1778 771 1855 apud
790 1781 922 1855 antiquos
944 1781 1121 1838 auctoritatis
1138 1781 1297 1856 scriptores

303 1861 492 1921 Aristotelem
508 1862 614 1936 secuti,
638 1863 686 1938 qui
701 1864 815 1921 nomine
834 1872 940 1921 tantum
955 1863 1013 1921 alio
1029 1864 1227 1924 contionalem
1242 1879 1296 1940 pro

303 1945 491 2006 deliberativa
508 1945 647 2023 appellat,
663 1945 717 2005 hac
732 1948 886 2023 partitione
901 1949 1028 2006 contenti
1044 1946 1167 2006 inerunt.
1190 1945 1322 2010 Verum2

303 2039 334 2089 et
349 2038 412 2089 tun
429 2029 539 2089 leviter
556 2038 604 2088 est
624 2038 809 2107 temptatum,
832 2049 895 2093 curn
914 2030 992 2108 apud
1012 2029 1139 2100 Graecos
1160 2031 1298 2106 quosdam

300 2123 361 2185 turn
381 2113 459 2191 apud
473 2110 645 2173 Ciceronem
666 2114 694 2172 in
716 2112 797 2172 libris
818 2115 854 2174 de
872 2112 1013 2188 Oratore,
1035 2124 1067 2173 et
1087 2132 1162 2172 nunc
1176 2115 1298 2172 maximo

300 2207 463 2276 temporum
478 2207 640 2256 nostrorum
660 2206 779 2256 auctore
797 2215 890 2276 prope
905 2198 1073 2274 impulsum,
1093 2206 1196 2255 utnon
1212 2197 1300 2255 modo

299 2282 384 2361 plura
403 2281 478 2340 haec
492 2299 601 2358 genera
617 2282 669 2341 sed
687 2299 780 2359 paene
798 2281 1013 2340 innumerabilia
1029 2281 1188 2340 videantur.
1227 2279 1324 2345 Nam3

300 2369 325 2427 si
340 2365 476 2427 laudandi
499 2384 533 2425 ac
548 2365 728 2443 vituperandi
750 2365 877 2425 officium
896 2367 924 2425 in
940 2374 1023 2444 parte
1045 2367 1129 2424 tertia
1151 2365 1297 2442 ponimus:

299 2453 326 2509 in
343 2467 403 2527 quo
420 2467 531 2526 genere
547 2451 658 2526 versari
669 2448 838 2525 videbimur,
855 2468 917 2509 cum
934 2452 1089 2527 querimur,
1106 2449 1298 2524 consolamur,

299 2536 480 2610 mitigamus,
506 2535 697 2609 concitamus,
726 2543 884 2609 terremus,
913 2534 1127 2608 confirmamus,
1155 2534 1298 2611 praecipi·
1322 2592 1325 2599 ,

300 2636 378 2692 mus,
402 2615 529 2677 obscure
551 2618 626 2677 dicta
646 2621 882 2696 interpretamur,
908 2636 1071 2692 narramus,
1098 2616 1297 2695 deprecamur,

300 2704 410 2778 gratias
426 2703 553 2777 agimus,
575 2702 767 2778 gratulamur,
795 2701 995 2778 obiurgemus,
1016 2701 1227 2775 maledicimus,
1249 2701 1298 2761 de·

302 2785 470 2859 scribimus,
490 2786 670 2861 mandamus,
694 2787 904 2862 renuntiamus,
930 2794 1078 2864 optamus,
1101 2787 1250 2864 opinamur
1270 2795 1299 2844 et

303 2869 425 2947 plurima
441 2866 517 2928 alia?
540 2879 570 2928 ut
589 2871 655 2929 milri
671 2873 700 2930 in
719 2870 768 2930 illa
791 2879 893 2929 vetere
913 2872 1104 2948 persuasione
1121 2871 1325 2948 permanentii

303 2954 379 3014 velut
399 2953 524 3031 petenda
547 2955 584 3012 sit
602 2956 701 3030 venia,
725 2954 994 3032 quaerendumque,
1020 2971 1077 3031 quo
1098 2957 1167 3013 moti
1184 2956 1298 3031 priores

304 3054 361 3098 rem
378 3048 438 3097 tam
454 3036 512 3096 late
532 3037 625 3100 lusam
642 3047 698 3097 tam
716 3038 845 3097 breviter
859 3040 1051 3097 astrinxerint.
1090 3037 1171 3110 Quos
1189 3039 1236 3114 qui
1253 3056 1297 3096 er·

303 3138 382 3182 rasse
400 3130 516 3199 putant,
538 3121 595 3181 hoc
610 3131 727 3180 secutos
746 3122 932 3198 arbitrantur,
955 3122 1031 3200 quod
1049 3124 1078 3182 in
1093 3122 1136 3179 his
1154 3122 1218 3180 iere
1232 3140 1297 3181 ver-

304 3207 358 3265 sari
376 3215 436 3265 tum
452 3214 585 3265 oratores
603 3206 751 3273 videbaut;
775 3224 840 3265 uam
861 3215 889 3265 et
907 3206 1007 3266 laudes
1026 3224 1060 3265 ac
1073 3207 1323 3284 vituperationes5

303 3288 518 3365 scribebantur,
540 3299 569 3348 et
590 3287 759 3366 ἐπιταφίους
776 3290 875 3350 dicere
895 3301 957 3350 erat
978 3291 1081 3365 moris,
1105 3299 1133 3348 et
1149 3290 1299 3368 plurimum

304 3375 330 3432 in
346 3373 477 3434 consiliis
494 3391 528 3432 ac
543 3372 654 3432 iudiciis
671 3373 865 3434 insumebatur
881 3392 1005 3452 operae,
1024 3382 1053 3432 ut
1068 3375 1228 3452 scriptores
1244 3375 1297 3434 Ar-

305 3459 370 3517 tium
392 3474 447 3536 pro
471 3458 543 3516 solis
569 3458 840 3536 comprehenderint
861 3458 1102 3536 frequentissima.
1149 3457 1204 3532 Qui
1223 3471 1320 3538 veroa

304 3541 474 3617 defendunt,
501 3543 555 3600 tria
576 3541 683 3601 iaciunt
702 3561 812 3620 genera
839 3543 1012 3603 auditorum:
1036 3562 1137 3618 unum,
1158 3543 1234 3620 quod
1263 3544 1298 3604 ad

306 3623 527 3686 delectationem
543 3628 710 3702 conveniat,
732 3626 870 3701 alterum,
895 3626 971 3704 quod
993 3628 1143 3686 consilium
1164 3630 1297 3704 accipiat,

308 3713 436 3786 tertium,
458 3709 535 3788 quod
551 3709 587 3769 de
604 3713 698 3776 causis
715 3711 832 3770 iudicet.
858 3709 927 3770 blilri
944 3712 1172 3770 cuncta'rimanti
1189 3720 1217 3770 et
1233 3711 1299 3770 talis
