3184 4409
372 481 392 542 6
690 493 1050 552 unnuomnnmmm

329 650 415 710 tosio
437 665 561 727 corpore
584 648 742 725 operienda
764 656 839 707 sunt.
884 647 1013 726 ldcoquc
1038 666 1092 707 nos
1117 665 1176 707 non
1198 650 1292 726 partic

371 733 460 808 illam,
477 735 550 793 sicut
565 732 714 810 plerique,
730 733 781 792 sed
799 732 935 810 quidquid
950 732 1020 791 utile
1035 733 1070 792 ad
1085 734 1289 794 instituendum

371 826 466 875 torem
486 815 670 894 putabamus,
689 818 722 874 ‘in
743 816 797 875 hos
821 816 973 875 duodecim
993 816 1084 875 libros
1107 817 1280 877 contulimus

371 903 446 959 viter
470 903 562 960 omnia
586 900 815 959 demonstraturi.
846 898 918 959 Nam
939 903 964 959 si
985 910 1119 977 quantum
1139 902 1176 961 dc
1199 905 1292 979 quoqu

330 984 430 1048 attici
450 993 549 1062 potest
569 1001 792 1062 persequamur,
816 984 878 1042 irnis
894 986 992 1062 operis
1008 1001 1066 1042 non
1084 987 1259 1062 reperietur.

372 1077 466 1127 tamen
486 1070 515 1128 in
535 1070 633 1146 primis
654 1067 816 1127 testandum
837 1077 897 1141 est,
917 1068 985 1127 nihil
1008 1078 1166 1147 praecepta
1186 1079 1292 1146 atque:

371 1152 472 1212 valere
487 1154 541 1211 nisi
562 1153 714 1212 adiuvante
735 1160 844 1210 natura.
877 1151 1062 1229 Quapropter
1078 1154 1123 1227 ei,
1147 1155 1193 1212 cui
1215 1153 1292 1212 decri

371 1239 501 1313 genium,
517 1254 575 1295 non
589 1239 681 1312 magis
701 1236 774 1295 haec
788 1237 896 1312 scripta
915 1237 971 1294 sint
986 1254 1069 1313 quam
1089 1236 1124 1295 de
1140 1254 1292 1312 agrorum·

330 1329 363 1384 27
372 1320 518 1379 sterilibus
539 1322 633 1378 terris.
666 1320 737 1378 Sunt
759 1316 864 1378 et'alia
886 1320 1012 1395 ingenita
1033 1320 1172 1397 quaedam
1194 1321 1292 1379 adium·

371 1422 445 1480 vox,
473 1405 547 1463 latus
573 1405 685 1481 patiens
712 1403 839 1478 laboris,
867 1402 1022 1479 valetudo,
1054 1406 1229 1480 constantia,
1258 1403 1292 1463 de

372 1505 447 1566 quac
473 1490 498 1546 si
519 1488 631 1546 modica
653 1486 835 1563 obtigerunt,
863 1496 984 1564 possunt
1006 1489 1118 1546 ratione
1144 1487 1291 1565 ampliari,

343 1590 346 1594 ·
372 1588 572 1649 nonnunquam
587 1573 626 1629 ita
641 1571 759 1647 desunt,
779 1580 810 1630 nt
827 1571 902 1630 bona
920 1572 1005 1630 etiam
1019 1573 1125 1648 ingenii
1141 1572 1285 1649 studiique

372 1664 515 1732 rumpant;
538 1656 613 1714 sicut
629 1663 658 1712 et
673 1654 746 1713 haec
761 1656 824 1732 ipsa
841 1656 903 1713 sinc
919 1655 1040 1714 doctore
1055 1657 1164 1733 perito,
1188 1656 1283 1715 studio

372 1741 476 1814 tinaci,
501 1738 662 1813 scribendi,
682 1739 817 1814 legendi,
840 1739 954 1798 dicendi
969 1739 1057 1799 multa
1075 1749 1104 1798 et
1126 1740 1260 1800 continua
1281 1757 1292 1798 ε

373 1825 510 1882 citatione
530 1840 584 1900 per
601 1839 634 1881 se
651 1822 721 1882 nihil
737 1831 866 1901 prosunt.
885 1836 886 1839 ’

437 1974 691 2036 QUEMADMODUM
708 1974 812 2025 PRIMA
829 1975 1006 2026 ELEMENTA
1022 1975 1204 2026 TRADENDA
1218 1975 1291 2026 SINT

456 2077 478 2137 l.
521 2076 611 2153 Igitur
631 2085 698 2136 nato
723 2077 781 2136 lilio
806 2085 889 2156 pater
908 2097 990 2157 spem
1011 2078 1047 2137 de
1069 2078 1120 2137 illo
1143 2080 1262 2156 primum
1282 2095 1292 2154 u

372 2164 507 2241 optimam
529 2163 639 2240 capiat,
662 2164 701 2221 ita
716 2162 882 2238 diligentior
902 2181 918 2222 a
935 2163 1082 2241 principiis
1102 2163 1161 2220 liet.
1190 2161 1277 2222 Falsa

374 2256 418 2306 est
440 2246 575 2324 querela,
601 2247 779 2323 paucissimis
804 2246 964 2306 hominibus
990 2249 1048 2305 vim
1071 2246 1267 2324 percipiendi,
1290 2277 1292 2291 ·

372 2331 535 2405 tradantur,
552 2347 618 2389 esse
634 2346 819 2403 concessam,
842 2331 1001 2408 plerosque
1015 2347 1087 2389 uero
1103 2329 1232 2389 laborem
1247 2346 1281 2388 ac

373 2432 444 2493 pora
464 2414 597 2475 tarditate
619 2413 725 2488 ingenii
745 2412 879 2489 perdere.
911 2412 983 2472 Nam
998 2423 1098 2473 contra
1116 2413 1214 2491 plures
1234 2432 1292 2491 rep·

374 2507 403 2557 et
416 2497 519 2556 iaciles
534 2495 773 2571 inexcogitando
790 2497 868 2556 etad
884 2496 1049 2556 discendum
1064 2506 1222 2576 promptos.
1250 2496 1292 2569 Qu

372 2581 401 2642 id
422 2589 466 2639 est
487 2580 593 2639 homini
613 2578 757 2646 naturale:
781 2597 816 2640 ac
836 2582 910 2640 sicut
927 2599 996 2640 aves
1017 2582 1052 2641 ad
1077 2581 1219 2655 volatum,
1243 2598 1292 2658 eqt

373 2682 502 2738 cursum,
524 2663 559 2722 ad
574 2663 722 2722 saevitiam
736 2664 817 2722 ierae
833 2666 1003 2741 gignuntur:
1029 2668 1067 2724 ita
1088 2664 1172 2723 nohis
1186 2666 1292 2742 propri:

372 2749 474 2808 mentis
496 2747 613 2822 agitatio
636 2755 725 2824 atque
743 2747 889 2821 sollertia,
916 2749 991 2808 unde
1013 2752 1096 2825 origo
1119 2749 1202 2808 animi
1226 2748 1292 2808 coel

346 2832 510 2901 acreditur.
549 2828 678 2889 Hebetes
701 2848 773 2889 vcro
789 2840 827 2906 ¹et
850 2833 991 2896 indociles
1017 2850 1074 2891 non
1098 2833 1188 2908 magis
1209 2850 1292 2890 secur

373 2924 500 2975 naturam
515 2914 644 2993 homines
661 2915 781 2974 eduntur
802 2933 885 2992 quam
906 2917 1074 2994 prodigiosa
1090 2932 1214 2993 corpora
1236 2925 1265 2975 et
1285 2934 1292 2974 ι

373 3001 440 3058 stris
462 3000 601 3074 insignia,
623 2999 675 3058 sed
696 2998 724 3057 hi
744 3001 828 3076 pauci
848 3000 1007 3059 admodum.
1038 2999 1137 3059 Fuerit
1157 3017 1292 3076 argumen

375 3083 451 3161 quod
470 3085 499 3143 in
513 3084 610 3160 pueris
632 3082 729 3141 elucet
744 3101 814 3161 spes
829 3083 1030 3161 plurimorum,
1055 3101 1208 3161 quaecum
1228 3100 1292 3142 emo

374 3176 484 3242 aetate,
504 3165 682 3225 manifestum
703 3173 763 3240 est,
789 3184 846 3226 non
870 3177 997 3226 naturam
1017 3168 1162 3227 deiecisse
1183 3168 1237 3228 sed
1258 3186 1293 3227 cu

347 3258 364 3311 3
375 3251 505 3311 Praestat
518 3257 611 3309 tamen
623 3251 738 3327 ingenio
751 3251 824 3309 alins
835 3252 929 3310 alium.
947 3249 1100 3319 Concedo;
1113 3251 1165 3310 sed
1177 3251 1243 3329 plus
1257 3251 1292 3310 cll

374 3343 422 3394 aut
441 3335 547 3401 minus;
569 3351 653 3393 nemo
674 3335 833 3412 reperitur,
857 3337 905 3412 qni
925 3337 961 3394 sit
980 3336 1074 3395 studio
1095 3335 1167 3394 nihil
1179 3352 1292 3394 consec·

373 3417 437 3478 Hoc
460 3419 508 3496 qui
532 3419 705 3494 perviderit,
734 3420 864 3496 protinus
887 3427 917 3477 ut
942 3420 996 3477 erit
1020 3437 1125 3497 parens
1150 3419 1243 3478 iactus
1269 3437 1292 3478 a·

375 3519 458 3580 wem
472 3503 593 3560 maxime
611 3517 706 3560 curam
722 3503 785 3578 spei
801 3501 887 3561 futuri
905 3504 1029 3562 oratoris
1046 3501 1199 3582 impendat.

346 3593 364 3647 4
456 3585 532 3643 Ante
547 3586 689 3644 omniane
705 3586 741 3643 sit
752 3587 873 3644 vitiosus
886 3605 981 3647 sermo
994 3587 1163 3660 nutricibus,
1179 3603 1251 3664 quas
1266 3587 1291 3645 si

374 3677 477 3747 posset
493 3670 639 3746 sapientes
660 3666 839 3745 Chrysippus
858 3672 981 3746 optavit,
1002 3681 1082 3730 certe
1104 3679 1237 3748 quantum
1251 3688 1292 3728 rer

343 3784 348 3794 «
374 3762 485 3814 teretur
503 3754 623 3832 optimas
643 3753 711 3829 eligi
731 3752 832 3812 voluit.
869 3752 907 3814 Et
922 3771 1031 3813 morum
1051 3755 1165 3834 quidem
1183 3755 1212 3814 in
1231 3753 1277 3814 his
