3184 4409
352 472 411 533 114
659 486 696 533 n.
711 483 788 532 sno.
808 483 1027 543 consummor

350 638 429 697 etde
444 639 572 716 pluribus
588 637 784 714 singulariter:

430 720 524 784 Harsd
539 741 629 783 secas
648 739 687 782 ac
701 723 812 800 patriis
832 740 909 782 acer
925 720 1082 783 Rcmcm
1098 721 1132 782 in
1151 723 1264 786 ernas.

305 805 453 883 alspecie
472 806 586 865 diversa
601 804 654 864 sed
667 823 777 881 genere
799 807 900 865 eadem
916 814 945 864 et
959 804 1032 864 haec
1047 813 1128 864 sunt:

431 887 513 950 Nece
533 890 587 950 tibi
604 890 649 951 ad
669 890 761 949 solem
778 897 907 968 serpant
926 889 1027 950 cineta
1048 889 1222 952 cadentem.

429 970 477 1032 Ne
497 973 569 1032 mili
591 980 652 1034 tam
666 974 771 1033 molles
784 973 841 1032 ssslr
863 974 934 1033 dico
954 990 1085 1050 carpere
1100 991 1238 1050 somnos,

430 1054 496 1117 Neu
515 1058 606 1118 dorso
625 1058 757 1117 nemoris
776 1057 870 1116 libeat
885 1057 1020 1117 iacuisse
1034 1074 1092 1133 per
1112 1055 1253 1128 herbam·

346 1141 491 1197 nonenim
508 1141 607 1199 nescio
625 1141 670 1198 oui
686 1139 733 1198 alii
752 1141 831 1216 prius
848 1158 904 1198 nec
918 1148 1022 1217 postea
1043 1139 1097 1197 sibi
1118 1139 1167 1197 uni
1184 1142 1244 1200 sed
1260 1143 1339 1201 omni·

346 1221 399 1280 hus
415 1226 566 1303 praecipit
606 1221 644 1281 Et
664 1223 700 1282 de
722 1222 805 1281 nobis
822 1223 965 1300 loquimur
980 1231 1112 1299 tanquam
1126 1222 1163 1282 de
1180 1225 1268 1283 aliis·
1292 1225 1341 1285 m·-

304 1308 388 1366 aava
400 1304 543 1382 Servius,
561 1315 654 1385 repat
677 1305 800 1368 Tullius.
844 1304 882 1365 Et
903 1315 1003 1365 nostra
1023 1323 1148 1383 persona
1164 1309 1276 1368 utimur
1295 1325 1341 1387 pro

347 1388 454 1463 aliena,
476 1399 505 1448 et
520 1390 592 1449 alios
608 1407 660 1467 pro
678 1390 740 1448 aliis
756 1390 896 1467 tingimus.
939 1389 1094 1467 Utriusque
1115 1391 1158 1448 rei
1178 1394 1341 1470 exemplam

346 1490 399 1549 pro
412 1469 545 1532 Caecina
568 1473 715 1548 Pisonem
733 1474 873 1534 adversae
885 1475 974 1552 partis
985 1473 1154 1532 advocatum
1162 1475 1340 1553 ,alloquens

347 1554 451 1615 Cicero
467 1557 549 1615 dicit:
565 1557 746 1618 destituisse
761 1565 790 1618 te
805 1559 902 1626 dicti,·
922 1576 999 1636 nepo
1013 1576 1061 1617 me
1074 1575 1114 1618 ec
1128 1558 1233 1618 edicto
1250 1579 1340 1637 proc

346 1641 421 1699 toris
437 1642 604 1701 restitutum
622 1659 707 1708 esser
727 1659 827 1700 verum
843 1643 916 1700 enim
933 1641 1004 1701 illud
1018 1641 1187 1702 restituisse
1202 1641 1340 1703 Aebutius

347 1723 431 1797 dixit,
451 1720 574 1782 Caecina
590 1743 666 1802 nepo
680 1743 727 1784 me
742 1743 784 1785 ec
791 1721 896 1786 edicto
910 1725 1066 1822 praetoris
1078 1724 1252 1786 restitutum
1262 1745 1340 1792 esser

304 1807 481 1882 metipsum
500 1807 592 1882 dicti,
619 1825 741 1867 excussa
757 1809 886 1884 syllaba,
907 1806 1157 1884 ligurainverho.
1198 1807 1255 1868 Illa
1276 1825 1338 1888 quo·

347 1907 403 1966 que
425 1908 462 1948 ex
487 1891 589 1949 eodem
611 1909 719 1967 genere
742 1902 863 1969 possunt
883 1892 991 1951 videri:
1017 1909 1100 1950 noum
1123 1891 1203 1968 quod
1230 1895 1336 1953 inter·

346 1975 568 2075 positionem
588 1975 636 2034 vel
661 1975 1122 2049 interclusionemdieimus,
1149 1973 1336 2072 Graeoirmp

347 2053 476 2133 ἔνθεσιν,
502 2056 706 2136 respipiciamus
726 2068 848 2134 vocant,
881 2060 947 2119 dum
972 2059 1176 2118 continuationi
1203 2060 1335 2119 sermonis

345 2141 454 2199 medius
470 2141 571 2218 aliquis
589 2161 690 2202 sensus
705 2144 872 2202 intervenit·
895 2140 961 2221 Epo
979 2162 1047 2203 cam
1067 2147 1096 2202 te
1113 2143 1251 2220 (mecum
1267 2145 1335 2206 enin

344 2226 522 2301 saepissime
536 2226 678 2305 loquitar)
693 2229 817 2304 patriae
831 2226 1054 2294 reddidissem·
1076 2227 1122 2284 aui
1138 2224 1278 2287 adiiciunt
1293 2225 1333 2299 hr-

304 2308 500 2387 tiperbaton,
524 2312 601 2388 qnod
616 2314 688 2369 inter
708 2319 810 2388 tropos
832 2329 898 2369 esse
915 2311 1080 2373 noluerunt:
1078 2307 1245 2407 alterum,
1269 2307 1335 2388 quod

346 2403 391 2452 est
403 2397 464 2452 eins
478 2394 587 2469 figurae
599 2396 819 2467 sententiarum,
832 2412 905 2471 quae
918 2387 1090 2471 ἆποστροφη
1078 2382 1206 2452 dicitur
1212 2393 1333 2470 ,simile

346 2478 398 2536 sed
413 2495 469 2536 non
484 2496 598 2536 sensum
609 2487 696 2537 mutat
708 2496 808 2536 verum
822 2478 942 2537 formam
957 2475 1127 2554 eloquendi:

494 2595 537 2606 -
549 2561 676 2636 Decios,-
698 2559 816 2621 Marios
831 2576 1017 2639 mapnosquc
1032 2557 1186 2632 Camillos,

428 2643 596 2722 Scipiadas
617 2646 713 2705 duros
732 2644 808 2705 bello
827 2653 856 2707 et
877 2654 921 2721 te,
942 2645 1075 2705 maxime
1096 2638 1228 2703 Caesar.

304 2725 463 2789 25Acutius
479 2728 598 2786 adhuc
590 2748 617 2786 in
634 2728 796 2803 Polydoro:
958 2738 976 2783 c

386 2807 448 2870 Fas
468 2830 555 2872 omne
575 2813 743 2889 abrumpit,
765 2809 947 2889 Polydorum
967 2811 1129 2871 obtruncat
1157 2814 1186 2870 et
1208 2827 1289 2872 auro

390 2891 426 2953 Vi
438 2897 559 2971 potitur
605 2894 686 2968 Quid
701 2915 760 2956 non
778 2896 921 2957 mortalia
938 2902 1066 2972 pectora
1087 2893 1171 2970 copis

386 2974 463 3038 Auri
483 2997 578 3040 sacra
596 2980 717 3056 fomes?

344 3059 366 3117 Ii
375 3063 446 3138 ,qui
459 3070 514 3120 tam
527 3080 614 3139 parva
627 3072 768 3121 momenta
780 3061 938 3121 nominibus
951 3061 1166 3135 discreverant,
1183 3053 1338 3140 μετάβασιν

345 3155 466 3220 vocant,
484 3163 568 3223 quam
585 3156 613 3204 et
631 3146 715 3206 aliter
731 3147 793 3205 fieri
808 3154 923 3224 putant:

592 3227 673 3302 Ouid
690 3232 739 3307 loq
741 3232 819 3291 nor?
840 3239 894 3290 cist
914 3228 967 3289 ulii
985 3229 1074 3288 sam?

303 3318 336 3371 26
345 3307 495 3370 Coniunxit
506 3323 599 3372 autem
611 3311 789 3390 meoiudicio
800 3322 829 3371 et
841 3304 1180 3411 incorpomirvergilius
1194 3311 1248 3371 illo
1260 3311 1337 3372 loco:

343 3393 480 3454 Hand
492 3399 602 3473 procul
614 3399 687 3457 inde
702 3398 782 3457 citae
795 3395 944 3459 Matium
931 3416 965 3456 m
976 3397 1101 3455 diversa
1115 3397 1293 3474 qrsadriyae

385 3475 454 3538 Dist
443 3480 591 3555 tulerant,
609 3480 659 3557 (at
673 3489 704 3540 tu
728 3481 820 3541 dictis
832 3477 951 3540 Albane
963 3478 1136 3554 manerest)

377 3558 602 3639 ‚doptabatqne
616 3565 676 3624 oiri
690 3565 849 3624 mendacis
862 3565 984 3624 viscera
1002 3560 1115 3622 Tullus.
1130 3586 1133 3591 ⁴

304 3642 424 3704 attineo
445 3644 590 3706 schemata
606 3657 653 3705 aut
673 3647 716 3705 his
734 3648 851 3721 similia,
876 3665 949 3724 quae
972 3654 1055 3705 errrnt
1071 3663 1124 3722 per
1148 3647 1340 3714 mutationem,

340 3727 549 3808 adiectionem,
579 3731 801 3807 detractionem,
829 3731 973 3805 ordinem,
1007 3739 1037 3789 et
1063 3737 1236 3792 convertunt
1261 3730 1340 3786 inse
