3184 4409
586 497 675 546 mar.
689 495 996 566 condonamur.
1251 487 1289 549 tt

246 655 248 701 Ι
305 671 338 714 ex
353 651 503 712 veteribus
519 653 581 712 eins
597 652 677 712 libris
694 652 874 714 manifestum
889 663 934 714 cst
956 664 985 714 et
1002 652 1156 716 allessala
1176 656 1203 714 in
1218 653 1292 715 libro

246 760 249 768 ·
305 737 336 797 dc
355 737 375 798 S
394 737 491 797 littera
511 733 656 815 positum?
687 735 760 798 Side
780 746 809 795 et
828 756 924 815 prauae
938 741 1075 818 scripturn
1096 741 1123 798 in
1144 739 1335 804 multorumtt

246 831 250 868 ³
306 821 378 881 libris
401 830 463 898 est,
486 820 597 880 sedan
620 820 677 880 hoc
701 820 845 881 voluerint
867 831 1017 898 auctores,
1047 825 1163 889 nescios
1192 823 1224 884 Τ.
1246 825 1290 884 ti-

247 899 250 907 ’
307 906 373 970 rium
398 907 438 965 ita
464 905 508 966 his
530 924 612 965 usum
638 924 675 964 ex
697 905 823 965 Pediano
846 908 990 985 comperi,
1020 909 1067 984 qut
1090 916 1118 967 et
1141 909 1204 985 ipse
1228 925 1292 967 eum

246 1002 251 1043 t
307 988 488 1066 sequebatur;
506 988 579 1048 haec
595 1006 647 1048 nos
663 988 677 1048 1
694 989 791 1049 littera
810 991 930 1063 linimus.
967 990 1040 1063 Quid
1058 991 1149 1050 dicam
1164 995 1334 1055 vorticem

246 1081 251 1120 Ξ
308 1082 331 1132 et
348 1092 457 1135 vorsus
480 1083 637 1151 ceteraque
660 1074 694 1133 ad
716 1075 838 1133 eundem
856 1075 985 1147 modum,
1009 1093 1082 1152 quae
1102 1078 1209 1152 primus
1230 1078 1291 1136 Sci-

308 1158 347 1234 pio
358 1156 512 1217 Africanus
528 1159 556 1216 in
568 1157 592 1216 Ε
606 1157 729 1217 litteram
744 1161 899 1219 secundam
914 1161 1037 1217 vertisse
1052 1157 1174 1218 dicitur?
1193 1160 1291 1219 Nostri
1299 1169 1333 1224 26

308 1252 507 1320 praeceptores
519 1260 642 1303 ceruum
657 1261 841 1320 ceruumque
859 1243 924 1302 Uet
939 1242 962 1302 0
980 1242 1083 1302 litteris
1101 1245 1290 1321 scripserunt,

309 1327 364 1401 poia
381 1326 512 1385 subiecta
529 1326 583 1384 sibi
600 1326 711 1385 vocalis
726 1329 755 1385 in
772 1347 856 1386 unum
872 1346 973 1387 sonum
990 1327 1160 1387 coalescere
1177 1336 1205 1387 ct
1223 1345 1290 1387 con·

246 1427 250 1435 ’
307 1408 375 1469 lundi
394 1413 542 1488 nequiret;
567 1428 641 1469 nuno
658 1410 683 1470 U
700 1413 813 1486 gemina
830 1412 991 1471 scribuntur
1007 1430 1042 1472 ca
1058 1414 1185 1486 ratione,
1208 1430 1291 1489 qnam

246 1511 250 1520 ·
307 1493 424 1561 reddidi;
448 1503 550 1553 neutro
572 1511 641 1552 sane
663 1495 748 1553 modo
770 1513 845 1570 vox,
870 1510 953 1573 quarn
981 1498 1133 1571 sentimus,
1154 1496 1288 1556 eflicitur.

246 1582 248 1618 ¹
306 1573 359 1637 Nec
379 1577 518 1637 inutiliter
539 1576 674 1637 Claudius
689 1578 841 1638 Aeolicam
861 1580 938 1639 illam
956 1581 991 1639 ad
1012 1581 1065 1639 hos
1082 1599 1151 1640 usus
1167 1581 1290 1640 litteram

255 1680 265 1731 t.
305 1660 453 1721 adiecerat.
486 1660 561 1721 lllud
581 1680 656 1721 nunc
676 1662 797 1738 melius,
822 1664 899 1740 quod
918 1667 969 1725 cui
983 1659 1091 1739 tribus,
1115 1683 1185 1742 quas
1207 1672 1352 1743 prae-at,

249 1744 257 1833 ξ
303 1747 397 1822 posui,
427 1745 530 1805 litteris
554 1755 716 1817 enotamus;
744 1748 852 1824 inquo
877 1750 974 1826 pueris
995 1749 1078 1807 nobis
1099 1749 1134 1808 ad
1156 1751 1290 1828 pinguem

246 1838 251 1883 t
301 1847 366 1889 sane
386 1847 488 1890 sonum
511 1845 529 1908 p
553 1839 582 1889 et
600 1850 622 1891 c
643 1839 710 1892 eto
731 1840 760 1891 et
777 1832 793 1891 i
810 1831 978 1909 utebantur,
1001 1842 1160 1893 tantum-ut
1180 1833 1216 1894 ab
1237 1833 1288 1893 illo

301 1915 349 1991 pud
370 1913 607 1990 distingueretur.
682 1956 685 1963 ·

381 1995 478 2072 Quid‘l
499 2016 574 2076 quae
597 1998 760 2057 scribuntur
780 1998 866 2058 aliter
886 2017 975 2076 quam,
991 1996 1190 2059 enuntiantur?
1217 1999 1331 2068 Namaa

298 2090 325 2141 et
347 2081 445 2143 Gaius
463 2079 489 2141 C
505 2082 600 2141 littera
622 2082 815 2159 significatur,
845 2100 918 2159 quae
942 2085 1056 2143 inversa
1072 2084 1221 2142 mulierem
1239 2085 1288 2143 de·

295 2165 401 2232 clarat:
425 2166 491 2243 quia
510 2174 566 2224 tam
585 2166 681 2226 Golas
698 2184 765 2224 esse
786 2163 927 2225 vocitatas
946 2184 1029 2244 quam
1047 2167 1139 2228 Gaios
1153 2169 1236 2226 etiam
1252 2186 1290 2226 ex

294 2249 470 2328 nuptialibus
483 2252 574 2309 sacris
586 2259 716 2328 apparet.
744 2249 770 2308 N
773 2268 808 2309 eo
819 2251 941 2311 Gnaeus
954 2268 1016 2308 earn
1029 2250 1152 2310 litteram
1166 2253 1193 2309 in
1205 2265 1331 2329 prae-29

292 2335 416 2393 nominis
439 2342 507 2392 nota
529 2336 650 2412 accipit,
678 2351 752 2411 quae
774 2343 872 2401 sonat;
900 2343 929 2393 et
949 2335 1139 2396 clarissimos
1160 2343 1190 2393 et
1212 2332 1289 2400 Cott-

290 2419 379 2479 eulca
393 2419 536 2493 geminata
558 2418 659 2477 eadem
677 2418 771 2477 littera
792 2418 928 2494 legimus;
949 2426 978 2477 et
996 2417 1137 2495 Subura,
1160 2437 1222 2478 cum
1239 2420 1288 2477 tri-

291 2502 348 2561 bus
368 2501 472 2561 litteris
490 2510 619 2577 notatur,
640 2501 663 2562 G
681 2505 793 2562 tertiam
810 2503 944 2562 ostendit.
981 2502 1071 2562 Multa
1089 2512 1154 2561 sunt
1171 2503 1288 2579 generis

290 2586 393 2652 buius:
412 2585 464 2644 sed
480 2584 554 2644 haec
573 2603 688 2664 quoque
705 2604 812 2648 vereor
828 2605 865 2646 ne
882 2587 996 2646 modum
1011 2596 1067 2646 tarn
1080 2605 1186 2665 parvae
1200 2605 1288 2666 quae·

292 2669 398 2728 stionis
420 2672 609 2728 excesserint.
732 2698 737 2712 ι
1084 2695 1090 2704 ·

379 2752 516 2812 Iudicium
531 2763 624 2812 autem
641 2773 722 2813 suum
739 2755 939 2831 grammaticus
960 2756 1122 2833 interponat
1138 2755 1183 2814 bis
1201 2757 1331 2819 omni-30

291 2837 365 2904 bus;
387 2854 450 2895 nam
467 2836 524 2896 hoc
538 2838 638 2896 valere
660 2838 811 2916 plurimum
830 2839 926 2898 debet.
957 2837 1021 2915 Ego
1041 2840 1110 2916 (nisi
1126 2839 1202 2915 quod
1220 2857 1288 2898 con·

292 2920 418 2980 suetudo
437 2920 607 3000 obtinuerit)
621 2923 665 2980 sic
677 2921 859 2981 scribendum
876 2923 1001 3000 quidque
1014 2923 1126 2997 iudico,
1144 2923 1287 3000 quomodo

292 3012 387 3065 sonat.
431 3003 485 3063 llic
507 3007 580 3064 enim
603 3013 647 3064 est
669 3023 738 3064 usus
759 3006 933 3081 litterarum,
962 3015 993 3066 ut
1014 3008 1176 3067 custodiant
1198 3017 1328 3070 uocaset

293 3097 322 3148 et
344 3088 425 3147 velut
445 3088 607 3166 depositum
628 3089 747 3148 reddant
763 3089 944 3166 legentibus,
966 3093 1063 3167 itaque
1079 3092 1107 3150 id
1125 3093 1288 3168 exprimere

293 3172 402 3232 debent
415 3173 493 3250 quod
505 3173 607 3232 dicturi
620 3191 726 3231 sumus.
759 3172 821 3232 Hae
835 3174 897 3232 lere
911 3183 975 3234 sunt
988 3175 1139 3234 emendate
1152 3175 1329 3251 loquendissi

293 3256 499 3334 scribendique
524 3265 637 3334 partes:
666 3257 736 3316 duas
756 3258 884 3335 reliquas
907 3259 1102 3334 significanter
1128 3267 1287 3335 ornateque

292 3340 407 3400 dicendi
427 3358 484 3399 non
507 3340 639 3418 equidem
658 3343 848 3416 grammaticis
867 3342 984 3418 aufero,
1007 3343 1059 3402 sed
1076 3360 1139 3402 cum
1155 3343 1222 3403 mibi
1243 3343 1286 3403 oi-

293 3425 359 3483 licia
381 3425 506 3483 rhetoris
529 3426 689 3502 supersint,
711 3426 810 3484 maiori
832 3428 914 3503 operi
933 3442 1063 3485 reservo.

378 3508 467 3566 Sedet
489 3518 583 3568 autem
605 3508 655 3567 illa
683 3510 837 3584 cogitatio,
869 3511 1007 3585 quosdam
1032 3510 1112 3586 iore,
1141 3513 1189 3589 qui
1215 3510 1329 3574 taccat

293 3608 368 3669 quae
392 3592 512 3651 diximus
534 3610 623 3670 parva
646 3593 758 3650 nimium
782 3600 811 3652 et
833 3594 1033 3670 impedimenta
1060 3612 1176 3674 quoque
1196 3597 1286 3654 maius

293 3676 401 3753 aliquid
420 3675 572 3752 agentibus
594 3684 702 3754 putent.
735 3676 799 3735 Nec
819 3677 883 3754 ipse
901 3677 936 3736 ad
954 3687 1109 3738 extremam
1127 3697 1218 3757 usque
1238 3695 1285 3736 an-

293 3761 431 3820 xietatem
457 3770 487 3820 et
514 3761 627 3839 ineptas
650 3760 849 3820 cavillationes
876 3761 1112 3826 descendendum
1130 3772 1222 3842 atnoe
1242 3760 1295 3820 tos
