3184 4409
350 464 408 527 162
480 458 485 469 '
660 480 696 527 u.
709 479 787 528 nna.
800 478 1017 540 quorumnam

305 632 437 697 arrisum
453 640 513 709 est,
535 641 594 692 tum
608 641 661 711 pro
676 631 791 709 Ligario
809 633 845 693 ad
861 631 1061 701 Tuberonem
1083 650 1148 693 nam
1164 643 1227 695 erat
1242 635 1334 697 multo

345 715 439 775 lutura
455 716 632 792 languidior,
653 717 677 775 si
694 725 774 776 esset
789 717 874 776 aliter
888 717 1019 793 figurata.
1055 715 1140 789 Quod
1155 718 1268 778 iaeilius
1284 737 1335 780 eo-

346 808 479 877 gnoseet,
495 801 519 858 si
535 800 598 878 quis
613 799 692 860 illam
706 809 794 860 totam
810 808 922 878 partem
938 798 1235 878 vehementissimam,
1252 805 1336 864 euius

345 882 419 942 haee
436 883 527 942 forma
542 891 605 958 est,
626 881 729 946 ldudes
747 885 859 963 igitur,
884 881 1013 959 Tubero,
1034 885 1116 961 quod
1137 891 1183 948 eat
1202 903 1336 947 aecusa-

346 968 405 1028 tori
418 967 549 1027 mamma
568 968 753 1044 optandum,
775 975 805 1027 et
826 975 943 1042 cetera,
965 975 1115 1026 convertat
1137 967 1172 1028 ad
1194 968 1336 1038 iudicem3

346 1058 403 1109 tum
419 1051 492 1109 enim
506 1066 576 1108 vere
594 1067 697 1110 aversa
710 1050 841 1110 rideatur
863 1051 956 1111 oratio
972 1059 1001 1110 et
1018 1049 1155 1126 languere
1170 1053 1213 1110 vis
1230 1054 1334 1128 omnis,

346 1133 505 1195 dicentibus
522 1133 605 1192 nohis
625 1132 724 1196 Habet
737 1136 832 1213 igitur
849 1132 981 1210 Tubero,
1004 1135 1086 1211 quod
1099 1143 1144 1195 eat
1158 1137 1337 1198 accusatori

285 1219 477 1296 ,seuuemo
495 1218 671 1296 optandum.
710 1216 765 1277 Illo
789 1218 864 1277 enim
885 1218 970 1277 modo
994 1219 1100 1296 pressit
1121 1225 1207 1296 atque
1222 1219 1351 1294 institit,

344 1301 402 1361 hoe
417 1309 523 1360 tantum
538 1302 702 1361 indicasset.
734 1301 818 1374 Quod
830 1301 905 1361 idem
920 1301 949 1359 in
962 1299 1170 1376 Demosthene,
1186 1301 1211 1360 si
1227 1301 1337 1361 flexum

345 1383 424 1445 illum
440 1386 611 1461 mutaveris,
628 1384 749 1443 aecidat.
782 1381 897 1463 [Quidi
918 1401 976 1443 non
992 1383 1146 1445 Sallustius
1169 1385 1281 1446 directo
1298 1385 1336 1445 ad

346 1464 531 1543 Ciceronem,
552 1468 580 1529 in
604 1484 689 1546 quem
710 1469 802 1546 ipsum
821 1467 952 1543 dicebat,
975 1485 1045 1528 usus
1061 1475 1106 1527 est
1122 1468 1281 1546 principio,
1304 1477 1336 1528 et

346 1551 460 1629 quidem
474 1552 620 1630 protinus:
641 1551 783 1612 Graviter
803 1560 832 1613 et
850 1553 954 1629 iniquo
975 1552 1075 1613 auimo
1096 1552 1262 1612 maledictu
1279 1560 1336 1613 tuo

342 1643 485 1712 paterer,
507 1632 614 1696 Marce
635 1633 737 1696 Tulli?
762 1636 836 1694 siout
858 1631 961 1694 Gieero
982 1634 1095 1694 lecerat
1115 1631 1335 1697 incatilinam:

304 1730 338 1784 69
348 1715 509 1796 Quousque
538 1720 661 1780 tandem
687 1718 852 1797 adstaret]
897 1717 957 1792 Ae,
986 1735 1022 1776 ne
1048 1717 1112 1797 quis
1137 1717 1336 1796 apostrophen

346 1803 481 1876 miretur,
505 1801 580 1861 idem
603 1798 708 1861 (litero
729 1820 782 1880 pro
800 1802 910 1863 Scauro
926 1801 1046 1862 ambitus
1061 1818 1128 1875 reo,
1151 1818 1225 1879 quae
1245 1819 1336 1861 eausa

347 1885 435 1944 estin
458 1887 685 1960 commentariis,
703 1885 789 1963 (nam
809 1885 854 1944 his
875 1885 996 1945 eundem
1017 1885 1164 1964 defendit)
1188 1896 1335 1962 prosopo-

346 1968 432 2047 poeia
454 1968 598 2046 loquentis
621 1986 674 2047 pro
697 1987 749 2028 reo
769 1970 870 2037 utitur;
892 1984 945 2047 pro
966 1967 1083 2030 Rabirio
1105 1984 1176 2027 vero
1196 1967 1334 2026 Postumo

347 2052 509 2130 eodemque
530 2053 640 2112 Scauro
667 2070 719 2111 reo
746 2052 969 2130 repetundarum
995 2053 1079 2112 etiam
1100 2052 1256 2129 exemplis;
1279 2068 1334 2129 pro

303 2149 338 2204 70
348 2134 480 2196 Cluentio
503 2136 556 2214 (ut
575 2137 660 2195 modo
682 2137 818 2215 ostendi)
841 2137 1006 2215 partitione.
1048 2134 1113 2194 Non
1133 2143 1228 2194 tamen
1248 2133 1333 2207 haee,

347 2220 413 2298 quia
429 2229 550 2298 possunt
564 2219 640 2280 hene
655 2219 809 2298 aliquando
824 2219 904 2295 lieri,
921 2220 1027 2298 passim
1041 2219 1173 2278 lenienda
1188 2226 1265 2292 sunt,
1281 2217 1334 2277 sed

346 2304 479 2381 quotiens
494 2313 679 2382 praeceptum
693 2305 796 2363 vicerit
811 2305 898 2371 ratio;
923 2303 1066 2381 quomodo
1088 2311 1118 2361 et
1139 2301 1333 2376 similitudine,

346 2387 410 2445 dum
429 2385 528 2462 brevi,
558 2396 587 2446 et
607 2387 793 2447 translatione
816 2396 903 2465 atque
925 2386 989 2446 aliis
1009 2387 1101 2465 tropis
1122 2385 1218 2463 (quae
1240 2385 1334 2443 omnia

347 2470 422 2527 eauti
443 2470 486 2530 illi
508 2488 542 2529 ae
563 2470 717 2546 diligentes
739 2470 913 2549 prohibent)
934 2479 1047 2529 utemur
1066 2470 1193 2543 interim,
1216 2469 1271 2526 nisi
1288 2468 1333 2526 eui

345 2552 440 2611 divina
461 2551 510 2612 illa
531 2569 583 2630 pro
598 2553 712 2630 Ligario
727 2555 835 2629 ironia,
858 2553 894 2613 de
915 2570 970 2631 qua
991 2552 1079 2632 paulo
1100 2560 1165 2612 ante
1194 2551 1333 2624 dixeram,

305 2634 488 2712 ildisplieet.
524 2635 590 2695 Alia
613 2637 796 2697 exordiorum
817 2638 885 2698 vitia
903 2637 1000 2696 verius
1021 2636 1207 2697 tradiderunt.
1250 2632 1334 2706 Quod

345 2719 374 2776 in
397 2717 495 2795 plures
519 2737 621 2779 causas
642 2721 853 2782 accommodari
874 2728 988 2799 potest,
1014 2719 1135 2796 vulgare
1156 2718 1272 2784 dieitur;
1303 2715 1332 2776 id

345 2803 436 2860 minus
461 2803 620 2863 lavorahile
643 2804 796 2882 aliquando
819 2812 985 2864 tamennon
1001 2803 1138 2862 inutiliter
1152 2802 1333 2875 assumimus,

345 2887 454 2961 magnis
471 2904 560 2964 saepe
576 2887 737 2946 oratoribus
762 2906 820 2948 non
835 2889 980 2948 evitatum.
1019 2885 1083 2959 Quo
1105 2893 1134 2945 et
1150 2885 1334 2944 adversarius

345 2971 385 3028 uti
408 2979 521 3047 potest,
544 2988 691 3030 commune
707 2972 883 3050 appellatur;
906 2971 985 3049 quod
1005 2969 1188 3030 adversarius
1208 2968 1335 3025 insuam

345 3053 496 3113 utilitatem
512 3053 670 3114 deileetere
686 3063 798 3133 potest,
817 3053 1033 3122 commutabile;
1057 3052 1136 3132 quod
1156 3067 1261 3110 causae
1277 3068 1336 3118 non

347 3137 501 3213 cohaeret,
532 3147 711 3215 separatum
739 3139 817 3218 quod
847 3138 960 3199 aliunde
988 3136 1122 3212 trahitur,
1152 3133 1335 3198 translatum:

346 3229 500 3296 praeterea
517 3222 594 3300 quod
610 3223 737 3298 longum,
754 3222 832 3301 qnod
848 3229 947 3281 eontra
962 3229 1121 3299 praecepta
1137 3226 1193 3286 est;
1212 3233 1335 3296 quorum

346 3303 486 3382 pleraque
507 3322 564 3364 non
588 3306 719 3385 principii
744 3307 830 3366 modo
852 3313 917 3364 sunt
929 3305 997 3364 vitia
1013 3303 1065 3363 sed
1080 3304 1167 3361 totius
1185 3301 1334 3360 orationis.

303 3397 338 3451 ta
427 3387 507 3448 Haeo
528 3389 564 3448 de
587 3390 753 3467 prooemio,
778 3390 911 3467 quotiens
927 3389 981 3447 erit
996 3387 1058 3446 eius
1073 3404 1158 3461 usus,
1180 3401 1238 3444 non
1261 3401 1335 3443 sem·

346 3489 399 3548 per
420 3481 514 3530 autem
538 3481 597 3540 est;
626 3492 691 3534 nam
712 3481 741 3532 et
762 3489 972 3549 supervacuum
993 3470 1145 3548 aliquando
1163 3477 1224 3543 est,
1250 3469 1278 3528 'si
1299 3468 1335 3525 sit

345 3564 534 3631 praeparatus
550 3557 619 3614 satis
637 3558 722 3616 etiam
738 3557 800 3614 sine
815 3557 871 3615 hoe
887 3554 990 3630 iudex,
1012 3563 1059 3613 aut
1074 3555 1098 3612 si
1115 3571 1164 3611 res
1179 3567 1334 3630 praepara·

345 3637 423 3695 tione
443 3654 500 3697 non
523 3647 618 3714 egeat.
667 3639 841 3699 Aristoteles
863 3638 977 3718 quidem
998 3639 1026 3695 in
1046 3645 1135 3696 totum
1150 3635 1178 3696 id
1198 3650 1334 3695 neeessa-

344 3722 417 3778 rium
432 3721 507 3799 apnd
524 3720 617 3782 honos
633 3723 743 3785 iudices
758 3731 855 3802 negat.
891 3720 1054 3801 Aliquando
1072 3728 1168 3779 tamen
1183 3720 1223 3780 uti
1238 3735 1293 3779 nee
1310 3715 1335 3776 si
