3184 4409
553 484 643 532 lusu.
661 483 810 534 osseos.
825 484 895 530 nm.
910 484 958 549 ιιι,
973 480 999 533 s.
1205 470 1264 533 221

265 646 324 705 bus
340 637 488 720 congruat.
519 640 578 699 Sed
594 641 621 698 in
639 638 703 716 ipso
719 638 799 696 vultu
818 637 968 715 plurimum
982 639 1081 697 valent
1097 640 1190 714 oculi,
1213 651 1309 719 peras

258 735 345 808 'quos
361 728 482 786 maxime
501 726 609 783 animus
627 722 749 797 eminet,
767 731 797 780 ut
814 723 884 781 citra
900 731 1006 780 motum
1020 740 1135 800 quoque
1152 734 1181 782 et
1196 726 1266 785 bila-

266 815 354 872 ritate
373 812 532 870 enitescant
548 816 577 867 et
591 807 723 866 tristitiae
742 805 884 883 quoddam
904 805 1031 864 nubilum
1047 806 1160 867 ducant.
1193 808 1268 882 Quin

267 897 356 957 etiam
381 894 514 954 lacrimas
541 891 585 950 his
612 898 712 950 natura
738 890 843 948 mentis
862 890 972 948 iudices
998 890 1092 965 dedit,
1119 909 1193 969 quae
1220 902 1269 953 aut

268 987 422 1057 erumpunt
437 977 540 1037 dolore
557 984 603 1035 aut
619 973 726 1033 laetitia
743 982 865 1032 manant.
910 973 988 1032 Motu
1003 991 1076 1033 vero
1092 976 1204 1051 intenti,
1221 995 1267 1035 re·

266 1063 365 1136 missi,
389 1060 523 1139 superbi,
544 1060 636 1134 torvi,
665 1058 766 1131 mites,
790 1058 888 1134 asperi
910 1057 992 1124 liunt:
1019 1076 1112 1136 quae,
1135 1067 1166 1117 ιιι
1186 1067 1267 1118 aetus

267 1146 460 1226 poposcerit,
485 1145 637 1220 fingentur.
678 1140 773 1217 Rigidi
788 1158 861 1200 vero
884 1151 913 1201 et
929 1143 1053 1216 extenti,
1078 1152 1126 1201 aut
1141 1142 1309 1218 languidius,

268 1240 301 1290 et
316 1237 487 1309 torpentes,
506 1236 554 1287 aut
570 1226 672 1286 lascivi
689 1234 717 1283 et
733 1223 873 1301 mobiles,
895 1234 942 1285 aut
957 1234 1089 1286 natantes
1102 1235 1131 1286 et
1147 1227 1267 1304 quadam

265 1314 419 1392 voluptate
440 1311 557 1385 suffusi,
585 1319 632 1370 aut
654 1310 713 1368 limi
734 1317 781 1384 et,
808 1317 838 1368 ut
854 1311 897 1368 sic
920 1309 1030 1385 dicam,
1055 1313 1192 1386 venerei,
1220 1319 1268 1370 aut
1296 1314 1301 1323 ‘

266 1406 428 1477 poscentes
460 1395 568 1474 aliquid
594 1393 807 1472 pollicentesve
840 1411 982 1472 nunquam
1009 1412 1093 1459 esse,
1111 1393 1265 1454 debebunt.

266 1481 342 1541 Nam
363 1489 483 1559 opertos
507 1494 731 1557 compressosve
752 1493 806 1536 eos
827 1479 855 1536 in
876 1477 998 1538 dicendo
1021 1480 1085 1557 quis
1107 1479 1160 1537 nisi
1181 1479 1267 1558 plane

266 1566 347 1625 rudis
368 1575 415 1625 aut
438 1563 541 1623 stultus
562 1561 690 1622 habeat?
718 1559 809 1622 ucat
829 1561 1015 1623 haecomnia
1037 1563 1225 1640 exprimenda
1240 1564 1308 1624 iuti

269 1649 419 1728 palpebris
436 1649 521 1707 etiam
537 1655 567 1705 et
581 1647 665 1723 genis
682 1653 726 1704 est
743 1647 886 1723 quoddam
902 1646 1073 1705 deserviens
1088 1648 1123 1705 iis
1140 1648 1267 1706 ministe-

266 1734 351 1792 rium.
386 1732 502 1808 blultum
525 1738 555 1789 et
572 1729 737 1807 superciliis
753 1731 856 1806 agitur.
889 1728 961 1789 Nam
979 1740 1009 1790 et
1026 1731 1129 1791 oculos
1145 1732 1267 1791 formant
1275 1736 1309 1790 78

267 1817 449 1895 aliquatenus
465 1823 495 1875 et
509 1814 596 1874 lronti
606 1815 760 1890 imperant.
785 1813 837 1873 llis
853 1814 1039 1890 contrabitur,
1056 1815 1205 1891 attollitur,
1220 1833 1265 1874 re·

267 1903 400 1968 mittitur;
418 1909 516 1975 etune
532 1898 624 1957 resin
639 1914 673 1956 ea
689 1896 754 1974 plus
768 1897 882 1973 valeat,
899 1900 1016 1975 sanguis
1031 1900 1099 1974 ille,
1121 1900 1168 1977 qui
1187 1917 1265 1959 men·

267 1985 307 2044 tis
322 1984 419 2043 habitu
437 1991 568 2042 movetur
583 1989 630 2056 et,
647 1999 711 2039 cum
725 1981 862 2041 infirmam
877 1983 1054 2042 verecundia
1070 1992 1165 2042 cutem
1180 2001 1265 2044 acce·

268 2069 327 2147 pit,
344 2068 495 2127 effunditur
512 2068 540 2124 in
555 2064 707 2131 ruborem
733 2082 796 2124 cum
812 2073 890 2124 metu
904 2066 1030 2142 refugit,
1053 2066 1112 2126 abit
1127 2067 1219 2125 omnis
1236 2076 1266 2126 et

266 2152 381 2231 pallore
403 2151 550 2227 frigescit;
567 2157 746 2227 temperatus
760 2149 884 2209 medium
900 2150 1042 2227 quoddam
1059 2168 1192 2210 serenum
1204 2150 1264 2209 elli·

268 2237 317 2295 cit.
354 2236 459 2295 Vitium
480 2237 508 2293 in
532 2232 713 2312 superciliis,
738 2233 763 2291 si
786 2241 835 2292 aut
859 2233 973 2293 immota
998 2243 1060 2293 sunt
1082 2235 1196 2294 omuino
1218 2239 1307 2295 ιιιιι79

267 2322 383 2380 nimium
397 2318 512 2379 mobilia
529 2327 576 2376 aut
596 2316 776 2394 inaequalia,
801 2325 832 2376 ιιι
845 2317 932 2377 modo
951 2318 987 2377 de
1005 2336 1131 2396 persona
1155 2319 1265 2378 comica

268 2404 413 2479 dixeram,
437 2402 575 2462 dissident
597 2410 645 2461 aut
662 2410 762 2461 contra
783 2401 834 2477 id,
852 2401 930 2479 quod
951 2401 1086 2477 dicimus,
1113 2403 1264 2480 linguntur.

266 2487 313 2548 Ira
326 2489 400 2546 enim
413 2487 579 2560 contractis,
596 2487 708 2545 tristitia
722 2485 862 2560 deductis,
881 2484 1010 2545 hilaritas
1024 2487 1152 2546 remissis
1167 2495 1264 2546 osten-

268 2572 351 2631 ditur.
383 2570 535 2630 Annuendi
558 2586 673 2648 quoque
691 2578 720 2629 et
734 2569 874 2629 renuendi
889 2571 1000 2629 ratione
1022 2573 1203 2631 remittuntur
1217 2577 1266 2632 aut

267 2656 438 2715 allevantur.
476 2653 599 2713 Naribus
622 2653 770 2731 labrisque
793 2670 851 2713 non
866 2653 930 2712 fere
951 2654 1104 2732 quidquam
1125 2656 1307 2718 decentersc

267 2740 460 2814 ostendimus,
479 2739 593 2797 tametsi
611 2737 725 2797 derisus
739 2738 785 2811 iis,
801 2747 999 2815 contemptus,
1016 2738 1160 2800 fastidium
1174 2739 1261 2816 signi-

267 2824 347 2882 ficari
365 2823 451 2883 solet·
482 2821 553 2882 Nam
569 2830 598 2881 et
614 2839 784 2897 corrupere
793 2840 898 2897 norm,
913 2831 944 2882 ut
958 2822 1092 2883 Horatius
1108 2826 1157 2900 ait,
1175 2832 1204 2883 et
1221 2825 1261 2881 in-

267 2907 336 2966 llare
362 2917 391 2966 et
409 2924 528 2967 movere
550 2916 579 2966 et
600 2906 690 2984 digito
708 2906 869 2983 inquietare
891 2915 920 2966 et
937 2907 1022 2985 pulso
1043 2907 1138 2967 subito
1160 2908 1262 2987 spiritu

268 3000 406 3051 excutere
432 3000 461 3050 et
478 2990 621 3070 diducere
639 2992 757 3066 saepius
780 2998 809 3050 et
830 2989 915 3068 plana
931 3009 1015 3051 mauu
1030 2993 1199 3069 resupinare
1220 2992 1261 3049 in·

266 3077 405 3135 decomm
421 3084 475 3151 est,
494 3091 557 3134 oum
572 3076 715 3134 emunctio
732 3076 818 3133 etiam
834 3075 1013 3153 frequentior
1027 3092 1085 3135 nou
1096 3077 1159 3134 sine
1176 3091 1262 3135 causa

267 3158 505 3235 reprehendatur.
544 3157 635 3219 Labra
658 3167 687 3217 et
703 3159 887 3236 porriguntur
906 3158 981 3219 male
999 3168 1029 3220 et
1050 3159 1305 3223 scindunturetssl

266 3242 459 3318 astringuntur
481 3251 512 3301 et
532 3243 702 3302 diducuntur
727 3251 756 3302 et
775 3242 879 3303 dentes
903 3243 1011 3303 nudant
1033 3253 1063 3303 et
1081 3244 1110 3301 in
1133 3242 1207 3303 latus
1229 3260 1265 3303 ac

266 3343 359 3403 paene
376 3324 411 3383 ad
429 3343 527 3406 aurem
541 3325 688 3384 trahuntur
709 3334 739 3385 et
753 3326 834 3386 velut
849 3327 972 3405 quodam
987 3327 1104 3387 fastidio
1120 3327 1263 3406 replican-

265 3420 310 3468 tur
327 3417 355 3467 et
370 3408 501 3486 pendent
513 3418 543 3468 et
556 3426 661 3468 vocem
678 3419 784 3470 tautum
800 3410 891 3471 altera
902 3420 986 3488 parte
1002 3412 1150 3472 dimittunt.
1182 3408 1262 3471 Lam·

265 3494 337 3553 bere
354 3508 470 3570 quoque
487 3511 521 3553 ea
537 3503 566 3552 et
587 3493 721 3553 mordere
740 3493 871 3554 deforme
890 3504 952 3570 est,
975 3513 1039 3557 cum
1054 3497 1138 3556 etiam
1155 3495 1183 3554 in
1200 3495 1262 3554 elli·

264 3577 375 3637 ciendis
395 3575 495 3635 verbis
510 3577 641 3637 modicus
662 3594 762 3638 eorum
779 3596 847 3638 esse
863 3578 971 3638 debeat
986 3588 1095 3647 motus:
1118 3595 1170 3638 ore
1187 3580 1262 3638 enim

264 3662 456 3738 magisquam
471 3660 561 3720 labris
576 3661 751 3740 loquendum
766 3671 821 3722 est.
852 3661 1005 3722 Cervicem
1019 3673 1128 3724 rectam
1145 3669 1262 3741 oportet
1269 3669 1304 3721 ιιι

265 3765 350 3822 esse,
368 3761 425 3804 uon
439 3745 560 3822 rigidam
576 3754 624 3805 aut
638 3747 778 3826 supinam.
812 3745 925 3807 Collum
940 3746 1055 3808 diversa
1073 3748 1187 3826 quidem
1207 3744 1261 3804 sed
