3184 4409
588 411 676 460 msa.
691 412 1001 479 onanou.n1n.1‚a.

245 568 260 622 ri
320 563 377 632 tetis
401 566 549 627 solvimus.
595 565 692 626 blollis
717 568 766 627 illa
797 568 950 642 educatio,
984 587 1067 646 quam
1091 569 1297 645 indulgentiam

245 649 289 711 fot.
319 665 455 726 locamus,
487 667 593 710 nervos
616 667 715 710 omnes
735 653 839 710 mentis
862 661 890 710 et
911 648 1044 731 oo'rporis
1065 653 1179 730 frangit.
1222 654 1296 727 Quid

318 750 361 794 non
379 735 492 795 adultus
514 737 718 813 concupiscet,
748 737 795 812 qui
819 737 847 792 in
871 738 1005 813 purpuris
1026 735 1123 815 repit?
1165 737 1296 797 Nondum

245 832 282 875 ec,
317 821 390 895 prima
404 819 495 879 verba
512 820 654 896 exprimit,
673 821 728 878 iam
744 837 867 896 coquum
882 819 1031 896 intelligit,
1048 823 1101 880 ianr
1115 822 1297 897 conchylium

260 919 275 958 r.
316 906 406 979 poscit.
445 902 531 974 Ante¹
546 903 672 981 palatum
699 920 797 962 eorum
820 921 903 980 quam
928 921 1025 963 mores
1047 907 1226 964 instituimus.
1265 905 1322 964 lnl

245 984 260 1038 t'
315 983 413 1048 lecticis
434 996 585 1053 crescunt;
612 989 637 1045 si
655 997 761 1046 terram
782 989 947 1064 attigerint,
975 1006 992 1046 e
1013 988 1141 1047 manibus
1164 992 1296 1067 utrinque

245 1063 251 1120 l
313 1073 499 1133 sustinentium
515 1071 651 1149 pendent.
682 1069 863 1146 (laudemus,
885 1074 910 1130 si
929 1073 995 1150 quid
1012 1073 1146 1132 licentius
1162 1074 1294 1133 dixerint.

312 1153 397 1217 Verba
416 1174 453 1215 ne
474 1155 678 1227 Alexandrinis
700 1156 814 1233 quidem
835 1156 1025 1233 permittenda
1050 1157 1162 1216 deliciis
1185 1160 1244 1217 risu
1268 1168 1297 1216 et

310 1241 402 1301 osculo
429 1240 598 1315 excipimus.
643 1239 705 1319 blec
730 1241 845 1306 mirnm;
875 1257 930 1298 nos
955 1241 1123 1314 docuimus,
1150 1260 1188 1300 ex
1212 1241 1296 1300 nobis

309 1325 425 1385 audiunt.
457 1321 580 1383 Nostra's
600 1325 723 1397 amicas,
745 1333 862 1382 nostros
882 1325 1060 1384 concubinos
1081 1326 1194 1399 vident,
1213 1336 1321 1388 onmes

307 1409 461 1468 convivium
481 1406 616 1467 obscenis
632 1410 749 1466 canticis
769 1410 887 1485 strepit,
910 1409 1043 1486 pudenda
1064 1411 1141 1469 dictu
1163 1420 1295 1487 spectan-

306 1501 354 1552 tur.
395 1491 441 1552 Fit
466 1511 503 1551 ex
525 1491 569 1550 his
596 1492 775 1551 consuetudo
797 1492 902 1551 deinde
923 1502 1032 1551 natura.
1077 1493 1198 1553 Discunt
1223 1494 1297 1553 haec

303 1579 413 1652 miseri,
436 1586 589 1653 antequam
610 1578 701 1635 sciant
721 1578 790 1634 vitia
812 1594 894 1642 esse;
916 1577 982 1636 inde
1008 1578 1096 1636 soluti
1118 1596 1153 1637 ac
1174 1578 1296 1637 fluentes

246 1688 249 1703 ·
303 1678 355 1722 non
376 1661 522 1739 accipiunt
543 1678 581 1718 ex
600 1661 709 1719 scholis
730 1661 803 1720 mala
825 1662 879 1719 ista
900 1661 952 1720 sed
974 1663 1001 1720 iu
1024 1661 1140 1721 scholas
1162 1662 1293 1721 aderunt.

381 1744 491 1804 Verum
513 1746 541 1802 in
559 1744 659 1803 studiis
677 1747 768 1820 magis
789 1744 903 1804 vacabit
919 1764 991 1803 unus
1012 1749 1069 1804 uni.
1105 1746 1181 1805 Ante
1203 1750 1319 1809 omnia9

302 1828 368 1889 nihil
383 1828 519 1907 prohibet
540 1845 607 1887 esse
629 1828 708 1887 illum
728 1830 828 1888 nescio
852 1847 936 1906 quem
956 1848 1040 1888 unum
1062 1831 1146 1889 etiam
1167 1849 1230 1889 curn
1246 1848 1293 1906 eo,

301 1916 346 1990 qui
369 1915 398 1972 in
419 1912 529 1972 scholis
556 1913 692 1972 eruditur.
736 1913 794 1972 Sed
821 1915 931 1991 etiamsi
957 1916 1035 1990 iungi
1061 1923 1211 1993 utrumque
1237 1933 1294 1974 non

299 2006 415 2075 posset,
442 1997 537 2057 lumen
557 2006 652 2056 tamen
674 1996 744 2056 illud
767 1998 925 2055 conventus
947 1997 1141 2057 honestissimi
1165 1999 1294 2058 tenebris

298 2099 330 2140 ac
345 2081 493 2140 solitudini
509 2081 720 2158 praetulissem.
752 2079 823 2138 Nam
840 2083 962 2158 optimus
979 2084 1101 2159 quisque
1117 2093 1294 2160 praeceptor

298 2165 460 2243 frequentia
475 2164 582 2241 gaudet
596 2183 630 2224 ao
646 2166 755 2223 maiore
771 2183 804 2222 sc
819 2164 932 2223 theatro
947 2164 1061 2241 dignum
1078 2175 1172 2242 putat,
1191 2176 1219 2224 at
1232 2166 1338 2226 tereto

297 2252 423 2321 minores
446 2267 483 2309 ex
507 2251 684 2309 conscientia
704 2266 774 2307 suae
796 2249 964 2308 infirmitatis
984 2249 1107 2308 haerere
1129 2250 1249 2326 singulis
1266 2261 1295 2310 et

297 2334 396 2393 cilicio
418 2333 498 2409 iungi
523 2332 732 2411 quodammodo
759 2333 995 2410 paedagogorum
1021 2350 1079 2391 nou
1104 2334 1292 2411 indignantur.

297 2418 356 2477 Sed
377 2426 507 2496 praestet
529 2418 615 2476 alicui
636 2417 683 2476 vel
703 2419 796 2493 gratia
817 2417 865 2475 vel
887 2419 1010 2495 pecunia
1031 2418 1080 2477 vel
1101 2419 1240 2494 amicitia,
1263 2427 1336 2477 utll

297 2501 492 2561 doctissimum
514 2511 600 2578 atque
622 2501 875 2579 incomparabilem
894 2503 1059 2576 magistrum
1081 2501 1158 2561 domi
1175 2502 1293 2563 habeat:

296 2604 360 2644 num
380 2594 477 2644 tamen
496 2585 546 2645 ille
568 2594 658 2645 totum
678 2587 706 2644 in
728 2603 785 2644 uno
806 2586 880 2644 diem
900 2594 1121 2663 consumpturus
1143 2583 1209 2646 est?
1247 2597 1295 2646 aut

296 2678 481 2746 potestesse
500 2670 559 2729 ulla
580 2680 637 2729 tam
658 2679 800 2747 perpetua
820 2671 958 2728 discentis
980 2672 1116 2745 intentio,
1141 2688 1215 2748 quae
1238 2688 1294 2729 non

296 2762 324 2812 ut
339 2755 421 2812 visus
435 2754 584 2813 oculorum
600 2753 700 2812 obtutu
717 2756 851 2814 continuo
867 2750 1025 2829 fatigetur?
1037 2755 1108 2814 ‘curn
1124 2758 1294 2831 praesertim

296 2837 386 2896 multo
409 2836 475 2914 plus
497 2840 605 2897 secreti
625 2841 764 2915 temporis
785 2838 878 2896 studia
896 2838 1072 2898 desiderent.
1103 2837 1207 2915 Neque
1223 2840 1336 2901 enimtt

296 2920 452 2995 scribenti,
476 2922 634 2995 ediscenti,
663 2924 802 2998 cogitanti
824 2932 1000 3000 praeceptor
1022 2922 1146 2996 assistit,
1175 2939 1295 3000 quorum

295 3003 405 3082 aliquid
426 3005 578 3081 agentibus
600 3007 795 3083 cuiuscunque
814 3007 992 3065 interventus
1015 3006 1218 3084 impedimento
1238 3016 1293 3064 est.

295 3087 395 3148 Lectio
420 3106 537 3168 quoque
559 3106 615 3148 non
636 3092 727 3149 omnis
747 3107 802 3148 neo
823 3108 940 3167 semper
961 3099 1120 3167 praeeunte
1139 3091 1188 3150 vel
1207 3093 1294 3149 inter·

294 3181 429 3249 pretante
451 3183 529 3249 eget.
576 3173 696 3247 Quando
723 3176 796 3232 enim
822 3182 864 3232 tot
891 3184 1039 3233 auctorum
1064 3176 1164 3233 notitia
1185 3176 1293 3234 contin·

294 3254 401 3332 geret?
430 3256 573 3316 Modicum
590 3274 662 3333 ergo
679 3267 791 3335 tempus
812 3266 875 3332 est,
900 3260 1001 3336 quoin
1021 3267 1110 3317 totum
1125 3258 1200 3319 diem
1214 3259 1294 3318 velut

295 3357 370 3417 opus
392 3342 549 3401 ordinetur.
578 3340 707 3419 Ideoque
723 3360 776 3420 per
797 3341 897 3418 plures
918 3344 961 3400 ire
978 3351 1099 3420 possunt
1120 3345 1205 3401 etiam
1220 3343 1336 3420 quae13

294 3424 418 3500 singulis
444 3425 581 3484 tradenda
608 3434 682 3485 sunt.
732 3425 875 3502 Pleraque
900 3443 971 3485 vero
996 3425 1069 3485 hano
1095 3427 1294 3486 condicionem

294 3507 419 3583 habent,
441 3518 471 3568 ut
488 3510 588 3569 eadem
607 3526 682 3568 voce
702 3509 737 3581 ad
759 3527 859 3586 omnes
875 3509 959 3569 simul
974 3510 1165 3587 perferantur.
1195 3510 1292 3570 Taceo

295 3591 331 3649 de
348 3594 551 3669 partitionibus
572 3601 602 3652 et
624 3592 881 3653 declamationibus
903 3594 1065 3670 rhetorum,
1089 3592 1191 3671 quibus
1213 3603 1293 3653 certe

297 3686 534 3754 quantuscunque
558 3695 693 3767 numerus
712 3677 897 3754 abhibeatur,
921 3687 1015 3737 tamen
1035 3680 1233 3756 unusquisque
1249 3686 1292 3736 to
