3184 4409
346 444 405 505 110
572 413 588 443 '⁶
630 453 786 512 ,mnne
800 455 1020 516 ouuuurnrnnr
1084 438 1087 444 ’

343 613 428 689 tioni,
454 612 545 675 verba
572 619 602 673 et
624 612 896 689 pronuntiationem.
910 612 1068 672 elocutioni
1091 612 1183 682 dedit;
1213 615 1339 692 quintam

344 714 461 776 quoqne
483 697 644 770 constituit,
672 712 849 755 communem
873 713 908 754 ac
931 696 1011 755 velut
1032 697 1182 757 custodem
1204 701 1338 773 omnium,

342 781 516 840 memoriam,
553 779 632 839 Idem
652 781 681 838 in
702 777 827 839 Oratore
852 780 977 858 quinque
1003 779 1091 839 rebus
1115 790 1250 842 constare
1276 782 1338 842 elo·

344 867 488 942 quentiam
508 865 590 938 dicit,
617 865 646 922 in
669 862 772 941 quihus
792 871 897 941 postea
919 865 1034 941 scriptis
1057 867 1164 924 certior
1187 868 1249 925 eius
1273 885 1337 926 sen-

319 951 430 1008 sstentia
449 956 502 1008 est.
536 947 601 1006 Non
618 948 708 1006 minus
724 947 790 1006 mihi
807 947 903 1024 cupidi
921 950 1055 1006 novitatis
1071 949 1191 1008 alicuius
1205 949 1338 1010 videntur

342 1034 449 1109 luisse,
471 1034 517 1110 qui
534 1032 700 1091 adiecerunt
724 1031 904 1107 ordinem,
928 1050 991 1090 cum
1015 1032 1234 1109 dispositionem
1250 1035 1337 1094 dixis·

342 1127 420 1186 sent;
451 1118 540 1195 quasi.
558 1115 635 1175 aliud
661 1117 697 1173 sit
723 1114 876 1192 dispositio
900 1134 984 1195 qnam
1007 1134 1103 1175 rerum
1127 1117 1228 1177 ordine
1255 1136 1339 1197 quam

342 1204 450 1280 optimo
467 1200 635 1261 collocatio.
671 1197 748 1257 Dion
762 1200 956 1258 inventionem
970 1201 1056 1260 modo
1073 1209 1102 1259 et
1118 1201 1339 1279 dispositionem

341 1285 457 1346 tradidit
474 1285 526 1345 sed
542 1292 691 1359 utramque
707 1282 869 1359 duplicem,
892 1302 988 1343 rerum
1004 1293 1033 1343 ct
1055 1284 1226 1362 verborum,
1246 1295 1278 1344 ut
1302 1288 1340 1345 sit

343 1369 471 1429 elocutio
494 1369 681 1441 inventionis,
709 1368 904 1444 pronuntiatio
927 1368 1144 1445 dispositionis,
1174 1369 1218 1429 his
1241 1372 1340 1447 quinta

342 1472 410 1533 pars
433 1454 570 1512 memoria
593 1451 726 1518 accedam
757 1450 923 1511 Theodorei
944 1452 1007 1511 iere
1030 1454 1224 1513 inventionem
1245 1454 1339 1532 dupli·

344 1556 421 1613 cem,
445 1555 539 1596 rerum
561 1545 650 1612 atque¹
671 1535 862 1611 elocutionis,
885 1536 989 1595 deinde
1013 1538 1064 1595 tris
1090 1545 1204 1596 ceteras
1227 1548 1339 1616 partes.

318 1622 534 1697 9Hermagoras
555 1619 706 1694 iudicium,
727 1621 927 1696 partitionem,
953 1621 1099 1696 ordinem,
1122 1639 1255 1699 quaeque
1277 1624 1341 1682 elo·

344 1707 465 1766 cutionis
487 1712 567 1779 sunt,
591 1702 706 1762 subiicit
725 1705 934 1779 oeconomiae,
960 1722 1034 1782 quae
1057 1704 1169 1764 Graece
1191 1706 1342 1784 appellata

237 1805 239 1810 ’
343 1809 382 1849 ex
397 1806 465 1848 cura
480 1806 576 1848 rerum
589 1787 810 1847 domesticarum
822 1797 850 1847 et
866 1787 981 1868 hic-per
997 1787 1163 1848 abusionem
1177 1791 1272 1868 p‘osita
1289 1808 1342 1849 no·

343 1876 417 1933 mine
434 1872 533 1932 latino
553 1881 643 1932 caret.

302 1963 335 2015 10
425 1956 478 2016 Est
502 1965 531 2015 et
554 1958 631 2016 circa
654 1955 711 2015 hoc
735 1957 884 2033 quaestio,
908 1956 985 2033 quod
1006 1957 1171 2018 memoriam
1193 1959 1222 2016 in
1237 1959 1342 2019 ordine

343 2043 463 2119 partium
480 2041 593 2119 quidam
611 2041 767 2100 inventioni
784 2040 897 2118 quidam
919 2041 1101 2118 dispositioni
1116 2041 1340 2111 subiunxerunt;

342 2125 425 2184 nohis
442 2134 558 2203 quartus
575 2127 637 2184 eius
656 2124 738 2184 locus
762 2126 883 2184 maxime
904 2125 1012 2203 placet.
1049 2123 1115 2183 Non
1135 2127 1209 2184 enim
1233 2135 1341 2186 tantum

340 2212 455 2269 inventa
471 2220 587 2285 tenere,
606 2217 636 2268 ut
652 2209 851 2286 disponamus,
869 2227 925 2269 nec
940 2209 1096 2287 disposita,
1113 2218 1143 2268 ut
1159 2209 1340 2288 eloquamur,

342 2295 394 2354 sed
411 2296 496 2353 etiam
511 2294 608 2353 verbis
631 2293 752 2352 formata
773 2295 928 2354 memoriae
942 2294 1077 2353 mandare
1095 2292 1243 2352 debemus.
1280 2293 1342 2354 Hae

343 2381 418 2438 enim
442 2380 554 2454 omnia,
583 2394 772 2456 quaecunque
797 2379 826 2437 in
846 2379 1006 2437 orationem
1030 2376 1137 2436 collata
1162 2386 1243 2454 sunt,
1273 2396 1340 2438 con·

344 2465 478 2522 linantur.
708 2477 709 2480 ’

300 2547 334 2598 11
425 2543 555 2603 Fuerunt
574 2543 659 2602 etiam
679 2545 707 2603 in
729 2543 784 2603 hac
802 2545 937 2622 opinione
958 2562 1015 2604 uon
1036 2548 1138 2625 pauci,
1157 2554 1188 2605 ut
1208 2544 1261 2605 has
1283 2562 1342 2604 non

343 2629 506 2687 rhetorices
524 2635 624 2705 partes
639 2645 706 2687 esse
724 2629 919 2688 existimarent
936 2629 988 2689 sed
1006 2646 1097 2709 opera
1113 2631 1253 2698 oratoris;
1278 2633 1342 2689 eius

301 2714 335 2765 12
344 2714 417 2772 enim
439 2729 506 2770 esse
530 2712 678 2787 inuenire,
701 2712 875 2790 disponere,
899 2713 997 2793 eloqui
1020 2725 1049 2775 et
1064 2723 1173 2774 cetera.
1210 2713 1296 2787 Quod
1315 2716 1342 2773 si

342 2797 516 2873 accipimus,
536 2794 605 2854 nihil
621 2799 674 2855 arti
689 2797 888 2874 relinquimus.
916 2797 988 2857 Nam
1005 2797 1080 2858 hene
1097 2798 1194 2858 dicere
1213 2806 1258 2856 est
1276 2814 1341 2856 ora·

343 2882 431 2955 toris,
453 2879 600 2938 rhetorice
622 2889 716 2940 tamen
740 2883 793 2941 erit
819 2880 896 2942 hene
922 2881 1036 2942 dicendi
1061 2884 1195 2950 scientim
1222 2881 1288 2956 vel,
1312 2891 1344 2940 ut

342 2965 390 3025 alii
413 2973 529 3042 putant,
552 2964 669 3023 artificis
692 2974 736 3024 est
752 2966 947 3043 persuadere,
967 2968 1011 3024 vis
1033 2976 1127 3026 autem
1147 2965 1349 3044 persuadendi.

344 3051 422 3109 artis.
464 3048 505 3108 lta
528 3050 657 3107 invenire
679 3049 793 3127 quidem
816 3059 845 3109 et
868 3050 1023 3128 disponere
1047 3051 1187 3125 oratoris,
1212 3051 1342 3109 inventio

302 3126 334 3179 13
344 3143 438 3193 autem
462 3143 490 3192 et
508 3133 660 3210 dispositio
679 3134 841 3193 rhetorices
857 3136 976 3212 propria
997 3135 1089 3194 videri
1111 3143 1219 3213 potest.
1255 3132 1289 3192 ln
1305 3150 1343 3192 eo

343 3218 443 3296 plures
468 3217 680 3293 dissenserunt,
707 3226 837 3276 utrumne
859 3218 915 3277 hae
936 3227 1033 3297 partes
1056 3227 1155 3278 essent
1177 3217 1343 3277 rhetorices

343 3320 379 3360 an
398 3300 526 3360 eiusdem
543 3319 633 3379 opera
650 3319 701 3374 an,
724 3310 754 3360 ut
771 3300 939 3362 Athenaeus
956 3303 1064 3379 eredit,
1086 3303 1243 3376 elementa,
1267 3320 1343 3381 quae

343 3395 449 3444 vocant
476 3389 609 3463 στοιχεῖα.
648 3385 706 3445 Sed
735 3403 830 3463 neque
857 3387 1000 3447 elementa
1026 3396 1106 3447 reete
1135 3388 1198 3464 quis
1225 3387 1342 3460 dixerit,

345 3470 453 3546 alioqui
470 3479 574 3528 tantum
589 3471 668 3529 initia
684 3478 783 3544 erunt,
802 3478 832 3528 ut
850 3471 945 3530 mundi
959 3471 1008 3531 vel
1023 3471 1125 3530 humor
1140 3470 1188 3529 vel
1203 3472 1279 3546 iguis
1295 3469 1343 3529 vel

345 3555 462 3612 materia
486 3554 534 3612 vel
558 3570 682 3631 corpora
704 3554 887 3624 insecabilia3
915 3574 971 3615 neo
993 3573 1113 3634 operum
1134 3563 1216 3614 recte
1238 3571 1343 3613 nomen

346 3640 506 3716 accipient,
529 3656 602 3714 quae
618 3656 674 3696 non
695 3637 730 3696 ab
747 3637 811 3697 aliis
828 3639 1016 3717 perficiuntur
1032 3638 1085 3698 sed
1104 3638 1181 3699 aliud
1196 3640 1342 3716 ipsa'per·

304 3723 453 3782 lanciunt.
488 3722 615 3781 Partes
633 3724 719 3799 igitur
735 3730 809 3781 sunt.
848 3722 920 3782 Nam
936 3741 999 3783 cum
1016 3724 1053 3783 sit
1068 3741 1106 3782 ex
1120 3722 1164 3783 his
1182 3722 1342 3799 rhetorice,
