3184 4409
325 454 366 516 48
649 449 775 515 mrum
789 467 1008 528 curumuruur
1048 517 1051 525 ,

325 625 397 688 tenti
416 623 593 684 dissimilium
616 621 789 698 concordia,
810 641 894 701 quam
911 632 1018 684 vocant
1039 617 1199 702 ἁρμονίαν,
1222 644 1325 688 sonum

285 718 318 771 13
327 727 442 789 quoque
461 708 505 767 bis
523 707 647 766 motibus
666 707 819 767 dederint..
834 707 905 766 Nam
925 707 1024 783 Plato,
1044 728 1108 768 cum
1126 713 1154 768 in
1176 711 1241 769 aliis
1262 714 1324 788 qui·

325 794 446 854 busdam
469 801 527 851 tum
549 795 706 870 praecipue
729 793 758 850 in
776 791 911 865 Timaeo,
934 810 970 850 ne
987 793 1112 869 intelligi
1131 795 1246 871 quidem
1269 797 1325 855 nisi

327 879 362 938 ab
384 879 436 950 iis,
460 878 507 954 qui
528 876 602 936 banc
625 894 740 955 quoque
762 885 874 954 partem
891 876 1062 954 disciplinae
1082 878 1238 954 diligenter
1257 897 1324 957 per·

328 962 469 1039 ceperint,
490 970 595 1038 potest.
626 960 699 1034 Quid
722 960 758 1019 de
776 959 959 1038 philosophis
978 961 1100 1039 loquor,
1119 979 1241 1038 quorum
1258 963 1324 1021 lons

284 1047 388 1124 llipse
401 1045 537 1103 Socrates
550 1047 604 1105 iam
617 1064 709 1104 senex
722 1046 829 1103 institui
844 1045 905 1119 lyra
917 1062 975 1103 non
987 1041 1203 1113 erubescebat?
1223 1045 1325 1105 Duces

325 1130 464 1189 maximos
489 1138 518 1188 et
540 1129 640 1189 fidibus
664 1140 694 1189 et
711 1129 787 1188 tibiis
811 1130 954 1187 cecinisse
976 1129 1109 1188 traditum
1126 1139 1156 1188 et
1174 1133 1324 1190 exercitus

325 1213 617 1272 Lacedaemoniorum
633 1215 750 1273 musicis
766 1229 908 1272 accensos
922 1213 1024 1271 modis.
1048 1212 1122 1286 Quid
1135 1209 1229 1272 autern
1245 1214 1323 1274 aliud

325 1299 353 1355 in
375 1299 481 1356 uostris
501 1297 662 1374 legionibus
686 1315 793 1357 cornua
811 1315 846 1356 ao
863 1297 949 1356 tubae
968 1297 1089 1364 faciunt3
1113 1313 1234 1374 quorum
1253 1315 1323 1356 con·

275 1389 277 1393 ’
328 1390 428 1440 centus
459 1391 564 1459 quanto
588 1390 632 1440 est
659 1382 874 1456 vehementior,
902 1376 1009 1440 tanturn
1031 1381 1192 1440 Romana
1184 1381 1323 1441 inbellis

285 1465 420 1542 15gloria
439 1469 545 1525 ceteris
553 1463 716 1564 praestat?
744 1464 808 1524 Non
827 1468 914 1542 igitur
932 1466 1046 1526 frustra
1050 1465 1132 1525 Plato
1150 1465 1228 1524 civili
1246 1469 1322 1540 viro,

327 1568 412 1648 quem
432 1541 583 1608 πολιτικὸν
604 1559 725 1624 vocant,
750 1552 947 1609 necessariam
969 1551 1097 1609 musicen
1121 1550 1253 1610 credidit
1286 1549 1325 1608 Et

327 1636 389 1692 eius
413 1641 529 1707 sectae,
553 1651 627 1711 quac
649 1634 711 1692 aliis
729 1636 915 1693 severissima
933 1634 997 1693 aliis
1020 1635 1178 1711 asperrima
1196 1634 1322 1708 videtur,

326 1719 475 1795 principes
498 1719 525 1774 in
548 1718 601 1776 hac
624 1718 706 1779 luere
729 1720 887 1792 sententia,
913 1727 943 1776 ut
967 1719 1180 1792 existimarent,
1207 1721 1323 1796 sapien-

326 1803 396 1859 tium
414 1802 525 1878 aliquos
543 1801 706 1860 nonnullam
725 1819 845 1879 operam
862 1802 905 1861 his
925 1801 1024 1862 studiis
1041 1802 1322 1861 accommodaturos.

327 1881 364 1943 llt
385 1884 550 1962 Lycurgus,
580 1886 794 1945 durissimarum
816 1886 1052 1945 lacedaemoniis
1082 1885 1179 1962 legum
1208 1896 1323 1960 auctor,

252 2027 257 2031 ,
286 1978 319 2032 16
328 1971 452 2028 musices
475 1970 655 2048 disciplinam
676 1969 819 2047 probavit.
861 1969 957 2046 Atque
980 1989 1042 2028 eam
1069 1979 1168 2029 natura
1191 1971 1256 2046 ipsa
1281 1971 1323 2028 vi·

329 2055 412 2114 detur
432 2055 467 2113 ad
489 2055 656 2114 tolerandos
675 2055 787 2114 facilius
808 2053 924 2113 labores
941 2055 1022 2113 velut
1039 2056 1148 2113 muneri
1164 2053 1249 2112 uobis
1273 2055 1324 2114 dc-

329 2141 424 2214 disse,
448 2140 588 2217 siquidem
605 2149 635 2198 et
654 2140 793 2215 remigem
816 2147 914 2197 cantus
936 2138 1079 2206 hortatum
1103 2156 1158 2197 nec
1180 2137 1276 2196 solum
1295 2139 1324 2196 in

326 2225 361 2282 iis
390 2224 543 2301 operibus,
573 2224 726 2300 inquibus
750 2223 873 2302 plurium
896 2232 1016 2282 conatus
1043 2231 1202 2300 praeeunte
1226 2221 1323 2300 aliqua

327 2308 448 2368 iucunda
479 2325 555 2366 voce
587 2311 751 2386 conspirat,
785 2307 838 2366 sed
868 2309 953 2365 etiam
980 2307 1158 2382 singulorum
1190 2307 1323 2382 fatigatio

286 2405 317 2460 17
328 2391 484 2471 quamlibet
506 2410 539 2449 se
562 2393 623 2451 rudi
646 2391 841 2450 modulatione
862 2391 982 2449 solatur.
1016 2390 1141 2449 Laudem
1163 2390 1258 2449 adhuc
1282 2390 1323 2449 di·

328 2495 396 2535 cere
419 2476 487 2534 artis
504 2474 714 2552 pulcherrimae
736 2474 853 2549 videor,
876 2475 999 2533 nondum
1015 2493 1078 2534 eam
1100 2484 1195 2533 tamen
1213 2476 1338 2533 oratori-

328 2560 514 2634 coniuugere.
547 2557 737 2617 Transeamus
761 2560 847 2634 igitur
869 2558 897 2617 id
920 2576 1054 2636 quoque,
1080 2558 1157 2636 quod
1180 2576 1322 2633 gramma·

326 2646 384 2702 tice
401 2643 542 2720 quondam
561 2659 595 2700 ac
611 2645 720 2701 musice
738 2644 852 2701 iunctae
867 2643 991 2701 fuerunt.
1014 2637 1161 2720 Siquidem
1174 2641 1322 2716 Archytas
1336 2685 1338 2688 -

327 2737 413 2804 atque
440 2726 632 2784 Aristoxenus
662 2728 747 2785 etiam
773 2726 933 2786 subiectam
959 2729 1165 2803 grammaticen
1193 2728 1322 2786 musicae

327 2819 513 2889 putaverunt;
534 2818 562 2868 et
577 2810 694 2869 eosdem
710 2811 858 2888 utriusque
873 2813 915 2869 rei
928 2820 1138 2888 praeceptores
1153 2811 1244 2869 fuisse
1259 2828 1322 2869 cum

326 2895 460 2971 Sophron
477 2894 617 2968 ostendit,
635 2897 783 2953 mimorum
799 2895 912 2972 quidem
928 2897 1054 2972 scriptor
1071 2894 1123 2953 sed
1141 2912 1226 2972 quern
1238 2893 1320 2953 Plato

326 2979 399 3038 adeo
419 2978 568 3056 probavit,
592 2987 623 3036 ut
641 2981 810 3056 suppositos
829 2981 915 3055 capiti
933 2978 1024 3037 libros
1040 2981 1119 3053 eius,
1144 2995 1207 3036 cum
1225 2994 1320 3036 more·

284 3067 419 3138 18retur,
444 3063 579 3122 habuisse
602 3062 750 3137 credatur,
774 3072 832 3121 tum
850 3062 988 3140 Eupolis,
1013 3063 1087 3140 apud
1111 3080 1196 3139 quem
1213 3060 1320 3121 Proda-

326 3167 386 3206 mus
403 3156 431 3207 ct
447 3148 575 3205 musicen
591 3156 619 3205 et
635 3148 747 3206 litteras
762 3147 863 3214 docet;
883 3157 912 3205 et
923 3146 1062 3221 Maricas,
1082 3149 1130 3224 qui
1149 3154 1193 3204 est
1208 3144 1321 3223 Hyper-

325 3231 425 3307 bolus,
459 3233 535 3292 oibt'l
559 3251 594 3293 ac
616 3250 655 3291 em
682 3233 797 3292 musice
823 3233 986 3292 scirc‘nisi
1010 3233 1129 3291 litteras
1156 3229 1319 3288 confitetur.

326 3315 536 3394 Aristophanes
557 3333 674 3393 quoque
693 3332 749 3373 non
770 3333 827 3373 uno
852 3315 925 3374 libro
949 3316 992 3374 sio
1014 3315 1120 3373 institui
1145 3330 1253 3391 pueros
1268 3323 1320 3372 'an

325 3401 442 3476 tiquitus
468 3400 571 3458 solitos
598 3418 666 3458 esse
694 3399 886 3474 demonstrat,
917 3408 946 3457 ct
975 3399 1049 3475 apud
1077 3397 1262 3458 Menandrum
1284 3399 1321 3456 *in

326 3483 555 3560 Hypobolimaeo
579 3503 687 3558 senex,
710 3485 758 3561 qui
780 3484 948 3561 reposcenti
969 3482 1057 3541 lilium
1080 3483 1154 3560 patri
1176 3482 1257 3541 velut
1275 3501 1320 3542 ra·

326 3570 432 3627 tionem
451 3569 667 3644 impendiorum,
687 3585 761 3645 quae
778 3569 807 3626 iu
823 3567 1022 3626 educationem
1039 3566 1208 3641 contulerit,
1228 3578 1327 3644 expo-¹

285 3658 414 3712 l9uens:
442 3652 544 3730 psaltis
568 3671 602 3709 se
629 3661 657 3709 et
678 3654 836 3726 geometris
861 3651 948 3710 multa
976 3650 1044 3709 dicit
1068 3651 1196 3709 dedisse.
1238 3650 1321 3710 Unde

331 3739 415 3797 etiarn
439 3737 489 3796 ille
506 3753 587 3813 mos,
608 3744 639 3794 ut
659 3737 686 3793 iu
705 3736 844 3794 conviviis
861 3744 928 3813 post
947 3751 1066 3794 coenam
1085 3733 1323 3794 circumferretur
