3184 4409
565 463 655 513 mar.
671 462 819 512 caruca.
835 463 903 511 um.
918 461 1016 529 11,11.
1244 449 1285 512 to

291 624 371 683 ciunt
392 629 508 680 actores
529 620 648 694 comici,
671 619 718 697 qui
739 611 835 696 neque
856 619 895 678 ita
917 635 1056 695 prorsus,
1078 628 1109 678 ut
1128 637 1181 678 uos
1195 618 1285 696 vulgo

291 707 453 784 loquimur,
477 705 673 782 pronuntiant,
697 702 775 781 quod
790 710 870 760 esset
891 703 952 760 sine
969 712 1047 777 arte,
1069 722 1164 781 neque
1182 703 1286 781 procul

292 800 389 849 tamen
407 807 423 848 a
440 798 540 848 natura
558 786 709 859 recedunt,
726 802 783 863 quo
800 786 868 844 vitio
886 788 995 863 periret
1007 788 1140 854 imitatio;
1157 787 1210 846 sed
1224 805 1284 847 ruo·

291 892 354 932 rem
373 873 530 932 communis
547 871 629 930 buius
645 871 786 928 sermonis
806 869 914 928 decore
931 871 1054 948 quodam
1069 873 1188 931 scenico
1200 889 1285 931 exor-

291 965 369 1017 nant.
401 957 451 1016 Sic
473 972 589 1034 quoque
614 953 709 1031 aliqua
730 970 783 1011 uos
799 953 979 1013 incommoda
1001 973 1038 1012 ex
1060 954 1120 1029 bis,
1143 973 1214 1033 quas
1235 956 1328 1018 liu-14

290 1041 430 1115 serimus,
447 1040 573 1098 materiis
586 1046 812 1114 consequentur,
829 1039 857 1095 iu
869 1054 905 1096 eo
918 1039 1086 1116 praecipue,
1106 1040 1183 1116 quod
1198 1040 1285 1100 multa

291 1126 320 1182 in
336 1123 381 1182 bis
398 1123 598 1201 relinquuntur
613 1123 733 1194 incerta,
751 1138 826 1198 quae
839 1123 973 1180 sumimus
984 1131 1015 1180 ut
1025 1123 1148 1197 videtur,
1162 1133 1285 1199 aetates,

291 1207 464 1281 facultates,
488 1206 612 1279 liberos,
636 1213 791 1283 parentes,
814 1206 925 1265 urbium
948 1206 1074 1283 ipsarum
1095 1208 1189 1281 vires,
1213 1208 1285 1281 iura,

291 1308 403 1366 mores,
420 1291 476 1351 alia
491 1290 534 1349 bis
550 1289 667 1354 similia;
686 1288 839 1365 aliquando
856 1290 941 1348 etiam
958 1299 1154 1366 argumentum
1166 1309 1204 1349 ex
1216 1291 1335 1368 ipsislo.

292 1365 468 1453 positionum
496 1374 572 1432 vitiis
594 1373 731 1432 ducimus.
778 1372 837 1431 Sed
864 1373 939 1432 baec
967 1390 1020 1432 suo
1047 1392 1179 1452 quaeque
1206 1373 1283 1433 loco.

293 1459 430 1532 Quamvis
451 1459 526 1517 enim
547 1475 631 1516 omne
648 1457 830 1533 propositum
846 1458 945 1534 operis
969 1458 1083 1517 anobis
1099 1458 1231 1516 destinati
1247 1475 1284 1517 eo

292 1551 420 1620 spectet,
436 1550 466 1601 ut
482 1550 581 1600 orator
596 1541 771 1607 instituatur;
788 1548 898 1615 tamen,
916 1560 951 1600 ne
968 1542 1036 1620 quid
1053 1542 1173 1600 studiosi
1188 1543 1284 1620 requi·

290 1635 373 1701 rant,
395 1626 520 1685 etiamsi
538 1625 605 1703 quid
622 1623 690 1697 erit,
715 1624 792 1701 quod
814 1625 849 1684 ad
865 1624 980 1684 scholas
996 1627 1139 1703 pertineat
1154 1628 1284 1704 proprie,

293 1711 321 1768 irr
336 1710 456 1769 transitu
470 1725 528 1771 nou
543 1710 715 1768 omittemus.

514 1859 558 1908 AN
578 1859 674 1909 ARTIS
691 1859 897 1910 nabusabaru
914 1860 1071 1912 COGNlTlO.

377 1959 426 2019 Xl.
456 1959 515 2018 Iam
536 1959 602 2018 binc
624 1976 695 2034 ergo
718 1959 801 2017 nobis
823 1958 982 2017 inchoanda
1008 1968 1052 2018 est
1070 1963 1186 2037 ea'pars
1205 1962 1284 2036 artis,

293 2065 332 2106 ex
354 2063 410 2123 qua
432 2061 538 2121 capere
554 2044 660 2101 initium
681 2043 792 2117 solent,
818 2044 866 2120 qui
886 2044 982 2119 priora
1005 2044 1174 2110 omiserunt;
1198 2063 1284 2122 quan·

292 2147 378 2209 quam
393 2128 480 2187 video
505 2126 643 2204 quosdam
666 2127 695 2183 in
717 2127 781 2203 ipso
805 2127 898 2185 statim
914 2126 1009 2185 limine
1028 2126 1192 2185 obstaturos
1207 2126 1284 2202 mibi,

293 2215 342 2292 qui
368 2211 439 2270 nibil
464 2208 554 2288 egere
576 2209 737 2270 huiusmodi
762 2211 929 2286 praeceptis
957 2209 1152 2286 eloquentiam
1174 2219 1285 2288 putent,

292 2297 346 2356 sed
363 2304 464 2355 natura
481 2312 532 2354 sua
547 2292 710 2369 etvulgari
731 2295 817 2352 modo
838 2301 867 2352 et
892 2293 1055 2352 scholarum
1077 2295 1286 2352 exercitatione

294 2381 424 2441 conteuti
440 2379 551 2438 rideant
568 2378 653 2436 etiam
678 2377 854 2454 diligentiam
869 2387 1011 2452 nostram,
1036 2378 1170 2454 exemplo
1191 2378 1286 2454 magni

293 2481 412 2543 quoque
430 2463 550 2521 nominis
565 2462 779 2540 professorum,
796 2478 916 2539 quorum
933 2461 1052 2539 aliquis,
1068 2470 1099 2520 ut
1115 2463 1228 2539 opinor,
1244 2463 1284 2520 in-

292 2556 472 2624 terrogatus,
489 2545 557 2624 quid
575 2554 654 2604 esset
669 2548 764 2623 σχῆμα
787 2554 817 2604 et
832 2537 942 2622 νόημα,
967 2546 1088 2607 nescire
1108 2565 1142 2606 ce
1164 2548 1286 2624 quidem

292 2634 364 2708 ced,
388 2632 416 2690 ei
434 2633 561 2692 adrem
578 2631 762 2708 pertineret,
783 2648 850 2690 ecee
873 2632 906 2689 in
923 2649 981 2690 sua
1001 2631 1220 2692 declamatione
1240 2648 1285 2689 re-

292 2715 419 2794 spondit.
461 2713 544 2772 Alius
568 2714 766 2791 percontanti,
793 2712 985 2776 Theodoreus
1005 2733 1047 2774 aa
1066 2710 1314 2792 Apollodoreus

292 2800 396 2861 caret?
438 2795 519 2876 Epo,
543 2798 648 2875 inquit,
669 2796 881 2876 parmularius
898 2817 974 2858 aum·
1015 2797 1079 2857 Nec
1101 2816 1170 2857 sane
1194 2799 1287 2876 potuit

294 2883 432 2944 urbanius
450 2901 488 2941 ex
504 2882 689 2941 confessione
705 2882 836 2941 inscitiae
852 2900 922 2940 suae
940 2881 1026 2940 elabi.
1057 2881 1148 2940 Porro
1164 2882 1202 2957 bi,
1220 2883 1285 2961 quia

295 2977 322 3027 et
342 2965 491 3027 beneficio
514 2966 621 3042 ingenii
642 2973 824 3043 praestantes
846 2974 911 3023 sunt
933 2964 1020 3024 babiti
1042 2973 1071 3023 et
1091 2966 1179 3025 multa
1201 2969 1285 3026 etiam

294 3051 432 3111 memoria
448 3050 533 3126 digna
549 3049 797 3125 exclamaverunt,
822 3049 959 3128 plurimos
979 3048 1086 3108 babent
1107 3049 1215 3110 similes
1236 3067 1286 3108 ue·

294 3135 453 3212 gligentiae
475 3152 562 3207 suae,
584 3134 773 3210 paucissimos
795 3143 924 3192 naturae.
959 3132 1049 3209 lgitur
1064 3134 1170 3211 impetu
1187 3134 1316 3197 diceres

295 3238 326 3278 se
349 3227 382 3278 et
395 3217 505 3277 viribus
526 3218 566 3276 uti
584 3216 758 3294 gloriantur;
782 3235 878 3295 neque
902 3218 976 3276 enim
999 3233 1072 3294 opus
1093 3235 1160 3276 esse
1181 3216 1287 3294 proba·

293 3304 373 3361 tione
394 3311 442 3362 aut
463 3301 653 3380 dispositione
675 3301 703 3358 in
722 3300 810 3360 rebus
826 3301 918 3375 dctis,
942 3300 1013 3375 sed,
1039 3301 1119 3360 cuius
1134 3302 1177 3359 rei
1194 3303 1287 3377 gratia

294 3387 412 3464 plenum
427 3387 464 3444 sit
479 3385 666 3459 auditorium,
689 3386 839 3444 sententiis
854 3383 1027 3462 grandibus,
1046 3402 1163 3463 quarum
1180 3386 1288 3464 optima

294 3487 430 3548 quaeque
448 3487 464 3529 a
479 3469 612 3546 periculo
626 3477 753 3546 petatur.
784 3467 859 3542 Quin
875 3469 960 3527 etiam
977 3470 1005 3526 iu
1021 3469 1193 3545 cogitando,
1209 3469 1317 3529 nuttau

293 3555 406 3614 ratione
425 3553 550 3612 adbibita
574 3560 622 3612 aut
637 3561 744 3612 tectum
759 3554 904 3612 intuentes
918 3570 1049 3629 magnum
1064 3552 1188 3631 aliquid,
1210 3551 1287 3631 quod

294 3638 370 3698 ultro
386 3655 420 3696 se
437 3636 557 3711 offerat,
581 3635 711 3713 pluribus
734 3655 825 3714 saepe
842 3635 942 3695 diebus
958 3645 1130 3715 expectant,
1151 3646 1198 3695 aut
1213 3654 1286 3694 mur·

293 3739 374 3782 mure
390 3721 503 3781 incerto
519 3720 600 3780 velut
616 3719 740 3781 classico
756 3721 881 3780 instincti
891 3721 1143 3782 concitatissimum
1154 3720 1289 3797 corporis
