3184 4409
568 506 1009 576 Insu.01teTOR.LIB.11,15·
1246 493 1287 555 89

290 670 380 731 l'clus
395 666 513 728 iuvenili
530 665 627 724 calore
642 664 897 739 inconsideratior,
919 673 1019 724 contra
1034 683 1118 742 quem
1132 663 1183 723 illa
1198 662 1234 723 de
1248 664 1285 723 si·

290 755 420 814 mulacrc
439 761 469 811 et
483 749 647 809 adulatione
663 749 804 808 dicuutur.
838 748 908 808 Tum
923 746 1061 808 Callicles
1078 749 1170 808 adhuc
1190 751 1286 807 conci-

291 839 390 912 tatior,
407 838 455 913 qui
467 844 564 894 tamen
576 833 612 892 ad
627 832 701 892 banc
716 832 883 910 perducitur
898 832 1070 908 clausulam,
1086 827 1138 893 τὸν
1149 829 1301 909 pittone,

291 914 393 1000 ὀρθῶς
403 909 558 999 ῥητορικὸν
570 916 698 990 ἔσεσθαι,
711 917 827 977 δίκαιον
837 910 895 996 o’t'pcc
905 917 952 975 dei
962 909 1098 976 εἶναικαὶ
1110 909 1288 994 ἐπιστήμονα

290 1009 350 1066 τῶν
365 1003 504 1076 dicaciam
525 1011 556 1060 ut
571 1010 723 1078 appareat,
747 1000 858 1061 Platoni
873 1017 930 1059 non
945 1000 1110 1059 rhetoricen
1123 1000 1215 1060 videri
1229 1016 1286 1058 ma·

293 1090 349 1149 lum
370 1088 424 1147 sed
441 1105 503 1146 eam
517 1103 616 1144 veram
630 1087 773 1143 nisiiusto
795 1103 829 1144 ac
843 1084 920 1143 bono
936 1102 993 1143 non
1013 1087 1191 1160 contingere.
1229 1083 1328 1144 ild-29

291 1172 349 1232 huc
363 1173 502 1231 autemid
516 1168 646 1228 Phaedro
661 1169 839 1229 manifestius
857 1169 941 1243 iacit,
963 1169 1140 1228 hancartem
1156 1186 1287 1227 consum·

291 1258 362 1316 mari
380 1257 452 1315 citra
467 1254 592 1313 iustitiae
608 1269 724 1330 quoque
736 1255 885 1313 scientiam
900 1269 956 1311 nou
971 1271 1074 1331 posse;
1099 1254 1144 1312 cui
1160 1253 1288 1330 opinioni

278 1358 345 1399 -nos
369 1356 488 1418 quoque
510 1337 689 1396 accedimus·
720 1336 765 1395 An
786 1337 871 1397 aliter
891 1336 1088 1396 defensionem
1109 1337 1237 1395 Socratis
1259 1344 1303 1394 et

292 1441 411 1498 eorum,
433 1424 481 1500 qui
495 1438 549 1499 pro
566 1423 658 1498 patria
674 1421 856 1495 ceciderant,
877 1420 990 1480 laudem
1005 1422 1187 1499 scripsisset;
1211 1437 1287 1498 quae

293 1517 373 1568 certe
396 1516 462 1565 sunt
486 1506 608 1564 oratoris
634 1502 745 1582 opera?
792 1505 851 1565 Sed
873 1508 901 1564 in
928 1505 997 1565 illud
1021 1505 1163 1564 hominum
1182 1515 1329 1580 genus,30

293 1592 371 1670 quod
386 1591 527 1651 facilitate
549 1588 661 1648 dicendi
677 1589 751 1648 male
766 1588 914 1665 utebatur,
937 1591 1067 1648 invectus
1087 1597 1141 1647 est.
1171 1588 1244 1647 Nam
1259 1597 1287 1646 et

292 1678 433 1735 Socrates
446 1674 625 1732 inhonestam
641 1672 695 1731 sibi
711 1674 832 1733 credidit
849 1676 1022 1748 orationem,
1046 1691 1129 1752 quam
1145 1675 1171 1732 ei
1186 1672 1286 1748 Lysias

293 1778 343 1819 reo
357 1764 575 1836 composuerat;
596 1765 625 1815 et
640 1765 698 1816 tum
711 1759 832 1817 maxime
847 1757 977 1817 scribere
992 1756 1195 1834 litigatoribus,
1212 1775 1286 1835 quae

293 1846 332 1903 illi
347 1860 404 1922 pro
420 1843 523 1919 seipsi
538 1839 683 1915 dicerent,
705 1851 767 1900 erat
780 1843 885 1916 moris,
907 1851 993 1920 atque
1009 1844 1048 1902 ita
1062 1842 1132 1916 iuri,
1156 1858 1213 1919 quo
1230 1858 1286 1900 nou

293 1926 402 1988 licebat
417 1943 471 2004 pro
486 1925 579 1984 altero
596 1942 701 2001 agere,
724 1925 803 1985 fraus
823 1925 1020 1984 adhibebatur.
1055 1925 1200 1985 Doctores
1216 1942 1286 2003 quo·
1294 1933 1327 1985 31

294 2030 347 2092 que
361 2013 424 2069 eius
437 2008 505 2069 artis
521 2026 620 2087 parum
634 2009 730 2068 idonei
743 2009 853 2069 Platoni
867 2009 1046 2082 videbantur,
1063 2011 1111 2088 qui
1122 2009 1287 2068 rhetoricen

293 2096 433 2156 aiustitia
453 2101 623 2171 separarent
645 2101 674 2151 et
694 2096 771 2152 veris
794 2092 942 2152 credibilia
963 2094 1158 2171 praeferreut;
1177 2111 1241 2152 uam
1258 2095 1287 2154 id

293 2197 413 2260 quoque
435 2178 503 2237 dicit
522 2179 551 2236 in
570 2175 712 2237 Phaedro.
751 2175 942 2236 consensisse
964 2178 1134 2236 autemillis
1156 2178 1328 2254 superio-32

292 2265 372 2324 ribus
392 2263 485 2322 videri
500 2269 597 2338 potest
615 2262 699 2318 etiam
722 2258 921 2319 Cornelius
944 2260 1091 2335 Celsus,
1118 2263 1197 2321 ouius
1213 2260 1287 2320 haec

291 2346 383 2412 verba
398 2355 479 2405 suut:
507 2342 621 2405 Orator
634 2345 730 2405 mouile
745 2353 862 2406 tuntum
875 2348 943 2406 ceri
955 2347 1040 2424 petit.
1071 2344 1183 2404 Deinde
1198 2344 1285 2421 paulo

291 2440 377 2511 post:
400 2427 469 2490 Noc
491 2431 569 2490 euim
592 2429 671 2489 bono
694 2430 881 2490 couscientia
905 2433 962 2491 sed
985 2431 1114 2491 maioma
1141 2430 1287 2507 litipcntis

290 2526 336 2577 est
347 2515 530 2593 proemium.
566 2512 646 2585 Quae
667 2515 692 2570 si
712 2531 782 2572 vera
800 2522 915 2587 esseut,
936 2516 1124 2592 pessimorum
1144 2513 1286 2572 hominum

290 2601 381 2673 foret,
397 2597 471 2656 haec
485 2605 540 2656 tem
554 2598 717 2674 peruiciosa
732 2599 942 2657 nocentissimis
956 2597 1083 2658 moribus
1098 2597 1166 2656 dare
1183 2599 1285 2656 instru-

291 2692 387 2742 menta
405 2690 435 2741 et
455 2682 609 2759 nequitiam
629 2684 793 2760 praeceptis
819 2682 964 2741 adiuvare.
1006 2682 1065 2742 Sed
1085 2681 1127 2741 illi
1146 2684 1287 2740 rationem

294 2767 438 2846 opinionis
453 2782 522 2823 suae
536 2764 667 2824 viderint.
1073 2781 1078 2791 ¹

378 2849 439 2908 Nos
456 2857 550 2908 autem
569 2850 693 2928 ingressi
709 2841 833 2907 io'rmare
847 2848 1010 2925 perfectum
1025 2860 1187 2924 oratorem,
1203 2859 1328 2925 quem33

294 2935 441 3013 inprimis
463 2950 530 2991 esse
552 2933 642 2990 virum
657 2932 761 2991 bonum
781 2933 929 3008 volumus,
957 2934 992 2993 ad
1013 2950 1083 3008 eos,
1109 2935 1157 3011 qui
1179 2932 1215 2991 de
1229 2932 1287 2990 boc

295 3035 387 3097 opere
407 3015 510 3074 melius
533 3019 672 3091 sentiunt,
698 3024 885 3091 revertamur.
919 3016 1097 3077 Rhetoricen
1117 3025 1210 3076 autem
1226 3017 1286 3093 qui·

294 3104 356 3162 dam
373 3101 493 3161 eandem
507 3101 679 3161 civilitatem
699 3117 766 3159 esse
787 3100 996 3169 iudicaverunt;
1020 3099 1124 3161 Cicero
1140 3102 1288 3160 edendae

293 3188 393 3248 civilis
411 3194 533 3262 purtem
553 3192 654 3258 vocat,
678 3184 771 3243 civilis
791 3193 885 3243 autem
907 3187 1026 3245 scientia
1047 3185 1123 3244 idem
1142 3183 1220 3262 quod
1241 3200 1286 3242 sa-

292 3272 402 3350 pientia
423 3276 482 3331 est:
504 3269 616 3346 quidam
637 3269 755 3328 eandem
770 3267 999 3347 philosophiam,
1023 3286 1144 3347 quorum
1165 3277 1211 3328 est
1225 3267 1286 3327 Iso-

292 3365 401 3416 crates.
430 3351 504 3414 Huic
521 3355 582 3411 eius
598 3350 773 3411 substantiae
787 3355 908 3412 maxime
925 3356 1078 3412 conveniet
1093 3352 1196 3427 linitio,
1219 3353 1329 3413 rho-34

291 3442 410 3502 loricae
438 3454 505 3498 esec
534 3438 610 3497 bene
638 3436 763 3499 dicendi
788 3438 956 3500 scientiam.
998 3437 1069 3497 Nam
1095 3446 1124 3496 et
1148 3438 1286 3496 orationis

292 3540 392 3583 omnes
406 3523 528 3580 virtutes
551 3518 641 3578 semel
664 3519 865 3597 complectitur
887 3530 917 3580 et
936 3523 1065 3598 protinus
1084 3539 1181 3580 mores
1202 3524 1306 3580 etiam.

291 3607 435 3680 oratoris,
452 3623 515 3663 cum
530 3603 604 3663 bene
620 3603 718 3663 dicere
733 3621 789 3662 nou
805 3608 898 3682 possit
911 3607 966 3664 uisi
982 3605 1083 3665 bouus.
1114 3605 1197 3687 ldem¹
1207 3605 1327 3664 valetus

292 3690 494 3766 Chrysippi
516 3687 578 3746 linis
598 3687 648 3746 ille
669 3687 770 3747 ductus
792 3687 965 3749 acleanthe
981 3691 1112 3751 scientio
1133 3697 1216 3749 recte
1238 3689 1286 3748 di-

292 3776 394 3839 ceudi.
432 3772 503 3835 Sunt
523 3772 623 3851 plures
638 3771 766 3832 eiusdem
780 3773 834 3833 sed
848 3774 883 3836 ad
904 3775 977 3838 alias
997 3775 1191 3858 quaestiones
1201 3772 1300 3848 matins
