3184 4409
652 849 954 990 rulliano.

254 1230 257 1273 3
363 1176 467 1259 Prodit
477 1194 711 1266 post'editionem
725 1198 915 1271 Zumptianam
933 1213 1006 1252 nunc
1022 1197 1141 1269 primum
1160 1215 1235 1256 nova
1252 1200 1323 1257 haec

255 1322 266 1387 Ι·
288 1292 408 1364 integros
421 1291 569 1348 duodecim
586 1294 671 1350 libros
682 1293 864 1350 iustitutionis
879 1295 1015 1349 oratoriae
1022 1295 1065 1350 M.
1075 1297 1152 1352 Fabii
1165 1297 1323 1364 Quintiliani

256 1416 259 1433 ι
286 1391 436 1446 continens.
479 1393 656 1447 Praeclaram
672 1392 783 1463 quidem
802 1409 918 1463 operam
933 1393 998 1448 huic
1019 1395 1147 1466 scriptori
1164 1396 1262 1466 viginti
1276 1399 1323 1452 ab·

255 1494 261 1583 'g
287 1485 347 1542 hinc
359 1489 439 1575 anuis
450 1489 724 1562 Henricusllleyerus
737 1489 1052 1561 Helveto-Turicensis,
1065 1492 1176 1564 adjutus
1188 1495 1322 1564 imprimis

255 1610 259 1641 t
287 1576 385 1642 Codicis
393 1584 612 1660 Lassbergensi,
624 1589 786 1660 impendere
796 1595 941 1660 coeperat,
953 1590 1005 1646 sed
1016 1591 1166 1646 dolendum
1178 1590 1234 1659 est,
1247 1593 1323 1663 quod

254 1700 259 1783 j
285 1691 345 1755 post
363 1688 520 1743 absolutum
545 1694 673 1758 quartum
693 1689 791 1744 librum
808 1689 852 1742 vir
878 1687 974 1744 doctus
994 1691 1125 1744 cessavit.
1173 1692 1322 1747 Praeterea

285 1786 383 1856 optime
410 1787 511 1841 meruit
542 1785 578 1841 de
604 1787 771 1856 Quintillano
795 1787 954 1842 Fridericus
977 1787 1140 1842 Leonardus
1160 1787 1321 1856 Enderlein,

261 1874 269 1883 ’
284 1883 422 1954 gymnasii
435 1883 618 1943 Ludoviciani
629 1887 789 1958 professor,
801 1903 885 1957 quum
896 1886 1003 1957 egregii
1013 1884 1123 1941 Codicis
1135 1884 1322 1958 Bambergen-

283 1983 319 2038 sis
331 1982 437 2040 aditum
449 1988 575 2055 quattuor
592 1987 787 2058 scriptionibus
808 1985 981 2043 scholasticis
999 1987 1033 2040 ab
1051 1999 1124 2038 anno
1141 1987 1321 2043 1843-1852

280 2083 397 2138 subinde
415 2081 576 2154 Suevoiurti
590 2067 704 2140 emissis
727 2087 877 2142 maximam
898 2088 1004 2154 partem
1023 2082 1152 2152 aperiret.
1200 2082 1322 2138 Plurima

259 2172 263 2177 ’
281 2179 424 2236 hominum
437 2179 609 2236 eruditorum
621 2181 714 2237 studia
725 2183 853 2238 invitavi-t
864 2183 934 2236 iiber
946 2179 1085 2247 decimus,
1097 2180 1167 2234 inter
1179 2195 1249 2249 quos
1256 2186 1322 2252 post

279 2280 430 2335 editionem
437 2277 539 2350 Georgi
551 2278 673 2351 Augusti
679 2281 779 2337 Herbst
791 2281 926 2353 imprimis
937 2277 1133 2334 memorandus
1145 2279 1223 2344 estF.
1232 2277 1321 2334 Osan-

279 2395 332 2436 nus
345 2378 490 2435 Gissensis
500 2379 654 2449 professor.
695 2381 799 2436 Horum
812 2389 838 2437 et
849 2395 1030 2453 quaecunque
1041 2376 1109 2432 mihi
1120 2376 1232 2432 aliunde
1246 2378 1320 2432 obia-

274 2487 318 2534 tae
337 2482 403 2533 sunt
420 2492 503 2534 curas
520 2477 687 2547 Quintiliano
706 2479 814 2535 dicatas
831 2480 859 2535 in
881 2481 998 2534 fructum
1016 2493 1096 2531 meae
1116 2477 1320 2532 convertendas

273 2576 339 2633 mihi
354 2593 421 2633 esse
435 2579 530 2633 censui
543 2578 690 2651 editionis,
701 2595 767 2637 ,non
778 2578 846 2633 mihi
860 2579 907 2633 uni
920 2577 972 2633 sed
987 2578 1135 2632 universae
1150 2577 1320 2632 literatorum

274 2675 418 2732 hominum
433 2676 537 2731 civitati
549 2692 602 2748 pro
613 2676 688 2731 virili
699 2682 777 2747 parte
789 2676 962 2746 profuturae.
1003 2674 1042 2730 At
1053 2674 1162 2745 insigne
1175 2672 1320 2744 adjumen-

275 2782 329 2830 tum
346 2780 449 2830 nuctus
462 2791 523 2830 sum
536 2774 661 2846 diligenti
679 2775 825 2830 collatione
838 2775 898 2844 ejus
910 2773 998 2844 partis
1010 2771 1121 2827 Codicis
1132 2773 1319 2844 Bambergen·

277 2875 327 2943 sis,
346 2875 430 2944 cujus
442 2873 535 2931 varias
552 2874 687 2928 lectiones
699 2871 851 2927 Enderlein
868 2871 992 2928 nondum
1006 2871 1110 2942 publici
1122 2871 1192 2941 Juris
1205 2872 1318 2927 lecerat.

246 2988 248 3053 ξ
277 2972 384 3030 Gratiae
397 2973 472 3030 hanc
485 2975 520 3028 ob
538 2988 653 3029 eausam
664 2972 719 3028 hoc
730 2974 792 3027 loco
806 2971 872 3027 mihi
887 2968 1015 3043 agendae
1030 2974 1094 3024 sunt
1104 2969 1226 3025 Antonio
1237 2970 1316 3026 Lins-

276 3087 368 3143 muger
380 3114 389 3139 ,
401 3085 477 3126 nunc
488 3069 666 3127 Monacensis
678 3071 820 3142 gymnasii
831 3072 974 3141 collegae,
992 3069 1038 3138 qui
1051 3083 1067 3122 a
1079 3083 1122 3120 me
1134 3074 1248 3140 rogatus
1260 3069 1318 3125 acri

277 3167 418 3240 diligentia
436 3174 464 3222 et
479 3168 583 3240 insigni
601 3168 727 3222 coutitate
743 3174 847 3224 certam
865 3184 898 3222 ac
909 3166 995 3222 fidam
1012 3165 1134 3237 effigiem
1148 3169 1318 3237 praestantis

276 3266 344 3323 illius
363 3265 478 3323 Codicis
500 3268 620 3323 coniecit
639 3265 763 3336 mihique
786 3266 936 3320 liberaliter
952 3266 1087 3337 permisit.
1138 3264 1250 3325 Codicis
1266 3265 1317 3322 hu·

271 3364 318 3434 jus
339 3367 479 3438 scriptura
508 3366 616 3437 primae
641 3363 755 3436 quidem
782 3380 882 3419 manus
910 3381 974 3420 cum
1001 3365 1126 3420 secunda
1149 3367 1240 3421 classe
1267 3354 1341 3422 (lo-⁴

273 3460 364 3517 dicum
390 3462 556 3532 Quintiliani
581 3464 745 3536 plerumque
767 3463 920 3530 consentit,
951 3469 1047 3519 contra
1070 3464 1196 3520 secunda
1217 3479 1315 3519 manus

271 3562 449 3618 emendantis
467 3538 573 3619 librarii
587 3579 651 3619 cum
666 3562 757 3634 prima
768 3561 875 3632 classe,
894 3562 1014 3616 maxime
1032 3578 1094 3616 cum
1104 3562 1125 3617 F
1127 3563 1254 3618 torentini
1273 3579 1316 3618 se·

271 3659 365 3718 cunda
375 3660 559 3730 mauu,alias
574 3677 637 3717 cum
648 3661 833 3718 Ambrosiano
844 3659 974 3719 codicum
985 3661 1105 3739 optimo.
1136 3661 1335 3720 indeaitbro

1074 3745 1123 3812 a*
