3184 4409
309 287 343 334 v1
475 346 477 352 A
721 288 928 340 ruuurnrro.

303 444 439 501 Batauo.
454 445 563 510 Turic.,·
586 445 620 501 Z.
632 446 764 502 Phaeton.
779 475 822 485 —-
841 451 884 504 20.
904 452 1056 502 servatum.
1087 445 1133 501 Sic
1149 448 1229 500 etium
1244 447 1297 504 Bm

303 543 359 586 see.
376 548 412 583 m.
428 561 471 571 —
490 536 532 589 23.
546 536 573 584 ut
593 532 671 601 apice
696 530 883 586 circumducta
900 532 1035 600 sequenti.
1064 529 1111 585 Sic
1128 531 1223 587 Romo.
1238 549 1289 602 pr.

303 613 322 670 i.
334 629 359 670 e.
372 620 401 669 ut
415 616 441 669 si
457 615 641 670 circumducta
654 621 722 670 esset
737 615 859 670 seeundo
869 614 990 685 Sylleum
1008 615 1039 671 Z.
1051 621 1097 668 aut
1112 616 1190 685 apice
1202 616 1269 670 ciro.
1283 638 1296 673 s

302 717 345 737 ·-
364 702 408 756 26.
427 715 490 753 oum
506 699 596 769 quale.
630 699 728 754 Bumb.
745 715 771 754 c.
788 704 848 752 cett.
868 699 947 754 6666.
953 720 965 762 ,·
991 697 1022 752 Z.
1040 701 1124 752 inser.
1142 707 1284 769 quantum.

302 785 347 840 33.
361 781 608 851 deprehendimus.
630 784 664 838 de
678 784 753 853 conj.
765 782 925 837 Burmanni
930 805 939 842 ,·
950 780 1038 836 Codd.
1049 782 1293 852 reprehendimus.

301 869 346 923 35.
359 865 508 937 Vergilius.
539 865 585 921 Sic
599 867 698 921 Bomb.
711 884 760 938 pr.
773 883 809 920 m.
821 870 851 920 ot
864 866 928 937 fere
941 880 1064 937 serapem
1094 866 1127 920 Z.
1146 867 1289 936 Virgilius.

302 953 345 1008 36.
359 950 407 1004 uti.
430 949 527 1005 Bamb.
538 966 563 1005 6.
575 956 639 1021 opu.
653 951 755 1013 0666.,·
774 949 806 1005 Ζ.
818 956 856 1004 ut.
867 977 911 990 -
932 949 1128 1020 interrogante.
1148 949 1195 1004 Sic
1205 951 1295 1007 Bamb

300 1033 480 1103 optt.Codd.;
501 1033 834 1109 Z.‘interr0gatione.³-
859 1037 903 1091 39.
920 1034 1122 1104 Navigavimus
1143 1035 1265 1089 Pelusio.

301 1116 335 1172 de
346 1117 439 1187 oonj.,·
461 1118 542 1174 Codd.
554 1125 618 1189 opu.
629 1119 767 1190 serenam
786 1117 860 1172 enim
878 1117 913 1170 de
926 1115 1044 1185 Susum;
1070 1117 1101 1171 Z.
1115 1123 1143 1172 ut
1155 1119 1228 1173 Veni
1242 1121 1278 1174 de
1291 1122 1297 1173 t

302 1202 351 1256 sis.
362 1230 405 1240 -
426 1203 509 1273 igitur
520 1203 606 1256 initio.
633 1204 731 1257 Bamh.
748 1217 772 1257 6.
789 1207 855 1273 opit.
871 1201 966 1264 codd.,·
985 1200 1017 1255 Z.
1029 1202 1112 1256 inser.
1128 1203 1164 1255 in.
1177 1229 1220 1241 —-
1240 1209 1285 1261 40.

302 1285 358 1343 dat.
379 1286 477 1340 Bumb.
492 1304 541 1357 pr.
558 1303 612 1350 m.‚·
634 1286 666 1342 Z.
678 1286 794 1354 cadone
818 1285 895 1349 Amb.
914 1288 939 1339 1.
954 1285 1046 1340 Tune.
1062 1285 1157 1341 tasso.
1179 1287 1290 1342 eadunt.

301 1373 345 1426 42.
364 1368 483 1423 dualem.
508 1370 591 1425 0666.
607 1376 672 1441 optt.
690 1384 796 1433 omnem·
821 1368 852 1424 Z.
871 1369 962 1423 duale.
977 1398 1020 1407 -
1045 1373 1089 1439 43.
1105 1369 1179 1439 quod
1193 1371 1296 1426 Antoni

300 1451 398 1508 Bomb.
412 1453 603 1516 1666666664
625 1454 658 1509 Ζ.
670 1470 835 1525 quamquam
850 1451 880 1506 id
890 1452 956 1508 Ant.
968 1482 1009 1491 —
1028 1457 1071 1510 45.
1084 1453 1218 1524 quidquid
1230 1455 1297 1510 horr

299 1535 391 1591 Etiam
401 1536 499 1591 Bamo.
508 1539 564 1593 rec.
575 1554 611 1592 m.
624 1567 666 1577 -
676 1542 719 1596 56.
732 1537 810 1592 reda.
827 1536 924 1591 Bamb.
936 1551 962 1592 6.
974 1536 1067 1591 Turio.
1079 1537 1181 1605 raeda3
1196 1538 1227 1592 Z.
1241 1539 1297 1594 rhe

300 1649 342 1661 -
361 1622 395 1678 57
413 1621 487 1676 oiroo
508 1637 617 1693 quoque
641 1624 780 1677 usitatum.
816 1619 914 1675 Bamb.
932 1635 958 1674 6.
980 1613 1160 1691 optt.'codd.,·
1179 1622 1211 1676 Z.
1229 1639 1297 1693 qno(

301 1706 365 1761 usit.
378 1720 404 1759 o.
413 1734 450 1745 -
468 1709 510 1763 58.
524 1722 679 1761 sermonem
694 1705 854 1776 praecipue.
872 1702 970 1759 Bamb.
983 1719 1008 1758 6.
1020 1710 1078 1759 cett.
1091 1705 1170 1758 codd.
1175 1727 1186 1767 ‚·
1201 1705 1233 1759 Ζ.
1244 1724 1297 1777 pra

301 1804 469 1849 sermonem.
481 1819 523 1828 —
540 1806 737 1860 nonnunquam
748 1804 765 1843 a
776 1789 865 1844 nobis.
881 1787 981 1843 Bamb.
988 1803 1013 1842 6.
1024 1793 1085 1842 vett.
1096 1789 1174 1842 codd.
1179 1811 1190 1852 ,-
1206 1789 1236 1844 Z.
1250 1807 1267 1845 a
1279 1809 1294 1844 n

300 1889 385 1928 nonu.
397 1902 439 1912 —-
452 1877 496 1932 62.
509 1873 561 1929 sed
572 1874 617 1929 tis.
631 1873 677 1929 Sic
687 1876 766 1928 etium
774 1873 872 1927 Bomb.
883 1886 938 1927 sec.
949 1889 1034 1925 nn-
1043 1877 1087 1930 63.
1100 1872 1226 1942 patietur.
1243 1876 1297 1929 Bur

299 1971 355 2012 sec.
366 1974 401 2011 m.
417 1973 441 2013 c.
452 1958 529 2012 Amb.
543 1962 568 2013 1.
574 1980 586 2021 ‚·
609 1957 641 2014 Z.
658 1958 768 2029 patitur.
778 1985 821 1997 -
842 1961 885 2014 64.
901 1963 992 2010 tamen
1009 1957 1087 2011 citra.
1118 1955 1163 2010 Sic
1174 1958 1272 2012 Bamb.
1288 1975 1297 2012 ε

300 2058 336 2097 m.
348 2056 372 2096 c.
387 2042 499 2105 loeson
520 2044 579 2098 rell.
592 2047 651 2097 oen.
665 2041 747 2098 0666.
759 2058 811 2096 om.
823 2041 906 2107 eitra,
918 2039 949 2093 Z.
962 2056 1013 2094 om.
1028 2045 1128 2094 tamen.
1139 2069 1183 2079 -—
1203 2046 1247 2100 68.
1263 2059 1297 2112 pe

301 2142 394 2181 secus.
417 2127 515 2181 Bamb.
524 2143 548 2182 6.
561 2131 620 2182 vett.
633 2126 713 2182 0666
721 2147 732 2188 ,·
752 2124 785 2179 Z.
796 2124 978 2194 pedisequus.
990 2153 1031 2166 -
1041 2124 1220 2193 praepositio.
1242 2126 1297 2180 Bar

300 2224 326 2266 c.
345 2213 404 2264 vett.
421 2209 519 2272 codd.,·
534 2209 565 2264 Z.
577 2210 637 2280 adj.
657 2202 712 2263 ort.
724 2239 765 2248 -
779 2207 865 2262 reda.
891 2206 990 2261 Bamb.
1009 2207 1181 2276 epiraedinm
1202 2213 1229 2262 et
1243 2226 1297 2279 pos

300 2308 325 2348 6.
333 2297 392 2349 vett.
402 2293 479 2347 codd.
492 2292 594 2360 raeda3
610 2292 641 2347 Z.
654 2290 930 2362 epirhed.··-rheda.
945 2318 980 2329 -
997 2291 1087 2345 alieno
1101 2297 1226 2360 utroque.
1240 2294 1297 2347 Bm

300 2393 325 2432 6.
338 2381 403 2447 opti.
416 2377 511 2438 codd.;
524 2376 556 2430 Z.
569 2366 621 2431 utr.
637 2376 722 2431 at.-
739 2380 781 2434 69.
794 2381 897 2445 erepet
922 2373 969 2429 Sic
978 2375 1075 2429 Bamb.
1086 2390 1140 2429 seo.
1150 2392 1185 2429 m.
1195 2378 1224 2430 in
1234 2394 1297 2432 mor

299 2459 331 2521 Z.
345 2460 379 2514 de
391 2461 464 2530 conj.
480 2467 529 2515 oet.
541 2461 681 2530 erepti-
702 2463 744 2519 70.
758 2461 856 2514 simus.
878 2459 954 2513 Amo.
970 2462 1013 2522 1.,·
1032 2458 1064 2512 Ζ.
1077 2475 1183 2514 sumus.

381 2542 466 2613 Cap.
479 2544 531 2598 .Vl.
575 2551 600 2601 1.
618 2545 673 2601 vel.
700 2544 798 2599 Bamb.
813 2558 837 2598 6.
856 2548 920 2614 optt.
937 2542 1020 2598 0666.
1027 2564 1038 2605 ,-
1058 2542 1090 2597 Z.
1107 2559 1158 2596 om.
1180 2572 1217 2583 —
1240 2550 1293 2602 ar

300 2628 392 2698 giosa.
415 2626 490 2682 Amb.
504 2631 545 2691 1..-
558 2627 656 2683 Bamb.
667 2643 692 2682 c.
705 2633 768 2699 opit.
782 2627 864 2684 Codd.
879 2626 975 2696 religio
989 2641 1034 2693 se;
1056 2625 1087 2680 Z.
1099 2627 1208 2698 religio.
1226 2660 1261 2670 —
1277 2646 1295 2681 n

300 2711 398 2766 Bamb.
415 2726 470 2766 sec.
485 2729 521 2767 m.
535 2727 559 2767 c.
575 2718 633 2767 vett.
647 2712 728 2767 0666.
734 2734 745 2774 .·
766 2710 797 2765 Z.
814 2711 874 2781 adj.
893 2711 926 2766 si.
937 2739 978 2749 -
999 2711 1085 2765 volut.
1116 2711 1214 2766 Bamb.
1233 2727 1257 2765 c.
1276 2731 1297 2784 ⁰.

301 2794 404 2856 Codd.,·
416 2795 448 2848 Z.
460 2797 516 2850 vei.
527 2822 570 2836 —
585 2801 611 2856 3.
623 2796 651 2850 in
662 2795 801 2866 analogia.
818 2795 916 2850 Bomb.
928 2809 952 2848 6.
964 2799 1028 2864 opit.
1040 2794 1119 2848 codd.
1124 2816 1134 2856 ‚·
1149 2794 1180 2849 Ζ.
1193 2812 1244 2859 om.
1258 2796 1294 2851 in.

299 2878 496 2936 euincere.
520 2880 597 2934 Amb.
610 2883 635 2934 1.
641 2902 652 2944 ,·
673 2878 705 2934 Ζ.
721 2884 750 2935 ut
768 2880 824 2933 ino.
839 2890 875 2919 '—
904 2883 931 2936 9.
945 2877 1026 2932 dicet.
1052 2878 1151 2932 Bomb.
1164 2896 1214 2948 pr.
1234 2896 1287 2943 m..-

301 2962 417 3019 dicetur.
429 2991 471 3003 -—
492 2980 573 3018 ourro
591 2968 617 3017 et
635 2963 709 3035 lego.
728 2963 827 3018 Bamd.
850 2978 875 3017 o.
891 2967 950 3017 veit.
964 2962 1042 3016 codd.
1048 2965 1064 3022 ,·'
1079 2961 1110 3015 Z.
1128 2963 1191 3033 tego
1207 2970 1234 3017 et
1250 2980 1297 3017 our

299 3077 342 3087 —
352 3053 396 3105 12.
410 3047 574 3117 epicoenon.
601 3047 738 3105 1666666.
755 3053 816 3102 vett.
829 3047 926 3108 codd.,·
946 3044 978 3099 Z.
992 3044 1156 3116 epicoenum.
1176 3063 1216 3085 -·
1238 3052 1297 3105 13.1

301 3147 365 3185 men
381 3131 512 3203 positum.
532 3130 631 3187 Bomb.
642 3147 666 3186 c.
682 3137 741 3187 cett.
753 3131 849 3191 codd.,·
869 3129 900 3183 Z.
918 3129 953 3183 de
970 3132 1045 3200 conj.
1064 3128 1145 3200 Repii
1159 3131 1244 3184 inser.
1263 3132 1297 3198 [si

300 3215 431 3287 piioiterJ.
442 3243 485 3255 -
501 3220 544 3276 16.
560 3215 709 3287 quomodo.
734 3213 811 3269 Amo.
825 3217 851 3268 1.
862 3213 961 3268 Bamb.
973 3228 1027 3267 sec.
1042 3230 1077 3266 m.
1091 3213 1204 3276 lasso:
1225 3214 1256 3267 Z.
1276 3232 1297 3285 q>

301 3316 356 3372 que
367 3299 510 3354 modo-
520 3303 563 3357 18.
577 3315 695 3371 quoque.
711 3298 844 3354 Bormiae.
855 3302 918 3368 opit.
932 3295 1016 3351 0666.
1021 3319 1032 3360 ,·
1046 3297 1077 3350 Ζ.
1087 3313 1188 3351 666-
1199 3302 1239 3355 19.
1250 3315 1293 3352 em

302 3384 489 3440 dat-malit.
518 3382 564 3439 Sic
574 3383 670 3438 Bumb.
682 3398 787 3454 quoque
793 3399 842 3453 pr.
853 3398 888 3434 m.
894 3403 906 3443 ,·
929 3381 961 3434 Ζ.
973 3379 1147 3435 emendatius
1167 3381 1286 3436 calidum

301 3484 366 3526 cere
377 3483 460 3539 quam
472 3466 581 3523 eoldum
595 3469 706 3522 mavult.
717 3495 760 3505 -
778 3471 821 3523 22.
832 3467 912 3534 jecur
924 3463 1015 3518 etiarn.
1029 3463 1127 3518 Bumb.
1136 3480 1161 3518 c.
1173 3471 1233 3520 vett.
1242 3465 1297 3521 066

303 3552 333 3609 Ζ.
344 3556 372 3606 et
378 3553 434 3624 joe.
447 3583 487 3595 -
505 3555 549 3612 26.
563 3567 673 3624 urgere.
688 3549 766 3608 Arno.
775 3552 801 3604 1.
813 3555 839 3605 et
848 3547 992 3605 16666661.
1005 3564 1040 3603 m.
1050 3548 1079 3602 in
1088 3564 1193 3622 morp.‚·
1206 3548 1238 3606 Z.
1252 3565 1297 3606 rue
