3184 4409
501 478 940 547 tusn.01snnon.n1n.x1,a.
968 528 970 530 ,
1164 467 1225 528 203
1323 521 1325 524 ⁴

272 644 305 694 nt
318 642 348 693 et
360 632 517 712 quamlibet
529 633 619 710 longo
634 634 736 692 itinere
747 632 870 694 deducta
882 635 916 695 ad
929 645 1060 695 assuetas
1072 636 1126 695 sibi
1139 638 1226 698 sedes

272 727 414 779 ertuntur.
450 713 545 790 Quid?
573 735 631 775 non
654 717 729 777 haec
757 718 885 777 uarietas
907 720 976 779 mira
998 730 1059 795 est,
1088 722 1226 780 excidere

274 804 372 878 xima,
398 810 500 860 vetera
528 798 703 860 inhaerere?
734 799 935 861 hesternorum
957 806 1139 863 immemores
1163 815 1226 863 acta

272 888 368 946 critiae
383 881 555 945 recordari?
588 881 683 958 Quid?
709 885 786 963 quod
809 886 950 964 quaedam
969 889 1107 964 requisita
1128 906 1161 947 se
1177 894 1254 950 oc?

272 979 332 1031 tant
349 978 378 1028 et
394 969 497 1029 eadem
512 968 588 1028 lorte
603 967 792 1028 succurrunt?
808 988 863 1028 nec
878 979 972 1030 manet
988 989 1105 1049 semper
1120 989 1226 1030 memo·

283 1051 508 1132 sed'aliquando
527 1054 612 1112 etiam
629 1050 723 1112 redit?
753 1052 922 1112 Nesciretur
937 1064 1048 1127 tamen,
1065 1055 1228 1133 quantavis

274 1148 305 1198 et
322 1139 400 1213 eius,
422 1145 526 1215 quanta
542 1136 673 1196 divinitas
689 1135 754 1212 illa,
777 1138 831 1196 nisi
848 1137 904 1196 boc
920 1137 1014 1197 lumen
1030 1138 1129 1197 orandi
1147 1146 1227 1196 extu·

272 1231 317 1281 tet.
350 1219 415 1281 Non
436 1222 510 1280 enim
529 1226 629 1280 rerum
647 1220 733 1279 modo
754 1220 808 1280 sed
829 1222 915 1281 etiarn
929 1221 1083 1280 verborum
1100 1222 1257 1282 ordinem8

272 1314 366 1381 restat,
382 1323 439 1364 nec
455 1322 490 1365 ea
506 1322 598 1382 pauca
614 1305 742 1364 contexit
757 1304 811 1364 sed
828 1305 910 1365 durat
925 1307 1063 1383 propotu
1081 1306 1226 1379 infinitum,

272 1395 294 1448 ln
306 1389 481 1466 longissimis
496 1389 657 1448 actionibus
671 1390 750 1466 prius
763 1386 897 1448 audiendi
915 1391 1050 1466 patientia
1067 1407 1149 1467 quam
1166 1407 1225 1448 mc·

274 1475 334 1532 riae
347 1473 421 1533 lides
434 1472 541 1532 delicit.
568 1470 654 1544 Quod
670 1481 699 1531 et
713 1474 807 1550 ipsum
822 1482 1018 1548 argumentum
1033 1482 1087 1547 est,
1105 1472 1256 1534 subesse9

272 1577 318 1616 eru
339 1557 629 1635 aliquamiuvarique
652 1558 764 1616 ratione
786 1565 929 1616 naturam:
953 1575 1015 1616 cum
1043 1557 1129 1616 iidem
1150 1555 1227 1615 docti

275 1659 326 1700 erc
340 1640 419 1715 illud,
436 1640 542 1699 indocti
554 1640 794 1718 inexercitatique
809 1657 866 1699 non
881 1642 1033 1719 possimus.
1062 1639 1228 1718 Quanquam

275 1725 341 1784 enio
365 1724 441 1802 apud
455 1723 619 1798 Platonem,
645 1722 762 1783 obstare
787 1726 944 1784 memoriae
959 1743 1039 1784 usum
1055 1723 1227 1788 litterarum

272 1808 366 1867 lelicet
381 1809 513 1884 quoniam
529 1807 589 1882 illa,
605 1824 679 1885 quae
696 1808 813 1885 scriptis
827 1810 1019 1885 reposuimus,
1035 1808 1115 1867 velut
1131 1817 1226 1867 custo·

272 1911 289 1951 e
306 1891 461 1951 desinimus
477 1892 584 1969 etipsa
599 1891 753 1950 securitate
770 1891 941 1950 dimittimus.
968 1890 1031 1950 Nec
1047 1891 1160 1950 dubium
1172 1899 1227 1964 est,
1237 1901 1270 1953 10

272 1978 296 2034 in
319 1975 469 2053 plurimum
492 1976 521 2032 in
542 1975 597 2034 hac
618 1983 700 2051 parte
722 1973 820 2034 valeat
839 1977 942 2034 mentis
964 1976 1082 2034 intentio
1105 1984 1134 2033 et
1149 1974 1228 2033 velut

274 2077 307 2118 es
324 2058 456 2118 luminum
472 2075 489 2117 a
504 2067 661 2136 prospectu
678 2076 784 2133 rerum,
804 2075 875 2136 quas
890 2059 1023 2132 intuetur,
1040 2074 1097 2116 non
1113 2075 1226 2116 aversa.

274 2143 311 2202 de
335 2143 453 2216 accidit,
477 2151 507 2201 ut
529 2159 603 2220 quae
627 2141 800 2219 perplures
821 2141 884 2201 dies
906 2141 1056 2202 scribimus
1078 2139 1228 2223 ediscendi

272 2244 326 2301 rsa,
345 2228 483 2304 cogitatio
500 2227 564 2302 ipsa
581 2227 735 2285 contiueat.

314 2309 443 2369 Artem
469 2319 563 2369 autern
585 2310 783 2369 memoriae
805 2310 912 2387 primus
939 2309 1102 2369 ostendisse
1126 2308 1267 2368 diciturll

272 2393 402 2453 aonides.
440 2391 527 2452 Guius
547 2391 663 2469 vulgata
684 2391 782 2453 fabula
806 2402 865 2452 est:
894 2411 957 2452 cum
976 2393 1065 2470 pugili
1089 2399 1227 2451 coronato

272 2495 355 2552 rmen,
372 2476 457 2556 quale
475 2477 608 2554 componi
622 2476 780 2536 victoribus
796 2476 884 2551 solet,
902 2477 1039 2535 mercede
1055 2485 1140 2554 pacta
1157 2475 1227 2535 scri·

272 2564 352 2636 Isset,
376 2560 547 2637 abnegatam
570 2561 597 2620 ei
612 2562 754 2638 pecuniae
779 2569 905 2638 partem,
932 2559 1010 2638 quod
1031 2577 1111 2619 more
1133 2559 1228 2637 poetis

272 2646 463 2723 quentissimo
479 2645 628 2721 digressus
642 2645 671 2703 in
689 2643 790 2704 laudes
808 2641 937 2703 Castoris
957 2662 993 2703 ac
1007 2643 1133 2703 Pollucis
1149 2643 1228 2701 exie·

272 2749 283 2786 i.
322 2727 507 2807 Quapropter
527 2737 638 2806 partem
660 2727 696 2787 ab
718 2729 752 2785 iis
773 2735 893 2811 petere,
916 2745 1036 2806 quorum
1055 2727 1133 2786 facta
1150 2725 1228 2785 cele·

272 2820 359 2888 isset,
381 2812 543 2873 iubebatur.
577 2811 613 2872 Et
629 2811 848 2890 persolverunt,
871 2821 902 2871 ut
921 2811 1052 2872 traditum
1075 2819 1129 2870 est.
1158 2808 1229 2868 Nam
1238 2817 1271 2869 12

272 2914 296 2953 m
317 2906 397 2956 esset
418 2896 527 2974 grande
548 2897 707 2955 convivium
727 2897 756 2956 in
777 2895 917 2954 bonorem
937 2896 1067 2956 eiusdem
1088 2894 1229 2953 victoriae

272 2996 316 3056 [ue
343 2980 485 3040 adhibitus
511 2982 538 3040 ei
567 2997 678 3040 coenae
704 2979 883 3040 Simonides:
912 2982 1010 3039 nuntio
1035 2986 1081 3038 est
1107 2978 1229 3048 excitus,

272 3061 392 3123 odeum
412 3064 468 3123 duo
490 3066 609 3124 iuvenes
633 3065 716 3142 equis
736 3063 850 3124 advecti
866 3063 1033 3124 desiderare
1049 3063 1187 3120 maiorem
1201 3060 1230 3116 in

272 3144 344 3204 »dum
360 3147 538 3208 dicebantur.
564 3147 601 3207 Et
616 3134 683 3206 illos
698 3146 812 3224 quidem
827 3163 884 3206 non
898 3149 1016 3223 invenit,
1032 3147 1121 3206 fuisse
1136 3153 1231 3203 tamen
1322 3148 1324 3152 '

272 3236 332 3287 atos
350 3248 420 3306 erga
436 3250 468 3290 se
485 3233 557 3291 deos
574 3233 651 3290 exitu
670 3231 821 3308 comperit.
851 3229 923 3291 Nam
936 3231 985 3289 rix
1000 3246 1037 3289 eo
1054 3229 1128 3288 ultra
1145 3228 1272 3288 limen13

272 3330 366 3388 resso‚
382 3314 533 3374 triclinium
548 3314 618 3374 illud
634 3332 719 3392 supra
738 3315 874 3374 convivas
892 3316 999 3374 corruit
1015 3316 1100 3391 atque
1112 3313 1150 3371 ita
1163 3328 1230 3370 con·

272 3396 312 3470 to,
329 3407 359 3457 ut
373 3415 430 3455 non
445 3416 496 3458 ora
510 3397 596 3457 modo
611 3414 820 3476 oppressorum
836 3398 887 3457 sed
901 3397 1029 3456 membra
1042 3397 1124 3456 etiam
1137 3395 1230 3455 omnia

272 3482 413 3559 quirentes
431 3481 467 3541 ad
484 3481 659 3559 sepulturam
678 3483 833 3560 propinqui
852 3481 929 3541 nulla
951 3491 1018 3540 nota
1038 3488 1158 3558 possent
1172 3479 1229 3538 dis·

271 3583 366 3624 ruere.
394 3565 464 3624 'l'um
483 3565 644 3625 Simonides
660 3566 762 3626 dicitur
776 3582 887 3625 memor
902 3566 1014 3640 ordine,
1031 3581 1089 3642 quo
1108 3565 1229 3642 quisque

272 3648 428 3725 imbuerat,
446 3665 571 3727 corpora
586 3651 645 3709 suis
660 3649 832 3710 reddidisse.
860 3648 913 3709 llst
930 3659 1024 3708 autem
1040 3665 1141 3724 magna
1159 3648 1232 3704 inter
1240 3652 1273 3706 14

272 3742 368 3795 ctores
392 3734 553 3812 dissensio,
574 3732 720 3795 Glaucone
745 3731 878 3810 Carystio
901 3751 936 3794 au
950 3733 1083 3793 Leocrati
1100 3750 1136 3790 au
1152 3723 1229 3806 dge-
