3184 4409
563 501 1002 571 msa.onnuoa.u1o.x1‚1.
1238 490 1297 552 aba

296 677 403 738 saque,
429 674 503 736 quae
528 664 629 716 natura
652 672 709 715 nou
731 665 796 716 sunt
815 657 1056 736 reprehendenda
1077 668 1163 738 atque
1186 660 1298 719 interim

296 755 362 805 sunt
376 741 559 815 necessaria,
576 739 644 799 alibi
660 757 743 817 quam
760 757 823 799 mos
841 743 1004 820 permiserit
1021 747 1114 821 turpia
1129 743 1296 803 habeantur.

295 829 371 891 Illud
386 829 441 888 iam
456 826 601 899 diximus,
621 832 726 902 quanto
749 825 815 903 plus
839 827 940 884 nitoris
962 835 990 884 et
1011 827 1104 885 cultus
1121 827 1341 890 demonstra-48

296 915 374 973 tivae
394 911 550 984 materiae,
573 917 605 967 ut
627 908 663 967 ad
681 907 902 968 delectationem
919 909 1090 968 audientium
1107 914 1297 986 compositae,

297 1014 392 1075 quam,
411 1011 486 1072 quae
504 1001 569 1052 sunt
585 993 613 1050 in
628 1002 694 1051 actu
712 1001 742 1051 et
758 995 953 1069 contentione,
970 996 1119 1053 suasoriae
1135 995 1298 1053 iudiciales·

297 1099 354 1159 que
372 1079 546 1158 permittant.

382 1162 445 1222 Hoc
461 1161 554 1220 adhuc
569 1159 774 1236 adiiciendum,
791 1159 902 1239 aliquas
919 1163 1020 1235 etiam,
1044 1179 1118 1239 quae
1134 1169 1199 1219 sunt
1214 1177 1299 1236 egre·

296 1249 363 1325 giae
380 1246 494 1306 dicendi
507 1245 640 1319 virtutes,
657 1245 822 1322 quominus
839 1246 971 1320 deceant,
988 1244 1065 1304 effici
1079 1244 1299 1304 condicione

298 1347 496 1392 causarum.
528 1327 573 1386 An
588 1329 738 1407 quisquam
753 1328 851 1388 tulerit
865 1347 945 1388 reum
959 1330 987 1388 in
1003 1330 1167 1389 discrimine
1185 1329 1342 1406 capitis,49

297 1413 557 1494 praecipueque-si
578 1412 652 1490 apud
668 1414 808 1472 victorem
827 1421 856 1472 et
876 1414 1034 1491 principem
1056 1431 1109 1490 pro
1128 1415 1240 1490 seipse
1258 1413 1299 1471 di·

297 1507 359 1573 cat,
385 1497 530 1576 frequenti
550 1496 753 1575 translatione,
781 1497 856 1556 lictis
877 1507 925 1556 aut
943 1499 1077 1576 repetitis
1097 1516 1134 1556 ex
1155 1504 1300 1556 uetustate

296 1582 411 1657 verbis,
434 1581 644 1659 compositione
663 1599 738 1660 quae
755 1582 791 1640 sit
805 1582 927 1641 maxime
946 1599 961 1640 a
976 1582 1089 1658 vulgari
1105 1600 1159 1641 usu
1177 1589 1298 1655 remota,

297 1665 517 1728 decurrentibus
533 1664 679 1743 periodis,
703 1683 787 1744 quam
809 1664 972 1725 laetissimis
994 1666 1068 1726 locis
1090 1666 1300 1742 sententiisque

299 1745 463 1811 dicentem?
493 1748 559 1809 Non
574 1749 696 1826 perdant
718 1750 791 1809 haec
807 1751 900 1808 omnia
915 1753 1111 1810 necessarium
1126 1749 1300 1828 periclitanti

297 1833 499 1894 sollicitudinis
515 1833 654 1907 colorem,
671 1833 883 1910 petendumque
899 1836 983 1893 etiam
999 1834 1198 1893 innocentibus
1216 1835 1300 1891 mise·

297 1916 441 1978 ricordiae
459 1917 617 1977 auxilium?
648 1913 907 1975 Commoveaturne
927 1921 1076 1995 quisquam
1095 1920 1157 1977 eius
1174 1916 1343 1985 fortuna,50

298 2020 384 2080 quem
399 2001 533 2060 tumidum
548 2018 583 2060 ac
598 2000 642 2058 sui
657 2001 809 2060 iactantem
825 2009 854 2058 et
869 2000 1049 2060 ambitiosum
1063 2003 1222 2060 institorem
1239 2001 1300 2058 elo-

300 2087 434 2164 quentiae
457 2086 486 2143 in
509 2085 626 2162 ancipiti
649 2093 730 2143 sorte
754 2081 872 2143 videat‘l
906 2084 972 2143 Non
996 2087 1080 2144 immo
1103 2085 1196 2144 oderit
1220 2101 1301 2142 reum

297 2169 389 2229 verba
412 2177 602 2246 aucupantem
625 2175 654 2226 et
673 2168 787 2228 anxium
809 2167 845 2227 de
867 2167 941 2228 fama
964 2169 1086 2245 ingenii,
1112 2177 1141 2227 et
1162 2168 1208 2226 cui
1232 2175 1300 2226 e'sse

299 2254 408 2313 diserto
423 2249 531 2311 vaceti
563 2250 648 2324 Quod
667 2253 738 2311 mire
758 2250 796 2310 ll.
816 2249 931 2310 Caelius
947 2255 975 2311 in
994 2253 1165 2312 defensione
1182 2269 1299 2324 causae,
1309 2257 1341 2309 51

299 2355 355 2414 qua
377 2355 445 2395 reus
466 2337 503 2395 de
525 2337 553 2394 ai
573 2335 644 2410 fuit,
670 2335 927 2414 comprehendisse
948 2336 1062 2395 videtur
1083 2337 1165 2394 milri:
1189 2333 1235 2395 Ne
1250 2335 1302 2396 coi

297 2428 431 2482 vestrum
445 2427 535 2498 utque
549 2420 640 2480 etium
654 2421 794 2494 omnium,
811 2422 865 2497 qui
877 2421 923 2480 ad
938 2439 1003 2482 rem
1017 2423 1169 2498 spendens
1184 2426 1301 2494 accunt,

298 2524 384 2566 meus
398 2511 452 2565 out
465 2507 565 2564 oollam
579 2502 732 2565 molestior
745 2513 799 2565 out
812 2522 872 2564 ooo
885 2505 1113 2565 immoderatior
1128 2505 1234 2581 atiquo
1248 2509 1303 2564 out

299 2591 440 2667 denique,
457 2589 537 2665 quod
551 2588 704 2649 monimum
717 2595 772 2663 est,
793 2589 958 2648 iactantior
969 2601 1073 2666 pestus
1087 2589 1183 2666 finisse
1196 2587 1301 2648 videa·

298 2681 361 2732 tur.
399 2672 487 2750 Atqui
511 2681 576 2731 sunt
597 2671 736 2749 quaedam
761 2673 890 2731 actiones
911 2674 940 2730 in
962 2673 1174 2747 satisfactione,
1196 2671 1344 2750 ‹lepre-sa

300 2759 431 2832 catione,
459 2756 644 2815 confessione
669 2757 800 2833 positae:
831 2756 1050 2815 sententiolisne
1077 2756 1200 2816 llendum
1226 2751 1302 2815 erit?

301 2841 521 2918 epiphonemata
547 2849 594 2900 aut
614 2839 823 2915 enthymemata
845 2838 1026 2900 exorabunt?
1056 2840 1138 2914 Non,
1164 2838 1303 2918 quidquid

300 2927 386 2983 meris
402 2924 552 2984 adiicietur
565 2923 727 2999 affectibus,
744 2940 844 2982 omnes
860 2941 960 2984 eorum
975 2924 1064 2986 diluet
1077 2927 1156 2983 vires
1174 2933 1203 2983 et
1216 2924 1302 2981 mise-

301 3009 441 3067 rationem
462 3009 618 3068 securitate
641 3004 771 3068 laxabit?
803 3007 884 3085 Age,
907 3009 932 3067 si
954 3009 990 3069 de
1016 3018 1109 3068 morte
1130 3007 1180 3068 lilii
1196 3004 1346 3065 sui've153

300 3092 417 3167 iniuria,
433 3110 508 3170 quae
524 3101 616 3151 morte
632 3093 669 3151 sit
684 3092 818 3168 gravior,
837 3091 989 3151 dicendum
1003 3094 1077 3172 patri
1093 3093 1192 3151 fuerit:
1211 3098 1258 3150 aut
1274 3091 1320 3155 in,

301 3175 442 3234 narrando
464 3177 585 3251 gratiam
604 3175 682 3235 illam
698 3175 905 3252 expositionis,
930 3194 1005 3254 quae
1023 3178 1171 3251 continget
1189 3192 1226 3232 ex
1241 3191 1302 3232 ser·

301 3276 385 3320 mone
400 3275 472 3336 puro
492 3269 578 3337 atque
593 3257 735 3333 dilucido,
757 3267 896 3336 quaeret,
917 3258 1046 3320 breviter
1058 3278 1093 3319 ac
1108 3259 1303 3334 significanter

302 3342 431 3401 ordinem
446 3344 489 3401 rei
504 3343 663 3421 protulisse
683 3359 741 3402 non
756 3352 923 3411 contentus;
943 3353 991 3403 aut
1005 3352 1172 3420 argumenta
1188 3342 1304 3402 diducet

301 3428 330 3484 in
345 3425 452 3502 digitos
474 3435 503 3485 et
522 3428 753 3505 propositionum
774 3445 809 3489 ac
829 3428 1012 3507 partitionum
1030 3426 1157 3506 captabit
1172 3426 1304 3505 leporem

303 3519 346 3584 et,
372 3519 402 3569 ut
422 3509 592 3587 plerumque
613 3511 642 3570 in
658 3511 715 3571 hoc
732 3529 842 3588 genere
856 3513 945 3571 moris
965 3522 1025 3590 est,
1048 3513 1206 3572 intentione
1227 3510 1303 3570 omni

301 3595 422 3654 remissa
438 3591 594 3670 loquetur?
629 3593 693 3668 Quo
709 3594 817 3672 fugerit
831 3597 943 3655 interim
957 3597 1043 3657 dolor
1053 3593 1126 3656 ille?
1153 3595 1201 3655 ubi
1218 3595 1347 3654 lucri-54

302 3697 368 3738 mae
387 3677 586 3739 substiterint?
614 3680 690 3740 unde
708 3696 741 3739 se
757 3680 786 3738 in
805 3681 928 3740 medium
943 3690 1000 3741 tam
1017 3699 1119 3741 secura
1135 3678 1302 3738 observatio

302 3764 404 3822 artium
433 3760 563 3824 miseriti
600 3763 667 3825 Non
689 3763 726 3825 ab
756 3764 877 3827 exordio
912 3783 1005 3845 usque
1034 3764 1223 3907 adrpltimam
1252 3777 1302 3820 vo·
