3184 4409
327 483 386 546 278
638 494 674 540 ru.
692 492 770 540 aaa.
787 490 1010 551 eumarumrrr

325 661 354 710 ιιι
370 650 471 708 Eleum
485 647 616 725 Hippiam
631 655 790 722 transeam,
813 647 862 724 qui
884 662 940 705 uon
954 641 1134 709 liberalium
1150 649 1236 710 modo
1249 648 1299 708 diod

325 736 463 812 plinarum
479 750 550 809 prae
566 749 598 789 se
620 732 768 789 scientiam
789 730 852 789 tulit
874 730 926 790 sed
946 739 1068 790 vestem
1090 743 1124 792 et
1145 734 1300 794 anulumrrr

324 818 475 895 pidasque,
492 825 566 893 quae
582 816 675 873 omnia
690 832 771 873 manu
787 832 838 873 sua
854 813 981 888 fecerat,
999 815 1028 873 iu
1047 834 1109 876 usu
1126 817 1237 891 babuit,
1250 825 1301 893 atq!

325 904 362 960 ita
380 919 412 959 se
430 900 628 977 praeparavit,
650 917 686 956 ne
704 899 783 956 ouius
799 898 916 957 alterius
934 915 1028 976 opere
1048 910 1182 977 egeret:
1211 902 1302 961 illusis!

325 994 366 1043 tot
382 983 507 1062 [malis},
531 990 599 1058 quot
614 1000 721 1041 summa
737 989 872 1040 senectus
887 981 990 1056 habet,
1003 984 1178 1045 universae
1196 984 1302 1046 Graecia

325 1069 484 1139 credimus,
505 1064 646 1142 Gorgian,
663 1066 711 1143 qui
729 1083 871 1143 quaerere
887 1064 1056 1141 auditores,
1077 1068 1118 1127 de
1138 1070 1302 1148 quoquina

283 1165 317 1216 22
326 1152 430 1225 vellet,
455 1149 581 1207 iubebat.
617 1149 697 1221 Quae
719 1150 832 1208 tandem
853 1168 899 1208 ars
919 1148 1005 1225 digua
1023 1149 1138 1211 litteris
1157 1151 1303 1213 Platona

327 1235 401 1293 luit?
436 1233 512 1305 Quot
530 1233 656 1291 saeculis
673 1233 848 1292 Aristoteles
866 1232 978 1309 didicit,
1000 1242 1112 1294 utnon
1130 1237 1245 1312 solum,
1260 1250 1304 1314 qra

327 1319 362 1377 ad
378 1316 569 1395 philosophos
586 1327 671 1394 atque
688 1326 820 1375 oratores
835 1317 988 1394 pertinent,
1005 1320 1138 1380 scientia
1156 1321 1304 1400 complecta

326 1410 415 1475 retur,
432 1401 484 1459 sed
500 1400 659 1459 animalium
674 1408 859 1478 satorumque
873 1409 988 1460 naturas
1003 1417 1114 1462 omnes
1126 1400 1306 1483 perquirere?

326 1486 387 1544 lllis
402 1485 476 1543 baec
491 1485 661 1543 invenienda
682 1484 812 1559 luerunt,
832 1483 916 1543 nobis
934 1488 1153 1561 cognoscenda
1172 1497 1250 1548 sunt.
1275 1485 1307 1546 lt

326 1585 379 1628 nos
407 1568 662 1646 praeceptoribus,
695 1576 737 1627 tot
763 1567 906 1646 exemplis
931 1568 1066 1627 iustruxit
1101 1574 1308 1652 antiquitas,t

326 1654 418 1730 possit
433 1652 530 1710 videri.
541 1651 617 1710 nulla
636 1661 714 1710 sorte
730 1651 868 1711 nascendi
884 1661 964 1711 aetas
978 1651 1103 1712 felicior
1119 1673 1211 1733 quam
1226 1664 1308 1722 nostra

283 1739 372 1804 uacui
389 1736 539 1795 docendae
555 1737 668 1814 priores
684 1735 877 1794 elaborarunt.
908 1734 947 1794 bl.
963 1734 1050 1812 igitur
1068 1735 1147 1797 Cato
1165 1741 1244 1800 idem
1259 1755 1309 1797 sur

325 1837 386 1879 mus
405 1820 576 1896 imperator,
604 1819 679 1877 idem
699 1819 834 1895 sapiens,
856 1819 932 1878 idem
952 1828 1067 1894 orator,
1094 1822 1177 1882 idern
1196 1823 1310 1884 historiar

327 1903 467 1978 conditor,
486 1904 561 1961 idem
573 1904 652 1976 iuris,
670 1903 745 1962 idem
758 1920 853 1962 rerum
863 1904 1032 1962 rusticarum
1042 1907 1250 1980 peritissimus
1264 1907 1310 1969 luiz

325 1989 399 2046 iuter
413 1994 455 2046 tot
473 2003 578 2064 operas
594 1987 726 2060 militiae,
742 1995 833 2045 tantas
849 1986 924 2046 domi
938 1988 1170 2066 contentiones,
1190 1992 1255 2052 rudi
1269 2005 1310 2049 sar

326 2071 408 2144 culo,
432 2069 542 2129 litteras
564 2069 690 2129 Graecas
712 2078 807 2128 aetate
828 2071 883 2129 iam
899 2070 1040 2131 declinata
1056 2071 1184 2150 didicit,
1210 2085 1241 2135 ut
1255 2079 1311 2134 essct

325 2153 485 2214 hominibus
504 2154 685 2228 documento,
702 2171 736 2212 ea
754 2171 870 2232 quoque
886 2154 998 2231 percipi
1015 2171 1128 2232 posse,
1149 2176 1233 2236 quae
1248 2172 1312 2218 seru

282 2241 540 2314 arconcupissenr.
578 2237 668 2310 Quam
685 2238 789 2311 multa,
813 2256 905 2314 paene
934 2239 1042 2311 omnia,
1075 2241 1204 2303 tradidit
1225 2237 1311 2302 Varro!

326 2322 411 2394 Quod
434 2323 647 2380 instrumentum
669 2321 783 2379 dicendi
801 2320 839 2380 bt.
856 2320 950 2380 Tullio
968 2319 1083 2381 deluit?
1124 2322 1209 2397 Quid
1233 2318 1312 2406 pluat

326 2425 389 2464 oum
413 2406 497 2464 etiam
514 2403 665 2463 Cornelius
683 2402 804 2480 Celsus,
828 2405 967 2464 mediocri
987 2407 1031 2464 vir
1045 2406 1188 2485 ingenio,
1214 2428 1270 2469 nou
1282 2423 1313 2466 so

326 2491 381 2547 lum
397 2489 433 2548 de
450 2489 493 2547 bis
512 2489 640 2547 omuibus
658 2489 863 2566 conscripserit
878 2488 985 2548 artibus
1000 2488 1052 2548 sed
1074 2492 1211 2571 amplius
1227 2495 1268 2555 rei
1280 2491 1313 2550 ni

326 2574 415 2632 litaris
434 2581 463 2630 et
479 2574 603 2632 rusticae
621 2580 648 2630 et
670 2572 828 2641 medicinae
844 2580 1002 2649 praecepta
1023 2573 1205 2652 reliquerit,
1233 2578 1314 2654 dignus

326 2657 374 2715 vel
389 2660 453 2734 ipso
470 2658 636 2733 proposito,
654 2665 684 2714 ut
702 2674 765 2714 eum
781 2656 873 2714 scisse
890 2657 982 2715 omnia
999 2657 1048 2716 illa
1064 2659 1242 2720 credamus.

284 2753 318 2805 25
410 2739 447 2797 Αι
472 2741 616 2816 perlicere
641 2749 745 2798 tantum
767 2757 840 2816 opus
862 2739 995 2813 arduum,
1023 2749 1052 2799 et
1076 2760 1169 2802 nemo
1196 2743 1313 2823 perierit

328 2825 403 2883 Ante
428 2824 519 2882 omnia
542 2823 646 2881 sufficit
665 2823 700 2882 ad
724 2823 952 2882 exhortationem
973 2824 1153 2902 studiorum,
1178 2846 1287 2908 capere
1297 2823 1315 2883 il

327 2926 421 2967 rerum
437 2917 577 2980 naturam,
599 2924 670 2980 nec,
695 2907 832 2984 quidquid
850 2924 906 2965 uon
922 2907 1105 2983 estfactum,
1128 2928 1169 2969 ne
1190 2913 1257 2972 lieri
1272 2909 1314 2989 qr'r

328 2994 392 3051 dem
408 3008 510 3068 posse:
538 2999 594 3048 tum
611 2992 719 3064 omnia,
739 3008 813 3067 quae
830 3007 931 3067 magna
949 3000 1013 3057 suut
1028 3001 1118 3069 atque
1134 2994 1315 3063 admirabilia,

285 3087 440 3152 rotempus
463 3074 579 3152 aliquod
602 3091 658 3152 quo
683 3075 802 3150 primurn
822 3074 1006 3133 eiiicerentor
1027 3074 1182 3136 habuisse.
1216 3079 1317 3138 Namet

328 3162 426 3237 poesis
448 3159 483 3217 ab
505 3158 629 3216 llomero
658 3167 686 3216 et
700 3158 831 3234 Vergilio
854 3166 959 3216 tantum
985 3159 1132 3234 fastigium
1157 3165 1280 3240 accepit
1297 3165 1317 3217 et

328 3244 492 3320 eloquentia
509 3260 524 3300 a
540 3242 735 3300 Demosthene
751 3251 837 3319 atque
854 3240 1007 3301 Cicerone.
1032 3240 1172 3322 Denique
1191 3241 1317 3325 quidquid

329 3336 373 3384 est
394 3328 544 3404 optimum,
568 3335 632 3383 ante
656 3344 712 3383 non
733 3326 836 3385 iuerat.
866 3325 973 3384 Verum
994 3327 1107 3386 etiamsi
1131 3331 1201 3405 quis
1224 3343 1317 3390 sumna

329 3408 481 3487 desperet:
502 3409 594 3487 (quod
611 3428 661 3468 cur
676 3410 771 3482 iaciat,
790 3411 834 3468 cui
850 3411 1003 3486 ingenium,
1019 3410 1172 3487 valetudo,
1192 3414 1316 3480 facultas,

328 3503 538 3570 praeceptores
560 3511 615 3586 npn
638 3489 793 3571 deonanti)
816 3502 909 3552 tamen
927 3502 986 3569 est,
1009 3502 1039 3553 ut
1058 3491 1166 3554 Cicero
1185 3501 1244 3571 ait,
1267 3494 1316 3576 pul·

286 3575 424 3638 dlubrum
446 3579 478 3636 iu
500 3579 644 3637 secundis
667 3579 822 3653 tertiisque
839 3580 1013 3638 connatam.
1049 3575 1157 3656 Neque
1183 3584 1275 3657 enim,
1299 3577 1317 3635 si

329 3661 391 3736 quis
410 3659 531 3718 Achillis
553 3661 673 3734 gloriam
698 3663 725 3718 in
746 3660 832 3719 rebus
850 3660 963 3720 bellicis
980 3665 1122 3740 consequi
1140 3682 1201 3725 non
1217 3670 1315 3743 potest,

327 3744 425 3804 Aiacis
448 3751 495 3802 aut
513 3742 660 3801 Diomedis
685 3744 797 3804 laudem
819 3745 1033 3824 aspernabitur,
1057 3764 1115 3806 nec
1137 3751 1188 3828 qui
1210 3744 1316 3810 Homeri
