3184 4409
351 471 391 532 74
657 473 693 533 m.
710 483 788 532 san.
806 482 1023 544 oumummnt

350 638 407 699 lata
426 645 568 697 structura
586 645 682 714 caret,
703 657 766 698 cum
786 639 835 699 illa
850 639 971 698 rotunda
987 646 1017 698 et
1030 637 1154 716 undique
1171 638 1339 699 circumcisa

307 723 480 786 oflinsistere
502 723 623 780 invicem
643 732 794 800 nequeant.
839 723 958 783 Praeter
984 721 1040 781 hoc
1064 724 1148 781 etiam
1170 721 1256 780 color
1278 725 1338 800 ipso

349 804 462 865 dicendi
478 804 633 883 quamlibet
649 805 749 880 claris,
768 807 863 866 multis
877 815 972 865 tamen
983 824 1017 865 ac
1027 807 1114 865 variis
1125 804 1207 864 velut
1221 807 1337 865 maculis

349 890 559 968 conspergitur.
589 887 690 965 Porro,
705 899 735 948 ut
753 890 836 949 adert
852 890 946 949 lumen
957 890 1056 949 clarus
1067 906 1213 967 purpurae
1227 891 1257 947 in
1274 889 1335 949 loco

348 974 488 1032 insertos:
506 973 544 1032 ita
562 982 641 1032 certe
660 975 801 1035 neminem
817 974 921 1033 deceat
940 973 1094 1032 intertexta
1115 972 1249 1051 pluribus
1265 975 1335 1047 notis

305 1057 445 1118 29vestis.
477 1056 584 1131 Quare,
601 1056 670 1115 licet
684 1056 756 1115 haec
779 1065 809 1116 et
825 1059 917 1116 nitere
941 1066 969 1116 et
985 1056 1162 1134 aliquatenus
1179 1064 1283 1117 extare
1298 1058 1334 1114 ri·

348 1140 476 1216 deantur,
493 1148 586 1198 tamen
602 1149 630 1198 et
648 1139 750 1199 lumina
767 1141 818 1200 illa
835 1157 892 1199 non
907 1140 1035 1200 dammae
1047 1139 1100 1198 sed
1113 1138 1249 1199 scintillis
1266 1142 1348 1200 inter'

347 1223 451 1283 iunium
476 1224 660 1282 emicantibus
681 1224 782 1283 similia
806 1225 926 1292 dixeris;
949 1224 1044 1301 (quae
1066 1241 1102 1283 ne
1117 1231 1260 1301 apparent
1277 1224 1332 1302 qui·

347 1307 429 1383 dem,
454 1307 500 1366 uhi
522 1316 582 1366 tota
604 1307 681 1366 lucet
701 1309 813 1383 oratio,
835 1316 865 1367 ut
886 1308 913 1365 in
936 1307 999 1366 sole
1015 1307 1108 1366 sidera
1125 1309 1188 1384 ipsa
1205 1306 1333 1366 desinunt

348 1393 442 1471 cerni)
459 1400 498 1466 et,
517 1409 590 1467 quae
606 1390 715 1450 crebris
734 1393 888 1469 parvisque
911 1391 1059 1451 conatibus
1080 1408 1112 1449 se
1128 1389 1281 1467 attollunt,
1296 1392 1331 1450 in-

348 1474 480 1553 aequalia
496 1483 601 1532 tantum
625 1484 653 1533 et
670 1475 749 1533 velut
765 1475 940 1552 confragosa
960 1492 1015 1534 nec
1037 1473 1253 1534 admirationem
1269 1492 1331 1535 con·

304 1567 504 1635 aosequuntur
526 1560 705 1617 eminentium
729 1567 758 1617 et
779 1559 929 1637 planorum
951 1560 1071 1635 gratiam
1095 1557 1228 1636 perdunt.
1274 1558 1331 1617 Hoc

346 1658 462 1720 quoque
478 1641 599 1716 accedit,
617 1642 692 1718 quod
708 1642 786 1701 solas
808 1643 932 1721 captanti
947 1642 1102 1701 sententias
1117 1640 1220 1700 multas
1237 1641 1330 1701 dicere

345 1743 470 1783 necesse
486 1734 529 1783 est
544 1724 641 1799 leves,
656 1726 791 1802 frigidas,
807 1727 929 1804 ineptas.
966 1724 1032 1785 Non
1052 1726 1125 1784 enim
1144 1733 1245 1803 potest
1268 1743 1329 1784 esse

346 1808 487 1883 delectus,
504 1807 551 1866 ubi
565 1825 682 1867 numero
700 1806 855 1869 laboratur.
887 1808 987 1886 ltaque
1001 1808 1100 1868 videas
1117 1817 1146 1867 et
1163 1808 1330 1869 divisionem

346 1909 399 1970 pro
418 1893 558 1951 sententia
580 1894 648 1970 poni
664 1900 692 1951 et
708 1902 916 1970 argumentum
938 1895 975 1951 sit
994 1901 1087 1952 tamen
1108 1895 1137 1950 in
1158 1891 1289 1952 clausula
1306 1900 1330 1952 et

303 1984 336 2037 31
346 1975 423 2034 salse
449 1978 655 2054 pronuntietur.
702 1974 851 2038 Occidisti
873 1996 1000 2038 oaorem
1016 1978 1082 2054 ipse
1103 1976 1247 2046 adalim
1275 1995 1330 2038 aaa

341 2060 457 2138 ferrem
485 2068 529 2137 te,
554 2061 673 2121 etiamsi
694 2062 907 2138 repudiasset,
930 2061 1031 2120 divisio
1055 2069 1108 2120 est.
1160 2057 1213 2120 Vis
1239 2063 1329 2136 scire,

343 2162 489 2216 cenenum
505 2162 571 2205 ecoe
586 2146 788 2205 amatorium?
819 2143 938 2205 Viveret
956 2144 1055 2220 homo,
1075 2145 1136 2204 aiei
1147 2143 1225 2205 illud
1240 2144 1328 2206 liidie

343 2237 399 2303 cet,
417 2237 611 2304 argumentum
627 2236 680 2286 est.
717 2227 780 2287 Nec
791 2228 892 2288 multas
907 2227 1039 2306 plerique
1053 2229 1209 2287 sententias
1224 2227 1329 2302 dicunt,

302 2311 395 2372 Sised
412 2313 504 2370 omnia
518 2320 649 2389 tanquam
673 2313 839 2370 sententias.
877 2309 949 2370 Huic
971 2311 1138 2389 quibusdam
1160 2314 1330 2371 contrarium

344 2393 481 2470 studium,
505 2396 551 2472 qui
571 2394 681 2471 fugiunt
703 2413 737 2454 ac
752 2395 937 2454 reformidant
951 2412 1062 2454 omnem
1078 2394 1150 2453 hauc
1164 2396 1194 2453 in
1209 2393 1329 2454 dicendo

343 2476 531 2554 voluptatem,
546 2478 614 2538 nihil
631 2478 786 2557 probantes
802 2480 855 2538 nisi
870 2478 984 2557 planum
999 2488 1028 2538 et
1038 2478 1143 2539 humile
1158 2486 1188 2537 et
1203 2480 1267 2538 sine
1284 2495 1329 2538 co·

343 2569 418 2619 natu.
448 2560 500 2635 lta,
518 2562 583 2621 dum
597 2559 711 2636 timent,
732 2581 767 2620 ne
785 2562 937 2641 aliquando
954 2561 1070 2637 cadant,
1091 2579 1207 2640 semper
1225 2563 1329 2623 iacent.

344 2641 428 2716 Quod
446 2646 519 2702 enim
534 2653 640 2704 tantum
662 2647 690 2704 iu
711 2649 851 2707 sententia
868 2645 943 2705 hona
960 2648 1067 2705 crimen
1084 2642 1148 2704 est?
1176 2644 1243 2704 Non
1266 2664 1330 2706 cau·

343 2744 393 2784 sae
409 2725 550 2804 prodest?
566 2745 622 2786 non
636 2729 757 2788 iudicem
771 2727 889 2789 movet?
906 2746 963 2789 non
974 2729 1115 2789 dicentem
1130 2725 1330 2789 commendati

300 2810 400 2872 33Sed
412 2819 455 2868 est
471 2811 611 2887 quoddam
628 2830 729 2888 genus,
746 2830 802 2890 quo
815 2822 931 2872 veteres
943 2829 1000 2871 non
1010 2812 1169 2872 utebantur.
1192 2811 1237 2871 Ad
1249 2831 1330 2891 quam

343 2912 434 2971 usque
459 2912 512 2952 nos
538 2897 649 2953 vocatis
678 2894 870 2955 vetustatem?
908 2896 978 2957 Nam
1004 2899 1028 2955 si
1054 2897 1132 2956 illam
1158 2905 1327 2956 extremam:

342 2978 429 3038 multa
443 2977 671 3055 Demosthenes,
688 2997 760 3057 quae
776 2989 841 3040 ante
856 2998 920 3040 eum
933 2997 1027 3039 nemo.
1066 2979 1216 3053 Quomodo
1232 2989 1332 3058 potest

282 3093 284 3097 ·
342 3061 468 3138 probare
488 3060 674 3138 Ciceronem,
698 3065 745 3141 qui
764 3063 834 3123 nihil
854 3072 934 3142 putet
956 3082 994 3122 ex
1010 3061 1119 3122 Catone
1134 3063 1330 3141 Gracchisque

342 3143 522 3205 mutandum?
561 3146 618 3205 Sed
641 3155 705 3205 aute
726 3146 779 3205 hos
805 3147 962 3225 simplicior
981 3146 1072 3206 adhuc
1096 3148 1168 3205 ratio
1195 3146 1331 3225 loquendi

300 3227 404 3289 tatuit.
437 3229 501 3305 Ego
516 3247 588 3289 vero
606 3230 678 3289 haec
696 3230 797 3289 lumina
818 3232 954 3290 orationis
974 3231 1054 3289 velut
1074 3230 1175 3289 oculos
1192 3232 1330 3309 quosdam

343 3328 409 3369 esse
426 3314 606 3390 eloquentiae
622 3314 720 3373 credo.
750 3313 808 3373 Sed
825 3333 919 3393 neque
934 3314 1036 3374 oculos
1049 3332 1115 3373 esse
1129 3323 1191 3373 toto
1205 3331 1330 3392 corpore

342 3395 443 3470 velim,
464 3415 500 3455 ne
522 3407 620 3456 cetera
634 3396 759 3455 membra
780 3397 905 3457 officium
922 3417 1001 3457 suurn
1018 3398 1154 3475 perdant;
1171 3407 1217 3474 et,
1240 3400 1266 3457 si
1280 3416 1328 3458 ue·

335 3495 428 3537 cesse
447 3480 494 3553 sit,
509 3490 637 3539 veterem
654 3480 732 3539 illurn
747 3479 897 3540 horrorem
909 3482 1021 3541 dicendi
1037 3482 1131 3541 malim
1149 3499 1232 3559 quam
1247 3484 1330 3543 istam

342 3579 444 3620 novam
465 3561 615 3622 licentiam.
658 3564 715 3623 Sed
736 3572 816 3642 patet
840 3565 932 3624 media
953 3564 1092 3643 quaedam
1109 3567 1176 3640 via,
1202 3565 1280 3626 ¹siout
1301 3567 1329 3624 in

344 3645 422 3704 cultu
441 3646 577 3722 victuque
597 3650 721 3707 accessit
742 3648 845 3724 aliquis
859 3648 942 3708 'citra
962 3648 1218 3725 reprehensionem
1242 3651 1327 3709 nitor.

343 3727 453 3807 Quare,
475 3730 549 3788 sicut
566 3740 733 3809 possumus,
754 3732 917 3792 adiiciamus
933 3731 1091 3792 virtutihus.
1139 3732 1220 3794 Prius
1234 3742 1329 3795 tantm
