3184 4409
547 447 980 541 msn.oanron.'n1s.x1,1.
1201 463 1260 525 201

266 628 334 689 lutis
354 635 430 685 stare
454 626 516 703 ipsa
537 643 594 684 non
609 628 710 704 possit.
740 627 901 686 Assecutus
915 631 1011 707 itaque
1027 640 1087 705 est,
1110 640 1140 690 ut
1156 632 1263 710 aliquid

266 731 368 772 eorum
388 728 503 788 quoque
525 728 610 769 causa
630 711 776 770 videretur
798 711 912 786 lacere,
936 722 1035 771 contra
1054 732 1125 790 quos
1141 716 1260 776 diceret.

265 796 340 857 lllud
357 797 440 854 etiarn
457 796 484 853 in
503 795 574 853 iocis
589 794 699 869 monui,
721 812 804 871 quarn
824 798 914 873 turpis
938 805 1017 854 esset
1037 798 1168 857 fortunae
1187 802 1304 866 inse-86

266 882 365 954 ctatio,
380 887 409 937 et
425 895 461 937 ne
472 879 500 936 in
512 887 589 936 totos
601 878 716 937 ordines
732 888 780 938 aut
790 889 893 955 gentes
906 888 953 938 aut
968 880 1092 958 populos
1107 883 1262 959 petulantia

265 967 434 1024 incurreret.
459 961 516 1029 Sed
527 964 638 1021 interim
654 962 724 1022 tides
740 965 891 1040 [iatrocinii
903 966 982 1040 cogit
997 966 1137 1042 quaedam
1151 965 1186 1025 de
1202 971 1261 1026 uni·

263 1064 352 1106 verso
364 1064 473 1123 genere
486 1044 645 1122 aliquorum
655 1046 798 1105 homiuum
814 1047 922 1122 dicere,
938 1047 1134 1108 libertinorum
1149 1050 1196 1108 vel
1212 1052 1261 1109 mi·

264 1133 345 1191 litum
355 1130 403 1189 vel
416 1129 631 1208 publicanorum
647 1129 696 1189 vel
706 1130 837 1190 similiter
851 1131 979 1190 aliorum.
1010 1131 1040 1190 ln
1056 1133 1158 1209 quibus
1175 1135 1261 1192 omni·
1269 1143 1303 1198 87

263 1215 319 1274 bus
333 1231 479 1273 commuue
493 1214 649 1273 remedium
664 1223 719 1288 est,
735 1218 821 1288 ntea,
840 1233 913 1292 quae
925 1215 1049 1290 laedunt,
1067 1234 1123 1274 non
1139 1216 1262 1276 libenter

265 1307 390 1358 tractare
405 1297 542 1366 videaris;
558 1316 613 1356 nec
628 1300 656 1356 in
667 1299 758 1356 ornnia
770 1299 904 1376 impetum
916 1299 1005 1358 iacias
1021 1300 1073 1359 sed
1088 1301 1167 1375 inid,
1184 1300 1261 1378 quod

265 1382 484 1458 expugnandum
499 1390 556 1447 est:
585 1390 613 1440 et
625 1382 840 1460 reprehendens
855 1383 910 1442 alia
925 1379 1009 1442 laude
1024 1400 1211 1461 compenses:
1238 1386 1303 1448 sias

265 1465 387 1543 cupidos
404 1466 509 1524 milites
527 1465 622 1540 dicas,
645 1466 698 1525 sed
718 1483 775 1524 non
789 1469 903 1541 mirum,
925 1467 1002 1544 quod
1019 1468 1211 1546 periculorum
1227 1486 1262 1527 ac

264 1549 412 1625 sanguinis
433 1550 540 1608 maiora
565 1549 618 1608 sibi
640 1550 740 1608 deberi
760 1553 886 1627 praemia
907 1560 1020 1629 putent;
1047 1552 1165 1611 eosdem
1180 1562 1261 1629 petu-

264 1635 371 1707 lantes,
387 1632 439 1692 sed
451 1632 507 1691 boc
519 1633 591 1708 lieri,
609 1634 685 1710 quod
699 1633 783 1693 bellis
797 1637 887 1710 magis
900 1653 983 1712 quarn
996 1637 1061 1712 paci
1072 1638 1260 1695 assueverint.

264 1717 416 1777 Libertinis
432 1716 607 1776 detrahenda
619 1727 663 1776 est
678 1720 847 1786 auctoritas;
864 1718 931 1776 licet
946 1721 980 1777 iis
996 1721 1185 1779 testimonium
1198 1720 1261 1779 red·

265 1800 337 1859 dere
362 1801 533 1876 industriae,
555 1819 608 1878 per
630 1819 712 1878 quarn
731 1803 853 1861 exierint
872 1802 908 1861 de
930 1805 1077 1862 servitute.
1122 1803 1205 1876 Quod
1226 1803 1260 1863 ad
1269 1813 1303 1867 89

265 1887 397 1943 nationes
414 1893 529 1943 exteras
544 1887 684 1962 pertinet,
704 1883 808 1944 Cicero
826 1888 922 1944 varie:
946 1887 1125 1946 detracturus
1144 1887 1261 1946 Graecis

264 1968 387 2027 testibus
411 1968 495 2026 iidem
518 1967 673 2028 doctrinam
692 1970 726 2026 iis
745 1969 877 2028 concedit
896 1987 930 2028 ac
946 1970 1070 2045 litteras,
1093 1988 1184 2047 seque
1201 1974 1262 2030 eius

266 2053 361 2128 gentis
377 2061 533 2110 amatorem
548 2070 614 2110 esse
632 2052 796 2129 profitetur,
817 2052 924 2112 Sardos
941 2056 1106 2128 contemnit,
1124 2053 1261 2112 Allobro-

265 2154 319 2212 gas
343 2144 374 2194 ιιι
394 2135 494 2194 hostes
511 2137 680 2202 insectatum
703 2152 822 2213 quorum
841 2136 909 2194 nihil
923 2145 1006 2212 tunc,
1030 2155 1093 2196 curn
1108 2139 1261 2210 diceretur,

266 2237 367 2298 parum
382 2228 476 2297 aptum
493 2228 540 2277 aut
554 2228 693 2278 remotum
708 2237 776 2279 cura
792 2220 906 2279 decoris
922 2220 982 2279 luit.
1004 2221 1166 2279 Verborum
1178 2223 1305 2284 etianoo

267 2304 465 2363 moderatione
481 2302 590 2361 detrahi
606 2303 699 2377 solet,
723 2305 746 2361 si
761 2322 816 2381 qua
831 2313 876 2363 est
892 2306 934 2362 rei
949 2305 1068 2364 invidia:
1089 2305 1113 2362 si
1130 2322 1264 2382 asperum
1302 2319 1304 2324 ·

267 2389 347 2448 dicas
369 2388 491 2446 nimiam
507 2405 661 2462 secernrn,
683 2388 814 2446 iniustum
828 2384 1120 2465 percunctantum,
1138 2391 1263 2466 pertina-

268 2489 331 2529 cem
347 2472 428 2531 nitra
442 2471 562 2530 modam
576 2479 712 2532 tenacem
729 2489 795 2532 esse
810 2474 956 2550 propositi
962 2495 975 2540 ,·
1002 2473 1170 2550 plerumque
1185 2472 1264 2531 velut

268 2556 348 2632 ipsos
367 2555 480 2612 coneris
496 2556 606 2616 ratione
622 2557 751 2632 vincere,
768 2558 844 2635 quod
860 2566 904 2616 est
918 2556 1123 2615 mollissimum.

352 2637 522 2701 lndecorum
538 2651 582 2700 est
599 2641 773 2719 superhaec
789 2659 872 2700 omne
892 2642 1019 2715 nimium,
1040 2640 1165 2717 ideoque
1180 2641 1303 2699 etiam9l

267 2725 344 2806 quod
357 2736 455 2786 natura
471 2728 513 2784 rei
526 2727 595 2784 satis
608 2735 702 2804 aptum
717 2734 771 2799 est,
787 2726 842 2784 nisi
853 2724 938 2784 modo
951 2740 1066 2802 qnoque
1078 2732 1262 2801 temperatur,

269 2813 388 2887 gratiam
409 2809 510 2888 perdit.
549 2807 636 2869 Cuius
661 2811 704 2868 rei
720 2809 885 2868 observatio
907 2809 1012 2867 iudicio
1034 2809 1125 2883 magis
1141 2807 1264 2885 quodam

270 2895 368 2953 sentiri
393 2912 476 2972 quarn
500 2895 663 2972 praeceptis
687 2893 760 2952 tradi
785 2901 898 2971 potest:
926 2901 1059 2968 quantum
1084 2891 1154 2950 satis
1176 2892 1212 2948 sit
1236 2897 1265 2947 et

271 2986 404 3055 quantum
425 2979 565 3056 recipiant
587 2996 681 3037 aures.
714 2975 779 3034 Non
800 2975 887 3036 habet
907 2975 980 3035 baec
995 2993 1043 3034 res
1060 2991 1220 3033 mensuram
1236 2980 1265 3031 et

271 3062 352 3137 quasi
370 3063 491 3138 pondus,
508 3064 573 3139 quia
589 3071 619 3121 ut
634 3063 662 3120 iu
678 3060 749 3120 cibis
764 3060 820 3119 alia
838 3060 901 3120 aliis
918 3061 1008 3136 magis
1024 3057 1179 3135 complent.

353 3143 550 3204 adiiciendum
573 3148 656 3204 etiam
678 3143 806 3204 breviter
826 3144 955 3217 videtur,
978 3141 1054 3219 quod
1074 3141 1137 3200 fere
1153 3139 1265 3200 dicendi
1272 3148 1307 3202 92

270 3228 390 3285 virtutes
407 3229 618 3288 diversissimae
638 3244 695 3286 non
711 3227 804 3287 solum
827 3244 895 3285 suos
912 3235 1055 3286 amatores
1075 3224 1199 3283 habeant
1214 3223 1266 3283 sed

272 3310 307 3369 ab
324 3311 433 3370 eisdem
454 3330 544 3390 saepe
561 3312 720 3371 laudentur.
754 3311 826 3370 Nam
845 3308 949 3370 Cicero
970 3308 1093 3388 quodam
1108 3308 1174 3367 loco
1196 3309 1265 3368 scri·

271 3395 322 3467 bit,
338 3397 372 3454 ici
387 3415 453 3456 esec
468 3399 619 3472 optimam,
635 3396 730 3474 qaod,
746 3414 814 3456 cant
828 3401 857 3455 te
870 3394 963 3471 tacite
977 3393 1266 3454 credideriscom

272 3480 325 3556 qui
336 3480 517 3555 imitatione,
532 3486 592 3540 non
606 3481 714 3557 possis.
745 3478 811 3538 nttu
826 3494 913 3552 vero,
927 3490 988 3538 non
1004 3478 1039 3537 id
1052 3478 1164 3554 egisse,
1177 3478 1268 3537 atita

271 3565 399 3640 diceret,
417 3565 565 3642 quomodo
580 3583 613 3625 ce
628 3564 751 3642 quilibet
763 3581 853 3640 posse
866 3561 1033 3639 consueret
1046 3562 1105 3622 sed
1120 3560 1268 3638 quomodo

270 3665 365 3708 nomo.
407 3646 490 3720 Quod
510 3656 608 3725 potest
629 3665 756 3725 pugnare
772 3648 847 3705 inter
861 3663 894 3704 se
909 3645 1008 3705 videri.
1040 3643 1147 3704 Verum
1163 3648 1309 3726 utrum39³

272 3749 328 3810 que
349 3749 384 3791 ac
405 3732 846 3810 merito-laudatur,.causarum
867 3731 940 3790 enirn
961 3729 1047 3789 modo
1069 3729 1163 3790 distat.
1195 3725 1268 3799 Quis
