3184 4409
265 539 268 542 ,
372 463 430 524 132
681 476 1041 537 rr.aaa.onnrr1n1an1
1092 533 1094 537 ‚

369 632 437 712 editi
458 633 489 693 in
510 634 731 711 competitores,
750 633 783 692 in
803 629 837 694 L.
854 630 1005 707 Pisonem,
1032 633 1064 692 in
1086 628 1224 693 ctootnm
1245 641 1275 694 et
1296 630 1354 695 Cn-

369 719 483 801 rr'opetn
496 715 559 775 libri
572 719 809 795 vituperationem
821 719 965 776 continent
980 724 1114 775 ettamen
1128 717 1156 773 in
1168 717 1274 775 Senatu
1287 717 1354 778 loco

342 799 536 862 3suntbabiti
552 803 720 861 sententiae.
750 799 852 876 Neque
875 800 978 860 infitias
996 817 1048 875 eo,
1073 799 1208 877 quasdam
1230 818 1296 859 esse
1319 820 1357 860 ex

369 883 425 942 boc
443 902 552 960 genere
566 887 698 944 materias
716 885 751 943 ad
770 883 861 942 solam
878 885 1051 961 compositas
1068 885 1304 960 ostentationem,
1326 895 1356 944 ut

368 967 467 1027 laudes
489 965 606 1027 deorum
627 970 826 1048 virorumque,
854 984 926 1044 quos
947 969 1043 1046 priora
1069 976 1199 1044 tempora
1220 967 1354 1028 tulerunt.

369 1049 433 1123 Quo
449 1051 570 1112 solvitur
588 1053 717 1128 quaestio
736 1069 823 1128 supra
836 1059 973 1126 tractata,
992 1052 1227 1128 manifestumque
1248 1060 1293 1110 est
1311 1071 1356 1110 er·

368 1151 433 1193 rare
455 1152 524 1210 eos,
545 1137 592 1213 qui
613 1152 754 1212 nunquam
774 1142 918 1193 oratorem
937 1135 1076 1193 dictarum
1096 1135 1150 1193 nisi
1172 1135 1208 1194 de
1224 1153 1257 1194 re
1272 1135 1357 1194 dubia

340 1225 549 1294 aputaverunt.
581 1219 626 1277 Αιι
641 1218 740 1279 laudes
757 1215 910 1295 Capitolini
925 1216 1018 1291 lovis,
1041 1226 1180 1296 perpetua
1199 1221 1275 1278 sacri
1293 1238 1355 1278 cer-

368 1304 478 1360 taminis
493 1304 621 1377 materia,
638 1302 688 1362 vel
703 1301 805 1361 dubiae
821 1311 885 1360 eunt
901 1301 950 1360 vel
963 1319 1021 1360 non
1038 1303 1164 1361 oratorio
1176 1320 1286 1378 genere
1299 1311 1356 1362 tra·

369 1383 500 1446 ctantur?
706 1435 729 1442 ,.
1074 1407 1076 1410 ’

450 1468 490 1528 tta
505 1469 649 1529 desiderat
664 1478 757 1528 autem
772 1469 853 1544 laus,
870 1470 1082 1546 quae'negotiis
1097 1467 1263 1545 adhibetur,
1289 1488 1357 1547 pro·

368 1550 528 1612 bationem:
551 1556 593 1612 sic
607 1555 691 1612 etiam
706 1552 765 1626 illa,
780 1570 854 1630 quae
870 1554 1053 1610 ostentationi
1065 1556 1254 1630 componitur,
1270 1553 1358 1612 babet

340 1638 480 1696 tinterim
495 1637 618 1714 aliquam
633 1638 761 1714 speciem
775 1635 966 1713 probationis;
982 1644 1012 1694 nt
1028 1638 1076 1713 qui
1093 1635 1241 1696 Romulum
1258 1635 1357 1702 Martis

369 1720 456 1778 filiurn
469 1719 674 1797 educatumque
688 1738 703 1779 a
716 1721 783 1798 lupa
801 1719 893 1794 dicat,
912 1721 939 1777 in
952 1728 1145 1794 argumentum
1159 1718 1297 1778 coelestis
1311 1738 1356 1778 or-

368 1812 412 1862 tus
429 1811 523 1862 utatur
538 1803 592 1878 bis,
611 1803 686 1880 quod
698 1803 827 1863 abiectus
844 1803 872 1861 in
889 1800 1077 1880 profluentem
1094 1820 1150 1864 non
1162 1804 1287 1882 potuerit
1306 1822 1356 1862 ex-

368 1887 469 1962 tingui,
493 1886 569 1964 quod
594 1889 686 1946 omnia
709 1889 752 1946 sic
774 1887 883 1965 egerit,
906 1894 936 1944 ut
959 1887 1084 1961 genitum
1107 1887 1239 1965 praeside
1261 1887 1355 1946 bello·

368 1988 429 2028 rum
452 1971 507 2029 deo
529 1971 697 2030 incredibile
719 1987 776 2030 noa
797 1978 895 2045 esset,
918 1970 994 2047 quod
1016 1972 1108 2048 ipsum
1131 1988 1245 2048 quoque
1269 1971 1355 2030 coelo

340 2062 518 2131 treceptum
544 2055 680 2132 temporis
706 2057 766 2114 eins
789 2055 918 2115 homines
941 2070 998 2112 nou
1018 2053 1216 2113 dubitaverint.
1261 2053 1355 2127 Quae·

368 2138 512 2197 damvero
532 2140 655 2198 etiamin
670 2139 845 2198 detensionis
866 2138 993 2216 speciem
1012 2137 1124 2211 cadent,
1144 2146 1175 2196 nt
1187 2139 1212 2197 si
1224 2139 1252 2196 in
1272 2138 1355 2198 laude

367 2221 500 2282 Herculis
522 2232 710 2300 permutatum
732 2241 795 2282 cunr
816 2225 915 2299 regina
937 2220 1044 2297 Lydiae
1062 2220 1188 2280 habitum
1215 2230 1244 2280 et
1267 2222 1355 2300 impe-

369 2315 441 2380 rata,
464 2314 494 2364 ut
515 2306 643 2381 traditur,
666 2325 756 2384 pensa
775 2317 873 2366 orator
891 2313 1022 2366 excuset.
1056 2303 1115 2364 Sed
1131 2307 1278 2384 proprium
1296 2306 1355 2364 lau·

368 2390 411 2449 dis
434 2398 478 2448 est
500 2407 547 2447 res
570 2389 807 2467 amplificare
829 2399 858 2459 et
880 2407 1021 2449 ornare.

448 2471 532 2554 Quae
562 2474 679 2532 materia
705 2475 863 2551 praecipue
890 2473 1003 2551 quidem
1027 2473 1055 2531 in
1075 2471 1148 2533 deos
1173 2480 1202 2530 et
1226 2471 1356 2530 homines

368 2554 458 2629 cadit,
483 2565 637 2615 esttamen
655 2564 684 2614 et
700 2556 820 2616 aliorum
837 2557 995 2616 animalium
1013 2557 1096 2616 etiarn
1120 2557 1276 2614 carentium
1298 2556 1355 2614 ani·

340 2647 421 2702 lma.
454 2637 560 2711 Verum
583 2640 709 2699 iudeis
732 2641 910 2715 generaliter
930 2642 1048 2718 primurn
1070 2641 1249 2699 maiestatem
1266 2640 1355 2716 ipsius

368 2738 467 2779 eornm
489 2732 606 2781 naturae
629 2723 844 2800 venerabimur,
869 2724 972 2784 deinde
995 2726 1112 2803 proprie
1132 2725 1190 2783 vim
1217 2723 1356 2799 oniasque

338 2814 397 2867 Set
421 2806 551 2881 inventa,
582 2823 655 2883 quae
682 2807 752 2865 utile
780 2807 886 2886 aliquid
914 2807 1072 2867 bominibus
1101 2807 1257 2867 attulerint.
1303 2805 1357 2863 Vis

368 2889 541 2965 ostenditur,
565 2899 595 2948 ut
616 2892 643 2948 in
659 2889 729 2950 love
747 2892 939 2968 regendorum
962 2893 1094 2966 omnium,
1116 2892 1145 2948 in
1160 2889 1251 2949 Marte
1272 2887 1355 2962 belli,

366 2973 394 3030 in
415 2971 548 3051 Neptuno
570 2976 669 3042 maris;
690 2975 819 3050 inventa,
841 2985 872 3035 ut
888 2976 989 3036 artium
1004 2976 1031 3033 r'n
1046 2974 1189 3049 Minerva,
1210 2972 1357 3032 lllercurio

367 3056 535 3133 litterarum,
554 3058 713 3117 medicinae
723 3058 877 3136 Apolline,
892 3056 1005 3118 Cerere
1021 3058 1147 3136 frugum,
1164 3056 1269 3116 Libero
1286 3057 1354 3115 vini.

366 3138 436 3198 Tum
460 3141 484 3199 si
507 3159 561 3219 qua
582 3141 617 3202 ab
639 3141 683 3200 bis
705 3152 768 3201 acta
790 3152 919 3203 vetustas
938 3142 1069 3217 tradidit,
1097 3140 1354 3201 commemoranda.

353 3222 481 3284 Addunt
501 3227 586 3285 etiam
608 3226 661 3285 diis
678 3225 817 3284 bonorem
832 3234 978 3306 parentes,
1000 3235 1031 3285 ιιι
1048 3226 1151 3304 siquis
1168 3225 1205 3282 eit
1221 3224 1296 3282 lilius
1311 3223 1355 3282 lo·

366 3308 425 3375 vis:
449 3308 526 3368 addit
546 3310 715 3386 antiquitas,
738 3318 769 3368 ut
782 3310 842 3384 bis,
866 3310 999 3386 quisunt
1021 3328 1059 3369 ex
1081 3307 1175 3375 Chao:
1199 3308 1356 3385 progenies

335 3399 499 3468 ltquoque,
520 3402 550 3451 ut
574 3392 683 3470 Apollo
706 3411 740 3452 ac
761 3393 853 3453 Diana
873 3393 1010 3453 Latonae.
1043 3391 1223 3452 Laudandnm
1245 3393 1273 3450 in
1296 3392 1355 3468 qui·

254 3552 256 3558 y
364 3472 501 3550 busdam,
525 3477 601 3553 quod
623 3477 712 3553 geniti
729 3476 916 3552 immortales,
938 3476 1121 3554 quibusdam,
1145 3475 1222 3553 qnod
1243 3476 1355 3533 immor-

365 3557 504 3638 talitatem
533 3561 637 3618 virtute
656 3561 714 3619 sint
735 3561 898 3627 consecuti;
928 3561 1005 3638 quod
1024 3561 1123 3638 pietas
1145 3560 1283 3638 principis
1306 3574 1355 3616 no-

366 3643 418 3700 stri
440 3644 632 3720 praesentium
656 3660 771 3721 qnoque
792 3652 951 3721 temporum
973 3644 1061 3703 decus
1082 3642 1162 3702 iecit.

324 3736 360 3787 to
448 3725 542 3825 Magis
566 3735 610 3786 est
631 3728 710 3786 varia
727 3727 790 3787 laus
806 3728 998 3787 bominum.
1032 3726 1103 3786 Nara
1119 3728 1240 3804 primum
1258 3722 1356 3784 dividi-
