3184 4409
342 483 382 544 76
438 457 441 463 ⁵
648 489 1015 553 u.ran.ou1nr1n1uu1

341 649 433 724 derit,
456 648 485 708 in
498 648 555 709 boc
570 667 634 708 eum
650 649 692 707 ire
708 643 872 727 patiemur?
898 647 1006 707 aridum
1022 656 1108 727 atque
1132 647 1255 707 ieiunum
1273 665 1330 708 non

341 735 449 794 alamus
466 742 495 792 et
513 741 592 792 certe
610 750 673 791 eum
688 733 770 810 quasi
785 728 963 791 vestiemus?
993 731 1065 790 Nam
1080 733 1105 789 si
1120 732 1262 810 quaedam
1280 733 1329 792 de·

341 817 457 876 trahere
477 817 673 876 necessarium
689 824 751 890 est,
777 833 828 878 cur
850 833 907 874 non
929 817 965 874 sit
988 815 1115 874 adiicere
1137 813 1330 875 eoncessum?

299 913 333 965 10
341 900 443 979 Neque
466 917 522 977 ego
547 909 645 958 contra
667 908 794 958 naturam
816 917 923 977 pugno.
957 899 1021 957 Nou
1042 899 1116 958 enim
1138 899 1332 959 deserendum

341 986 370 1045 id
383 985 503 1059 bonum,
526 983 550 1042 si
572 984 649 1062 quod
665 984 820 1060 ingenitum
836 992 896 1057 est,
920 984 1069 1058 existimo,
1084 983 1146 1042 xsed
1169 982 1332 1060 augendum

300 1068 558 1146 lladdendumque
584 1068 661 1146 quod
682 1074 788 1126 cessat.
823 1067 868 1125 An
889 1084 960 1126 vero
978 1067 1152 1126 clarissimus
1173 1068 1224 1126 ille
1246 1085 1330 1145 prae-

342 1161 444 1230 ceptor
463 1153 628 1226 lsoorates,
647 1169 732 1229 quem
752 1167 810 1208 non
832 1153 921 1228 magis
937 1150 1002 1210 libri
1024 1150 1225 1210 benedixisse
1246 1169 1331 1230 quarn

342 1236 474 1314 discipuli
498 1236 574 1294 bene
600 1236 735 1295 docuisse
761 1243 918 1308 testantur,
946 1253 1009 1293 oum
1034 1235 1070 1295 de
1097 1233 1217 1312 Ephoro
1243 1244 1330 1313 atque

321 1330 323 1332 ’
341 1318 529 1398 Theopompo
546 1319 588 1377 sic
604 1320 759 1393 iudicaret,
784 1327 814 1377 ut
829 1321 920 1380 attera·
933 1320 1032 1398 frenis
1046 1319 1138 1379 alteri
1153 1321 1331 1379 calcaribus

340 1422 416 1482 opus
430 1424 496 1465 ecce
510 1404 638 1478 diceret,
662 1411 710 1461 aut
730 1402 758 1460 iu
779 1402 830 1462 illo
847 1403 970 1462 lentiore
988 1403 1150 1462 tarditatem
1172 1411 1219 1461 aut
1236 1404 1264 1461 in
1276 1402 1329 1463 illo

340 1505 434 1565 paene
455 1487 605 1566 praecipiti
628 1486 847 1546 concitationem
869 1488 1053 1547 adiuvandam
1072 1486 1206 1546 docendo
1229 1487 1329 1546 existi·

341 1573 442 1646 mavit,
462 1590 524 1632 cum
540 1569 660 1629 alterum
676 1570 793 1629 alterius
813 1580 912 1631 natura
927 1570 1103 1630 miscendum
1121 1567 1330 1630 arbitraretur?

300 1657 332 1709 12
341 1654 495 1714 Imbecillis
505 1663 606 1725 vtamen
627 1655 747 1730 ingeniis
768 1672 838 1714 sane
854 1656 896 1714 sio
913 1655 1129 1733 obsequendum
1147 1655 1202 1730 sit,
1222 1664 1253 1713 ut
1268 1663 1329 1713 tan-

340 1748 397 1798 tum
413 1740 440 1797 in
455 1739 500 1813 id,
524 1754 581 1816 quo
599 1746 686 1798 vocat
701 1747 817 1813 natura,
840 1739 987 1799 ducantur.
1017 1739 1059 1798 lta
1075 1740 1166 1813 euim,
1189 1738 1266 1817 quod
1281 1756 1328 1796 so-

340 1822 397 1881 lum
422 1831 560 1900 possunt,
586 1822 688 1881 melius
715 1822 852 1881 efficient.
889 1825 920 1882 Si
942 1840 1013 1882 vero
1039 1823 1189 1883 liberalior
1209 1822 1330 1881 materia

315 1944 317 1948 -
342 1907 494 1982 contigerit
510 1907 581 1966 etin
597 1925 652 1984 qua
668 1907 770 1966 merito
791 1907 827 1966 ad
842 1925 925 1985 spem
940 1910 1064 1967 oratoris
1079 1909 1166 1967 simus
1182 1907 1329 1984 aggressi,

299 1998 332 2052 13
340 1989 417 2049 nulla
435 1991 548 2050 dicendi
563 1992 653 2050 virtus
671 1990 827 2051 omittenda
846 2001 900 2051 est.
937 1992 1008 2051 Nam
1024 1992 1094 2053 licet
1110 1992 1147 2050 sit
1161 1991 1284 2069 aliquam
1302 1993 1331 2048 in

341 2083 451 2152 partem
465 2075 597 2153 pronior,
614 2083 644 2134 ut
660 2094 784 2134 necesse
800 2085 861 2150 est,
879 2077 985 2136 ceteris
1001 2085 1167 2137 tamennon
1184 2092 1329 2152 repugna·

340 2158 397 2233 bit,
415 2168 500 2237 atque
518 2178 551 2219 ea
571 2176 638 2219 eura
652 2161 732 2238 paria
747 2159 836 2219 faciet
851 2160 901 2235 iis,
918 2163 945 2219 in
961 2160 1063 2239 quibus
1079 2158 1236 2225 eminebat;
1254 2160 1330 2217 sieut

342 2244 391 2302 ille
413 2244 464 2321 (ne
488 2243 643 2302 abeodem
663 2244 799 2322 exemplo
819 2245 1005 2323 recedamus)
1028 2242 1186 2304 exercendi
1203 2259 1329 2320 corpora

339 2329 465 2403 peritus,
481 2344 554 2402 non,
577 2328 601 2384 si
617 2328 777 2389 docendum
795 2331 1008 2407 pancratiasten
1027 2327 1206 2405 susceperit,
1230 2343 1329 2404 pugno

340 2412 427 2469 ferire
444 2410 492 2469 vel
514 2411 597 2470 calce
613 2420 719 2471 tantum
735 2421 782 2470 aut
801 2430 892 2471 nexus
913 2413 999 2473 modo
1016 2400 1102 2491 atque
1118 2413 1145 2469 in
1168 2410 1212 2470 his
1228 2419 1329 2470 certos

340 2493 451 2571 aliquos
468 2494 598 2568 docebit,
621 2496 673 2555 sed
690 2497 783 2554 omnia
799 2513 874 2574 quae
892 2505 957 2556 sunt
969 2497 1036 2556 eius
1060 2495 1232 2555 certaminis.
1265 2493 1329 2553 Erit

340 2578 386 2655 qui
402 2596 438 2635 ex
454 2576 497 2635 his
514 2576 608 2655 aliqua
625 2596 681 2637 non
696 2580 803 2656 possit:
819 2580 847 2637 in
861 2579 888 2639 id
903 2581 1025 2641 maxime
1038 2580 1114 2659 quod
1130 2580 1238 2657 poterit
1250 2596 1327 2638 oom-

300 2670 437 2737 14ponet.
468 2659 539 2719 Nam
555 2670 619 2720 sunt
642 2662 714 2722 baec
731 2663 786 2722 duo
807 2663 922 2724 vitanda
943 2682 1079 2743 prorsus:
1102 2680 1238 2723 unumne
1256 2671 1327 2722 tem·

339 2753 404 2822 ptes
427 2745 504 2822 quod
529 2745 605 2804 ellici
626 2763 683 2804 non
703 2749 812 2825 possit,
837 2748 958 2808 alterum
977 2767 1014 2808 ne
1031 2748 1066 2807 ab
1088 2764 1142 2822 eo,
1165 2747 1243 2826 quod
1262 2747 1326 2824 quis

339 2829 445 2906 optime
467 2829 553 2903 iacit,
576 2831 603 2887 in
623 2830 716 2904 aliud,
741 2831 776 2891 ad
799 2832 986 2910 quodminus
1008 2840 1053 2892 est
1072 2831 1209 2906 idoneus,
1234 2839 1326 2890 trans·

337 2912 424 2971 feras.
463 2913 501 2970 m
524 2915 548 2972 si
570 2914 656 2973 luerit
677 2917 725 2991 qul
746 2916 898 2976 docebitur
919 2917 986 2992 ille,
1010 2934 1096 2995 quem
1119 2915 1325 2975 adolescentes

337 3014 436 3054 senem
455 2998 592 3074 vidimus,
621 2999 818 3059 Nicostratus:
848 3000 977 3059 omnibus
1000 3002 1028 3059 in
1055 3018 1091 3059 eo
1114 2999 1238 3059 docendi
1259 3015 1325 3077 par·

254 3116 257 3123 ,
336 3079 410 3138 tibus
429 3081 560 3141 similiter
573 3091 689 3157 utetur,
709 3083 876 3162 efficietque
896 3085 991 3160 illum,
1012 3084 1104 3162 qualis
1127 3083 1174 3142 bic
1191 3083 1259 3157 luit,
1283 3083 1325 3142 lu·

338 3164 439 3222 ctando
459 3168 686 3244 pugnandoque,
706 3185 826 3245 quorum
840 3178 962 3246 utroque
977 3170 1133 3229 certamine
1150 3166 1252 3226 iisdem
1264 3167 1325 3226 die·

294 3245 388 3314 15bus
412 3250 618 3326 coronabatur,
647 3252 790 3311 invictum.
829 3252 867 3312 Et
896 3262 1002 3331 quanto
1026 3254 1055 3313 id
1080 3252 1171 3329 magis
1200 3251 1325 3310 oratoris

335 3330 421 3389 futuri
441 3336 577 3409 magistro
600 3335 806 3413 providendum
831 3334 906 3396 erit?
940 3336 1005 3396 Non
1025 3337 1099 3396 enim
1121 3335 1192 3395 satis
1214 3343 1260 3394 est
1283 3335 1324 3394 di·

337 3433 404 3474 cere
433 3435 535 3494 presse
557 3429 739 3488 tantumaut
764 3420 908 3480 subtiliter
934 3430 982 3480 aut
1004 3438 1126 3499 aspere,
1150 3436 1208 3478 non
1231 3419 1324 3495 magis

336 3516 419 3577 quam
438 3501 585 3577 phonasco
604 3505 694 3563 acutis
713 3511 819 3564 tantum
840 3514 888 3564 aut
904 3506 1005 3577 mediis
1024 3514 1072 3565 aut
1089 3502 1226 3581 gravibus
1243 3503 1323 3562 sonis

335 3593 383 3642 aut
402 3582 503 3642 borum
529 3589 613 3646 etiam
639 3589 786 3664 particulis
814 3588 973 3649 excellere.
1016 3589 1088 3649 Nam
1116 3589 1191 3646 sicut
1214 3586 1329 3647 cithara*

335 3667 373 3726 ita
390 3670 483 3728 oratio
505 3671 635 3747 perfecta
653 3688 709 3730 non
730 3681 792 3746 est,
814 3673 868 3731 nisi
887 3673 922 3732 ab
943 3676 998 3733 imo
1021 3674 1056 3733 ad
1075 3689 1212 3732 summum
1233 3669 1322 3730 omni·

328 3748 387 3808 bns
401 3755 512 3813 intenta
531 3755 628 3815 uersis
650 3758 820 3817 corrsentiat.
