3184 4409
581 468 1010 559 nosr.-d1ruuoa.u1a.1v,1.
1153 452 1163 469 ⁶
1233 481 1290 541 -161

299 656 339 722 est
352 646 489 709 difficilis
510 646 595 707 huius
609 648 653 706 rel
667 646 846 721 moderatio,
868 664 943 725 quae
964 638 1058 706 tumen
1078 649 1234 726 temperari
1253 649 1293 707 ita

297 740 412 811 potest,
437 737 472 790 ul
490 731 639 791 videamur
660 738 795 790 accurate
810 746 868 787 nou
883 729 987 790 callide
1003 731 1112 790 dicere.
1148 730 1194 789 Ex
1208 748 1292 808 prae-

299 816 390 895 ceptis
404 812 559 873 veteribus
572 822 683 889 manet,
704 830 741 872 ne
757 813 834 891 quod
851 813 980 872 insolens
995 813 1131 889 verbum,
1154 833 1190 872 ne
1206 814 1292 874 auda·

299 900 355 959 dus
369 895 562 973 translatum,
585 915 622 956 ne
643 905 691 957 aut
705 895 741 956 ab
760 895 892 955 obsoleta
909 906 1052 956 vetustate
1067 906 1114 956 aut
1129 899 1244 975 poetica
1260 898 1292 957 li-

298 982 392 1042 eentia
406 988 555 1058 sumptum
569 981 599 1039 in
614 981 756 1059 principio
778 979 1020 1058 deprehendatur.
1067 979 1198 1040 Nondum
1220 983 1335 1048 enimse

299 1064 414 1143 recepti
435 1080 552 1140 sumus,
575 1072 606 1123 et
626 1063 751 1123 custodit
772 1080 826 1122 nos
848 1080 952 1122 recens
970 1065 1143 1124 audientium
1158 1065 1292 1130 inteutlo;

297 1148 387 1227 magis
403 1145 569 1208 conciliatis
585 1147 684 1207 animis
700 1155 729 1205 et
744 1147 800 1205 ianr
816 1146 975 1205 calentibus
991 1147 1064 1206 haec
1082 1146 1200 1206 libertas
1215 1147 1292 1206 iere·

295 1242 348 1308 tur,
366 1230 556 1310 maximeque
572 1248 635 1290 cum
649 1231 678 1289 in
693 1229 776 1289 locos
795 1229 931 1289 fuerimus
946 1231 1087 1307 ingressi,
1110 1248 1230 1309 qnorum
1245 1248 1293 1289 na·

298 1314 396 1377 taralis
421 1312 543 1374 ubertas
566 1313 711 1374 licentiam
731 1311 814 1373 verbi
829 1315 922 1373 notari
937 1313 1110 1373 circumfuso
1126 1316 1220 1373 nitore
1235 1331 1293 1372 non

298 1400 413 1479 patitur.
454 1396 520 1457 Nec
540 1399 714 1474 argumentis
736 1406 830 1456 autem
847 1415 903 1455 nec
924 1397 997 1456 locis
1017 1416 1072 1456 nec
1087 1392 1240 1457 narrationi
1256 1398 1292 1455 si·
1300 1412 1335 1465 fio

298 1482 370 1542 milis
390 1498 465 1541 esse
484 1481 514 1539 in
535 1482 686 1560 prooemio
711 1480 799 1541 debet
814 1482 924 1556 oratio,
947 1498 1040 1558 neque
1061 1490 1155 1540 tamen
1170 1479 1293 1539 deducta

299 1582 414 1645 semper
431 1573 522 1644 atque
545 1565 712 1625 circumlata
733 1564 785 1623 sed
806 1581 896 1641 saepe
919 1564 1042 1643 simplici
1057 1573 1143 1643 atque
1158 1563 1292 1623 illabora-

297 1658 344 1709 tae
355 1647 480 1723 similis,
502 1665 558 1708 neo
577 1646 675 1707 verbis
690 1648 828 1725 vultuque
843 1647 927 1707 nimia
945 1650 1123 1726 promittens.
1156 1648 1293 1707 Dissimu-

299 1732 353 1793 lata
367 1732 448 1793 enim
464 1741 504 1807 et,
519 1740 551 1791 ut
565 1731 669 1792 Graeci
682 1731 788 1805 dicunt,
806 1722 982 1805 ἆνεπίφατος
998 1733 1072 1791 actio
1088 1731 1190 1791 melius
1203 1748 1293 1809 saepe

302 1817 445 1895 surrepit·
471 1815 530 1875 Sed
547 1816 621 1876 haec
636 1823 722 1893 prout
738 1815 854 1874 formari
870 1814 989 1874 animum
1006 1816 1129 1875 iudicum
1146 1816 1292 1893 expediet.

302 1898 421 1960 'lurhari
443 1901 584 1960 memoria
603 1899 653 1958 vel
680 1898 861 1958 continuandi
891 1898 982 1958 verha
1010 1898 1149 1959 facultate
1178 1899 1334 1959 destituidl

301 2000 440 2063 nosquam
454 1984 583 2060 turpius,
605 2001 669 2042 cum
691 1983 824 2042 vitiosum
841 1984 1024 2060 prooemium
1038 1984 1132 2061 possit
1145 1983 1237 2042 videri
1255 1984 1294 2041 oi-

302 2070 443 2128 mtrlcosa
461 2066 569 2143 iacies,
592 2075 622 2125 et
642 2067 783 2145 pessimus
807 2074 889 2124 certe
904 2065 1094 2142 gubernator,
1118 2067 1293 2145 quinarem,

302 2150 467 2231 dunportu
490 2150 653 2227 egreditur,
676 2151 805 2228 impegit.
842 2147 944 2208 llodus
967 2150 1098 2227 principii
1120 2166 1172 2228 pro
1196 2157 1336 2210 causati

301 2232 365 2295 liam
379 2233 505 2295 brevius
520 2233 684 2312 simplices,
708 2234 822 2310 lougius
844 2233 1006 2311 perplexae
1027 2241 1241 2311 suspectaeque
1265 2240 1295 2289 et

301 2317 423 2379 mures
438 2317 614 2377 desiderant.
653 2316 776 2378 Rideudi
798 2333 888 2393 vero,
912 2317 959 2395 qui
981 2317 1062 2376 velut
1076 2317 1173 2393 legem
1188 2332 1293 2394 prooe-

299 2402 356 2461 miis
372 2400 511 2462 omnibus
528 2400 683 2476 dederuut,
706 2410 737 2461 ut
751 2402 824 2461 iutra
839 2408 974 2478 quattuor
992 2418 1095 2459 sensus
1110 2402 1294 2460 terminaren-

299 2492 348 2545 tur.
385 2483 455 2544 Neo
475 2484 566 2543 minus
592 2485 724 2545 evitanda
746 2492 791 2544 est
814 2484 966 2545 immodica
986 2486 1048 2544 eins
1068 2485 1235 2562 longitudo,
1257 2502 1295 2542 ne

299 2568 433 2647 incaput
451 2568 620 2628 excrevisse
632 2569 779 2644 videatur,
805 2577 834 2628 et
857 2584 914 2646 quo
930 2587 1106 2647 praeparare
1129 2568 1217 2629 dehet
1232 2566 1294 2626 iati-

299 2661 352 2727 get.
387 2652 563 2712 Sermonem
578 2670 594 2710 a
609 2670 735 2731 persona
752 2652 852 2711 iudicis
869 2669 1017 2728 aversum,
1035 2670 1109 2731 quae
1126 2640 1296 2730 ἀποστροφὴ
1303 2655 1338 2711 63

299 2734 421 2811 dicitur,
449 2735 563 2813 quidam
584 2737 612 2794 in
632 2744 722 2795 toturn
742 2737 924 2814 aprooemio
945 2745 1139 2811 summovent,
1160 2732 1296 2796 nonnulla

299 2819 416 2897 quidem
439 2819 469 2877 ln
490 2818 564 2878 hanc
580 2821 799 2898 persuasionem
821 2820 932 2879 ratione
950 2820 1036 2879 ducti.
1083 2819 1155 2880 Nam
1176 2834 1296 2899 prorsus

299 2902 446 2963 essehoc
470 2904 561 2979 magis
581 2904 736 2963 secundum
751 2912 880 2964 naturam
903 2903 1094 2963 confitendum
1110 2911 1171 2980 est,
1195 2910 1225 2961 ut
1243 2918 1295 2960 eos

298 2984 484 3064 alloquamur
509 2987 704 3065 potissimum,
730 3004 804 3066 quos
840 2988 997 3047 conciliare
1023 2987 1106 3047 uobis
1138 2986 1295 3046 studemus.

246 3098 248 3113 ι
296 3066 417 3130 interim
432 3078 526 3129 tamen
541 3078 571 3129 et
586 3080 633 3130 est
645 3072 798 3150 prooemio
813 3072 996 3131 necessarius
1016 3088 1118 3130 sensus
1136 3069 1250 3147 aliquis,
1267 3074 1342 3133 etot

297 3151 343 3212 hic
364 3153 468 3213 acrior
492 3153 522 3213 dt
544 3162 632 3232 atque
645 3153 846 3215 vehementior
859 3155 895 3214 ad
910 3171 1064 3233 personam
1081 3154 1207 3213 directus
1223 3150 1294 3210 alte-

296 3238 365 3296 rius.
407 3235 493 3310 Quod
510 3238 535 3296 si
552 3237 679 3313 accidat,
703 3255 761 3317 quo
784 3239 849 3314 iure
863 3247 912 3298 aut
927 3256 983 3316 qua
998 3246 1075 3297 tanta
1091 3236 1296 3314 superstitione

295 3318 487 3398 prohibemur
501 3321 571 3382 dare
593 3322 736 3400 perhanc
753 3322 872 3398 liguram
888 3323 1048 3381 sententiae
1063 3317 1163 3379 vires?
1193 3318 1297 3398 Neque
1305 3327 1338 3381 65

297 3407 374 3463 enim
391 3404 467 3463 istud
483 3406 642 3483 scriptores
658 3405 785 3480 Artium,
809 3407 947 3483 quianon
964 3405 1069 3479 liceat,
1087 3403 1141 3463 sed
1157 3402 1223 3484 quia
1240 3420 1296 3461 non

297 3495 403 3567 putent
418 3488 505 3562 utile,
530 3498 638 3548 vetant.
674 3488 717 3549 lta
734 3491 759 3549 si
773 3490 871 3549 vincet
886 3489 1009 3564 utilitas,
1031 3498 1152 3567 propter
1173 3488 1294 3547 eundem

298 3588 417 3631 causam
433 3570 531 3630 iacere
548 3572 732 3647 debebimus,
755 3582 877 3651 propter
898 3589 981 3649 quern
1003 3580 1141 3632 vetamur.
1179 3571 1216 3631 Et
1237 3570 1337 3631 De=66

295 3654 467 3714 mosthenes
483 3663 576 3714 autem
592 3656 628 3723 ad
644 3655 810 3715 Aeschinen
831 3657 988 3716 orationem
1010 3657 1038 3715 in
1054 3656 1205 3734 prooemio
1228 3667 1295 3713 oon·

298 3738 405 3811 vertit,
429 3746 458 3795 et
472 3736 509 3796 ll.
527 3737 654 3816 Tullius,
676 3756 741 3799 cum
761 3756 816 3819 pro
838 3739 901 3799 aliis
919 3738 1104 3817 quibusdam,
1129 3738 1164 3797 ed
1179 3753 1252 3822 quos
1268 3736 1295 3795 ei

340 3842 372 3880 ιι.
383 3842 406 3878 u.
420 3834 536 3893 quinum.
1095 3822 1136 3885 hh
