3184 4409
344 446 404 508 too
650 459 687 506 ur.
708 448 786 506 rauss
809 446 1048 518 ouruummur'

316 613 516 693 eexplioabit3
543 620 572 672 at
590 612 614 672 si
631 611 704 672 iuris
723 612 935 673 anfractus'aut
950 606 1111 672 ‘eruendae
1134 612 1272 674 veritatis
1285 613 1327 674 tre

344 699 412 758 bras
426 697 506 757 adire
519 705 655 774 cogetur:
670 713 727 757 non
743 693 922 773 obequitabit
935 710 992 753 uec
1006 693 1069 753 illis
1086 694 1279 758 vibrantibus
1289 712 1328 757 oar

345 782 498 859 citatisque
514 781 663 841 sententiis
677 780 758 840 velut
773 776 929 839 missilibus
944 786 1058 855 utetur,
1086 780 1146 841 sed
1174 781 1329 861 operibat

316 866 483 931 4cuuiculis
511 874 540 926 et
563 864 672 924 insidiis
699 873 729 925 et
753 862 877 923 occultis
906 860 1014 922 artibus
1039 880 1110 924 rem
1134 874 1241 943 geret.
1280 864 1329 939 01

345 950 438 1009 omnia
458 966 516 1008 nou
536 948 601 1009 dum
620 948 688 1008 liunt
708 947 874 1023 laudantur,
903 946 959 1007 sed·
978 956 1043 1006 cum
1065 947 1154 1011 lacta
1171 958 1260 1018 suut;
1285 946 1329 1009 nb

344 1035 429 1092 etiam
458 1033 648 1112 cupidissimis
678 1032 822 1111 opinionis
841 1028 907 1109 plus
926 1029 1038 1091 fructus
1060 1034 1163 1092 venit.
1205 1033 1279 1095 llam
1295 1046 1330 1093 t!

343 1117 393 1176 illa
411 1117 524 1177 dicendi
538 1117 642 1175 vitiosa
654 1117 769 1176 iactatio
784 1117 860 1174 iuter
876 1114 1029 1194 plausores
1043 1128 1127 1175 suos
1139 1116 1295 1178 detonuit:
1306 1130 1330 1175 r

344 1203 435 1277 surgit
456 1218 547 1260 verae
568 1201 680 1259 virtutis
701 1200 806 1259 fortior
824 1198 917 1274 lama,
944 1214 1000 1257 uec
1018 1198 1159 1281 ludices,
1193 1218 1287 1282 aquo
1301 1200 1332 1259 ἡ

343 1286 428 1361 moti,
445 1283 639 1358 dissimulant,
663 1291 692 1343 et
709 1283 802 1343 doctis
818 1282 960 1357 creditur,
981 1298 1038 1342 nec
1057 1292 1109 1343 est
1126 1287 1333 1346 orationisrrn

316 1369 417 1443 olaus,
436 1365 491 1427 ni'si
506 1386 570 1428 cum
586 1368 663 1427 fruita
680 1377 734 1427 est.
759 1365 918 1428 Veteribus
933 1365 1162 1444 quidem'etiam
1176 1368 1334 1430 dtssmutn

345 1452 538 1530 eloquentiam
560 1452 613 1511 luit
632 1453 738 1527 moris,
763 1451 852 1530 idque
871 1448 911 1510 ll.
932 1448 1076 1510 Antonius
1099 1454 1277 1534 praecipit,
1299 1464 1335 1531 q!

344 1535 410 1614 plus
432 1535 592 1596 dicentibus
613 1535 679 1596 tidei
697 1537 848 1613 minusque
870 1534 1274 1612 suspectaeadrocatorum
1292 1534 1336 1597 irr'e

345 1620 409 1679 diae
424 1619 530 1679 forent.
558 1619 617 1679 Sed
631 1620 681 1679 illa
696 1618 878 1694 dissimulari,
895 1633 969 1697 quae
983 1626 1139 1696 tum'erat,
1160 1624 1277 1704 potuim
1290 1614 1336 1681 ror

346 1703 411 1762 dum
433 1704 509 1762 enim
531 1711 637 1763 tantum
661 1703 775 1763 dicendi
791 1702 893 1763 lumen
914 1710 1104 1779 accesserat,
1132 1713 1180 1764 ut·
1196 1708 1286 1767 etiam
1303 1716 1338 1783 μ

346 1785 489 1846 obstantia
505 1796 680 1865 erumperet.
717 1786 815 1860 Quare
829 1795 913 1847 artes
923 1785 1037 1864 quidem
1053 1794 1087 1846 et
1102 1788 1239 1851 consilia
1255 1790 1338 1851 latet!

346 1877 375 1928 et
396 1870 550 1948 quidquid,
574 1873 599 1929 si
621 1870 864 1949 deprehenditur,
887 1870 972 1950 perit
1007 1868 1165 1931 Hactenus
1191 1870 1339 1955 eloquenti

317 1962 491 2018 decoratum
514 1953 610 2014 babet.
640 1953 805 2015 Verborum
824 1953 939 2033 quidem
961 1953 1114 2031 delectus,
1137 1959 1279 2033 grauitas
1293 1970 1339 2017 a*

344 2039 512 2114 tertiarum,
540 2039 693 2116 figurarum
719 2038 865 2116 elegantia
889 2046 938 2099 aut
957 2047 1105 2110 noussuut
1127 2050 1185 2101 aut
1207 2044 1338 2122 apparet

344 2122 404 2182 Sed
419 2131 541 2201 propter
555 2123 612 2182 boc
626 2125 719 2201 ipsum
735 2121 913 2184 ostendenda
929 2138 986 2182 nou
999 2130 1076 2199 sunt,
1096 2124 1184 2202 quod
1201 2128 1338 2206 apparet.

345 2223 380 2265 ac
395 2207 419 2265 si
434 2224 518 2265 unum
540 2208 576 2266 sit
598 2225 635 2266 ex
652 2205 763 2266 duobus
781 2207 961 2285 eligendum:
984 2222 1072 2266 causa
1095 2208 1205 2286 p'otius
1228 2209 1338 2271 laudet!

345 2308 429 2368 quam
446 2299 594 2368 patronus.
625 2290 725 2355 Finem
740 2300 836 2351 tamen
850 2289 926 2350 bunc
940 2289 1103 2369 praestabit
1119 2302 1248 2370 orator,
1272 2290 1338 2353 utri

346 2375 447 2433 deatur
471 2376 606 2453 optimam
630 2391 746 2435 causam
771 2376 879 2454 optime
903 2376 1011 2452 egisse.
1044 2373 1121 2436 lllud
1148 2386 1270 2438 oe'rtum
1291 2375 1338 2445 eri,

346 2460 488 2518 nemiuem
510 2460 593 2538 peius
615 2477 705 2535 agere
732 2477 817 2538 quam
838 2461 886 2538 qui
914 2459 1088 2538 displicente
1119 2476 1218 2523 cauea
1244 2460 1339 2541 placet:

317 2552 334 2608 t
346 2561 470 2601 necesse
493 2552 538 2602 est
560 2544 634 2602 enim
657 2553 738 2603 extra
762 2560 877 2603 causam
898 2543 950 2619 sit,
971 2541 1049 2622 quod
1066 2542 1184 2621 placet
1221 2544 1286 2606 Nec
1301 2541 1339 2603 itt

346 2626 460 2685 fastidio
477 2625 618 2686 laborabit
635 2637 734 2687 orator
748 2644 806 2686 uou
821 2627 926 2705 agendi
941 2644 1044 2686 causas
1057 2628 1207 2706 minores,
1224 2639 1340 2707 nuqua·
1358 2678 1359 2689 ,

345 2709 419 2768 inira
437 2727 500 2768 eum
517 2712 572 2770 sint
587 2719 635 2771 aut
652 2711 817 2772 detractura
832 2713 869 2771 sit
884 2712 1011 2790 opinioni
1026 2711 1118 2771 miuus
1137 2711 1280 2775 liberalis
1297 2726 1341 2771 nt·
1358 2710 1359 2715 ’

346 2793 429 2852 teria.
474 2793 546 2853 Nam
564 2803 592 2853 et
610 2795 785 2874 suscipiendi
803 2797 877 2855 ratio
900 2796 1054 2855 iustissima
1079 2803 1125 2855 est
1148 2797 1342 2873 officiumst

346 2875 500 2954 optandum
521 2880 622 2954 etiam,
652 2888 682 2938 ut
702 2880 786 2939 amici
809 2880 1042 2958 qua'm'minimas
1058 2877 1128 2939 lites
1151 2879 1298 2949 babeaut;
1321 2884 1342 2937 ct

347 2960 459 3020 abunde
477 2961 546 3022 dixit
561 2962 653 3038 bene,
676 2964 807 3041 quisquis
822 2965 866 3024 rei
883 2963 1042 3024 satisfecit.¹

318 3053 335 3107 8
430 3044 469 3104 At
484 3047 614 3123 quidam,
637 3048 748 3106 etiamsi
764 3047 842 3108 forte
859 3056 1053 3126 susceperuut
1070 3049 1199 3125 negotis
1215 3049 1303 3130 paulo
1316 3043 1342 3106 al

347 3128 498 3188 dicendum
521 3132 670 3207 tenuiora,
699 3133 891 3192 extrinsecus·
903 3131 1034 3193 adductis
1056 3149 1092 3192 ea
1113 3132 1211 3193 rebus
1233 3134 1342 3194 circa*

347 3211 447 3272 liniunt
464 3231 515 3289 ac,
531 3216 556 3273 si
572 3215 734 3275 defecerint
749 3215 822 3292 alia,
845 3216 984 3276 conuiciis
1001 3215 1123 3294 impleut
1134 3234 1236 3278 vacua
1253 3230 1342 3279 muse

345 3314 420 3363 rum;
443 3299 467 3355 si
484 3300 640 3376 contingit,
659 3301 756 3367 veris;
782 3301 930 3377 siminus,
952 3300 1042 3368 lictis;
1064 3300 1159 3361 modo.
1178 3304 1220 3362 sit
1234 3299 1342 3365 materia

345 3380 454 3455 ingenii
469 3392 671 3462 mereaturque
688 3385 844 3443 clamorem
860 3384 926 3444 duro
942 3385 1054 3445 dicitur.
1087 3383 1178 3458 Quod
1198 3403 1258 3464 eqo
1279 3383 1341 3446 adeo

346 3462 434 3540 longe
449 3475 518 3542 puto
541 3465 576 3526 ab
595 3476 712 3527 oratore
726 3468 877 3547 perlecto,
900 3477 931 3528 ut
945 3485 1010 3527 eum
1025 3486 1061 3528 ne
1075 3485 1148 3528 vera
1166 3470 1287 3549 quidam
1301 3465 1340 3528 ob

317 3547 501 3622 9iecturum,
518 3552 571 3608 nisi
588 3552 616 3611 id
633 3569 719 3611 causa
735 3553 836 3629 exigit,
855 3552 980 3612 credam.
1012 3551 1056 3612 Ea
1070 3561 1119 3612 est
1134 3556 1217 3615 cuim
1232 3560 1340 3634 promit

346 3633 477 3707 canino,
501 3641 531 3691 ut
546 3635 585 3692 ait
600 3634 729 3713 Appius,
746 3634 930 3714 eloquentia,
947 3637 1126 3714 cognituram
1141 3639 1223 3700 male
1239 3632 1338 3699 disard

345 3713 458 3784 subire;
491 3717 567 3796 quod
587 3719 757 3780 iacientibus
779 3722 865 3781 etiam
886 3721 961 3782 male
983 3720 1117 3782 audiendi
1133 3718 1338 3801 praesumit
