3184 4409
620 744 1036 856 n.nonotmmnn

332 920 875 1039 institutionis
913 915 1225 1032 ttnttttt

523 1209 808 1274 VICTORIUM
826 1204 1132 1269 MARCELLUM

705 1330 853 1395 LIBRI
874 1329 953 1393 XII.

748 1577 866 1627 LIBER
889 1578 910 1630 l.

331 1674 408 1725 Libro
425 1673 508 1740 primo
525 1675 588 1723 haec
607 1675 775 1724 continentur:
804 1676 972 1726 Prooemium.
1010 1671 1225 1731 Quemadmodum

366 1744 489 1793 elementa
511 1744 634 1793 tradenda
657 1745 714 1793 sint.
754 1745 846 1795 Utilius
865 1745 933 1794 domi
954 1758 986 1792 an
1007 1744 1034 1791 in
1052 1740 1147 1790 scholis
1170 1741 1225 1789 erut

367 1810 535 1870 Qua’ratione
549 1813 575 1860 in
593 1814 679 1877 parvis
698 1815 800 1878 ingenia
816 1814 995 1878 dignoscantur
1011 1819 1035 1860 et
1051 1825 1100 1872 qua
1117 1811 1225 1858 tractant

364 1881 402 1930 De
419 1883 590 1946 grammatice.
622 1880 659 1931 De
673 1882 758 1932 officio
775 1883 942 1947 grammatici.
973 1883 1013 1929 An
1030 1879 1123 1930 oratori
1141 1879 1224 1927 futuro

367 1951 433 1999 saria
456 1951 489 2000 sit
511 1951 623 2016 plurium
647 1953 738 2001 artium
761 1952 875 2003 scientia.
913 1953 949 2001 De
972 1951 1077 2000 musice.
1117 1948 1155 1997 De
1177 1962 1225 2012 geo

366 2019 404 2068 De
418 2021 500 2085 prima
517 2020 729 2084 pronuntiationis
746 2027 771 2069 et
787 2022 874 2085 gestus
893 2021 1058 2070 institutione.
1090 2017 1130 2066 An
1148 2017 1223 2082 plura

365 2095 478 2154 ternpore
496 2089 581 2140 doceri
599 2091 681 2154 prima
699 2095 768 2139 aetas
785 2090 878 2155 possit.

653 2213 1001 2278 PROOEMIUM.

421 2303 498 2394 Post
516 2337 692 2413 impetratam
711 2334 812 2393 studiis
826 2336 897 2392 meis
911 2335 1052 2411 quietem,
1069 2347 1142 2408 quae
1159 2347 1214 2408 per

333 2433 422 2479 annos
443 2417 607 2477 erudiendis
628 2417 778 2476 iuvenibus
801 2418 1012 2496 impenderam,
1038 2434 1101 2475 cum
1121 2432 1225 2489 amet

333 2501 511 2562 familiariter
533 2500 729 2580 postularent,
749 2510 780 2560 ut
801 2501 907 2579 aliquid
927 2501 964 2561 de
985 2503 1096 2561 ratione
1118 2498 1221 2559 dicend

332 2603 485 2664 ponerem:
498 2585 555 2668 diu
570 2603 631 2644 sum
645 2585 779 2664 equidem
793 2585 964 2661 reluctatus,
982 2585 1058 2664 quod
1073 2592 1208 2643 auctores
1223 2603 1225 2606 ’

332 2687 388 2748 que
407 2669 521 2746 linguae
547 2666 723 2729 clarissimos
738 2687 795 2728 non
815 2669 982 2747 ignorabam
997 2669 1102 2742 multa,
1123 2685 1196 2744 quae
1218 2685 1225 2724 t

332 2770 406 2832 opus
421 2755 618 2832 pertinerent,
641 2754 861 2830 diligentissime
883 2757 991 2832 scripta
1005 2753 1139 2831 ,posteris
1159 2751 1225 2809 reli(

299 2853 316 2905 2
332 2837 391 2898 Sed
413 2855 469 2916 qna
485 2855 542 2914 ego
560 2857 597 2897 ex
619 2855 706 2898 causa
726 2838 887 2898 faciliorem
907 2839 974 2897 milri
988 2839 1100 2896 veniam
1120 2853 1202 2894 meae
1222 2861 1225 2886 ι

332 2923 453 2982 cationis
469 2921 628 2983 arbitrabar
646 2923 726 2998 iore,
746 2923 801 2981 hac
818 2922 1048 2982 accendebantur
1063 2920 1105 2979 illi
1120 2920 1225 2995 magis,

331 3007 405 3064 inter
427 3006 556 3065 diversas
576 3009 727 3084 opiniones
748 3009 876 3083 priorum
895 3015 924 3066 et
943 3005 1079 3084 quasdam
1095 3005 1180 3062 etiam
1199 3005 1225 3060 in

334 3093 492 3150 contrarias
512 3089 638 3151 difficilis
659 3099 739 3149 esset
757 3090 879 3158 electio;
904 3099 934 3149 nt
953 3090 1020 3150 milri
1043 3091 1068 3147 si
1088 3105 1146 3146 non
1165 3089 1225 3145 inve

333 3191 407 3233 nova
423 3185 451 3235 at
472 3183 552 3235 certe
568 3175 708 3235 iudicandi
730 3175 765 3235 de
785 3175 934 3234 veteribus
951 3176 1100 3251 iniungere
1121 3170 1222 3230 labore

299 3261 436 3327 ainiuste
460 3259 636 3319 viderentur.
682 3258 819 3332 Quamvis
844 3269 938 3318 antem
962 3276 1020 3317 non
1045 3267 1102 3317 tana
1126 3274 1172 3314 me
1196 3256 1225 3312 vi

333 3344 513 3420 praestandi,
541 3343 618 3420 quod
638 3342 827 3419 exigebatur,
855 3343 957 3402 lidnoia
984 3360 1067 3420 quam
1092 3338 1216 3415 negandi

332 3425 450 3487 cundia:
474 3428 558 3487 latius
582 3446 614 3486 se
637 3436 731 3486 tamen
749 3429 900 3504 aperiente
919 3429 1038 3486 materia
1055 3425 1120 3502 plus
1137 3441 1220 3501 quam

330 3510 452 3570 nebatur
470 3513 567 3570 oneris
590 3520 693 3588 sponte
715 3513 847 3588 suscepi;
870 3512 957 3583 ‘simul
978 3520 1009 3569 ut
1031 3510 1163 3589 pleniore
1184 3505 1222 3565 ob

332 3595 498 3655 demererer
518 3597 725 3654 amantissimos
751 3597 823 3667 mei,
852 3595 935 3654 simul
959 3613 996 3653 ne
1018 3594 1168 3669 vulgarem
1189 3593 1225 3648 vit

299 3687 317 3741 4
332 3697 451 3757 gressus
466 3681 567 3740 alienis
583 3679 694 3738 demum
708 3680 840 3754 vestigiis
855 3681 1027 3739 insisterem.
1058 3677 1129 3736 Nam
1148 3684 1225 3735 ceter
