3184 4409
339 438 398 500 116
646 449 1008 511 nosocomiorum

332 608 477 687 partibas
495 614 638 686 spectans
659 606 704 667 od
717 607 942 682 qaaestionem
961 614 1025 664 aut:
1049 601 1154 666 Causa
1174 613 1220 668 eet
1238 626 1329 686 nego

335 693 425 767 mam,
449 693 537 751 cuiae
553 691 624 769 finis
640 699 685 752 est
701 691 920 751 controuersia.
953 688 1051 766 lpsum
1065 688 1169 748 deinde
1184 695 1332 767 negotium

336 777 380 834 sic
394 775 468 834 linit:
490 773 647 854 Negotium
666 782 713 835 eet
729 775 1164 854 congregotioperoooaram,
1185 776 1333 853 locorum,

336 872 517 938 temporum,
539 877 722 935 caesaram,
740 859 913 932 modorum,
933 876 1077 931 eoseum,
1095 858 1266 936 saetosam,
1284 863 1333 922 io·

336 952 588 1016 stramentorum,
607 961 796 1018 sermonum,
814 944 999 1020 seriptomm
1017 949 1046 1003 et
1059 960 1119 1002 oon
1137 945 1332 1022 comptonam.

294 1034 328 1088 18
338 1025 461 1087 Causam
485 1046 560 1087 nunc
581 1027 774 1103 intelligamus
795 1018 957 1101 ὑπόθεσιν,
984 1027 1133 1114 negotium
1154 1028 1331 1107 περίστασιν.

336 1112 395 1172 Sed
416 1121 445 1170 et
460 1114 552 1189 ipsam
569 1129 684 1171 causam
700 1110 814 1188 quidam
834 1110 967 1168 similiter
988 1109 1135 1184 linierunt,
1155 1119 1188 1168 ut
1209 1110 1333 1190 Apollo·

335 1196 423 1255 dorus
439 1198 595 1272 negotium.
628 1195 774 1254 Isocrates
790 1204 884 1253 autem
902 1211 1017 1252 causam
1039 1210 1108 1252 esse
1129 1194 1168 1252 ait
1183 1197 1333 1272 qaaestio-

335 1299 403 1345 nem
426 1280 543 1358 finitam
568 1281 686 1340 ciuilem
707 1287 761 1340 aat
784 1296 888 1340 rerum
909 1279 1148 1338 controversiam
1170 1281 1203 1339 io
1222 1297 1334 1359 pereo-

334 1382 446 1425 narum
458 1364 613 1442 finitarum
624 1363 801 1441 aesopicum
817 1360 924 1421 Cicero
937 1361 981 1421 his
993 1361 1107 1421 verbis:
1124 1359 1230 1424 Cauca
1241 1366 1335 1425 certio

334 1452 491 1526 personis,
507 1449 596 1524 loeis,
617 1448 817 1526 temporibus,
836 1447 1026 1522 actionibus,
1042 1447 1170 1524 negotiis
1184 1450 1333 1524 cernitar,

336 1541 390 1593 aut
408 1534 440 1592 ia
460 1533 598 1593 omnibus
618 1540 673 1593 out
688 1533 721 1591 io
739 1531 897 1609 plerisque
916 1549 1030 1591 eoram.

656 1683 744 1743 QUlD
766 1683 827 1734 SIT
852 1681 1012 1735 STATUS.

419 1779 469 1840 Vl.
505 1779 586 1857 Ergo
609 1798 673 1840 cum
695 1782 786 1840 omnis
810 1797 897 1840 causa
920 1781 1101 1839 contineatur
1121 1780 1219 1857 aliquo
1244 1789 1333 1858 statu,

337 1866 504 1942 priusquam
519 1863 619 1924 dicere
634 1863 808 1942 aggredior,
828 1878 888 1942 quo
904 1864 990 1924 modo
1005 1881 1098 1940 genus
1115 1862 1249 1942 quodque
1265 1883 1334 1924 cau·

337 1966 388 2009 sae
411 1951 448 2008 sit
469 1949 661 2009 tractandum:
683 1948 711 2009 id
733 1949 811 2026 quod
833 1958 878 2008 est
899 1965 1049 2008 commune
1073 1947 1220 2024 omnibus,
1245 1951 1345 2026 quid,

337 2034 386 2091 sit
406 2042 524 2093 status
547 2042 576 2105 et
597 2034 691 2094 unde
710 2033 867 2093 dueatur
887 2043 918 2092 et
939 2041 1029 2110 quot
1051 2039 1081 2091 et
1100 2033 1159 2108 qui
1178 2034 1269 2108 siut,
1292 2036 1333 2092 in·

271 2167 274 2171 .
337 2117 472 2177 tuendum
492 2126 572 2196 puto.
608 2118 776 2195 Quanquam
798 2117 826 2177 id
848 2116 978 2176 nonnulli
998 2115 1033 2177 ad
1053 2115 1203 2176 iudiciales
1224 2127 1334 2177 tantum

336 2204 483 2279 pertinere
497 2205 632 2263 materias
649 2210 836 2280 putaverunt,
853 2218 974 2280 quonum
991 2200 1142 2276 inscitiam,
1160 2218 1224 2260 cum
1239 2203 1334 2261 omnia

312 2289 389 2347 utria
417 2304 526 2364 genera
553 2287 635 2346 fuero
661 2296 819 2360 executus,
846 2304 895 2345 res
918 2286 983 2364 ipsa
1003 2284 1211 2362 deprehendet.
1248 2284 1333 2358 Quod

336 2389 390 2430 nos
405 2379 517 2432 statam
533 2371 561 2431 id
581 2371 693 2448 quidam
709 2371 948 2432 constitutionem
968 2377 1091 2443 vocant,
1112 2369 1160 2428 alii
1178 2373 1333 2446 qaaestio-

335 2474 419 2529 nem,
442 2455 490 2513 alii
505 2456 586 2531 qaod
602 2473 642 2515 ea
659 2456 837 2531 quaestione
854 2461 1025 2532 appareat,
1048 2451 1219 2513 Theodorus
1241 2461 1335 2532 caput

336 2538 364 2597 iul
388 2547 433 2596 est
456 2532 618 2612 κεφάλαιον
640 2531 851 2616 γενικώτατον,
879 2539 915 2598 ad
939 2535 1017 2616 quod
1038 2536 1203 2596 referantur
1227 2539 1332 2596 omnia.

338 2621 466 2694 Quorum
482 2623 596 2681 diversa
612 2620 789 2699 appellatio,
810 2622 855 2681 vis
874 2620 975 2681 eadem
993 2630 1052 2688 est;
1074 2639 1130 2680 nec
1149 2623 1271 2680 interest
1293 2621 1333 2680 di-

338 2705 496 2778 scentium,
519 2703 622 2782 quibus
645 2704 771 2784 quidque
794 2705 954 2767 nominibus
980 2704 1162 2784 appelletur,
1190 2706 1257 2765 dum
1284 2723 1334 2764 res

313 2791 402 2868 3ipsa
416 2788 566 2847 manifesta
588 2791 634 2848 sit.
671 2790 781 2849 Statum
797 2788 901 2850 Graeci
919 2783 1022 2849 στάσιν
1042 2798 1165 2865 vocant,
1189 2789 1268 2866 quod
1282 2807 1333 2848 no-

339 2891 403 2934 men
416 2890 475 2931 non
490 2875 610 2951 primum
625 2872 660 2933 ab
677 2871 857 2950 Hermagora
873 2874 1007 2934 traditum
1022 2882 1140 2951 putant,
1163 2873 1216 2933 sed
1231 2873 1280 2932 alii
1297 2873 1334 2932 ab

336 2956 499 3032 Naucrate,
526 2956 663 3030 Isocratis
687 2957 847 3036 discipulo,
877 2957 925 3018 alii
950 2975 967 3018 a
988 2957 1105 3035 Zopyro
1130 2955 1332 3024 Clazomenio:

337 3058 498 3118 quanquam
510 3042 624 3101 videtur
635 3040 797 3101 Aeschines
811 3059 928 3120 quoque
941 3044 969 3101 in
982 3045 1112 3101 oratione
1128 3051 1228 3102 contra
1240 3039 1334 3101 Ctesi·
1356 3053 1359 3057 ·

336 3125 473 3202 phontem
487 3127 527 3184 uti
543 3125 600 3184 hoc
613 3125 716 3200 verbo,
734 3144 797 3185 cum
813 3144 829 3185 a
843 3125 984 3186 iudicibus
999 3128 1082 3204 petit,
1096 3143 1133 3184 ne
1144 3124 1336 3186 Demostheni

337 3212 501 3285 permittant
526 3212 643 3287 evagari
664 3210 720 3269 sed*
740 3229 805 3270 eum
821 3211 919 3270 dicere
936 3210 971 3271 de
990 3213 1055 3289 ipso
1072 3227 1177 3270 causae
1193 3219 1268 3269 statu
1284 3229 1334 3270 eo·

310 3301 414 3368 lgant.
456 3292 537 3365 Quae
555 3293 713 3373 appellatio
732 3295 836 3354 dicitur
856 3295 942 3354 ducta
957 3295 1006 3354 vel
1022 3313 1059 3354 ex
1075 3312 1128 3369 eo,
1150 3293 1226 3371 quod
1242 3293 1282 3353 ibi
1298 3297 1336 3353 sit

336 3378 444 3453 primus
461 3394 566 3437 causae
587 3395 779 3454 congressus,
802 3378 852 3437 vel
869 3378 945 3457 quod
961 3379 989 3438 in
1005 3379 1062 3439 hoo
1078 3396 1165 3439 causa
1182 3381 1333 3438 consistat.

337 3458 374 3519 Et
399 3461 520 3519 nominis
546 3462 659 3538 quidem
682 3462 755 3521 haec
783 3465 885 3538 origo;
908 3472 991 3522 nuno·
1009 3463 1091 3541 quid
1122 3463 1180 3522 slt.
1223 3463 1334 3522 Statum

338 3544 450 3623 quidam
477 3545 609 3604 dixerunt
628 3548 761 3623 primam
790 3565 960 3608 causarum
989 3545 1229 3624 conflictionem
1259 3564 1333 3625 quos

309 3633 419 3690 5recte
443 3629 586 3703 sensisse,
610 3647 708 3706 parum
731 3629 865 3688 elocutos
887 3641 968 3709 puto.
1005 3631 1069 3690 Non
1086 3633 1160 3690 enim
1176 3640 1222 3690 est
1242 3640 1333 3691 status

335 3716 425 3792 prima
442 3712 603 3789 conllictio,
623 3714 740 3791 fecisti,
759 3733 820 3776 ooo
837 3715 920 3792 feci;
943 3715 995 3774 sed
1010 3715 1087 3795 quod
1105 3733 1142 3773 ex
1157 3717 1249 3794 prima
1265 3732 1332 3776 con·
