3184 4409
349 435 408 500 142
647 455 689 509 ar.
707 453 784 502 ras.
804 453 1022 515 onmrrurrnr

344 604 413 668 lom
432 607 541 686 fucere
560 625 661 686 copor.
694 608 807 682 Quanto
824 609 915 686 magis
938 610 998 685 eis,
1029 607 1130 686 quibus
1152 627 1239 670 curae
1259 610 1337 672 lama

302 691 411 766 coluit,
436 692 650 751 conservandus
672 701 716 751 est
738 692 785 751 hio
807 692 886 752 velut
908 689 1049 752 ambitus?
1085 692 1181 766 Quare
1202 702 1248 768 et,
1271 713 1336 754 cum

237 781 239 785 '
345 772 486 837 Ciceroni
503 775 630 835 dabimus
649 775 814 851 cousssium,
836 784 872 836 nt
890 773 1051 838 Antonium
1065 785 1165 855 ropct,
1184 777 1337 837 ueletiam

343 867 376 919 at
397 857 585 938 Philippicas
604 860 658 949 (ita
673 862 759 919 vitam
775 859 934 938 pollicente
950 862 1003 938 eo)
1027 869 1155 935 enaret,
1177 878 1234 919 non
1254 863 1334 941 cupi·

344 943 460 1002 ditatem
475 942 547 1002 lucis
564 942 762 1020 allegabimus,
780 945 869 1020 (haec
885 946 958 1003 enim
975 946 999 1002 si
1013 943 1091 1002 valet
1106 945 1133 1001 in
1149 946 1243 1003 animo
1260 946 1334 1020 eius,

343 1025 503 1086 tacentibus
520 1043 634 1105 quoque
649 1026 732 1085 nobis
747 1028 842 1107 valet)
859 1028 921 1104 sed,
937 1036 968 1086 ut
982 1026 1160 1105 reipublicae
1175 1046 1207 1087 se
1223 1038 1334 1104 servet,

300 1113 335 1167 47
344 1109 528 1170 hortabimur.
574 1110 635 1170 llac
657 1111 698 1169 illi
722 1127 795 1188 opus
821 1119 865 1170 est
885 1113 1060 1186 occasione,
1084 1130 1120 1170 ne
1145 1129 1209 1170 eum
1236 1112 1336 1171 talium

343 1212 461 1272 precum
476 1193 592 1273 pudeat.
629 1193 666 1253 Et
684 1191 716 1253 O.
733 1191 864 1256 Caesari
881 1197 1045 1256 suadentes
1062 1210 1188 1273 requam
1210 1196 1334 1255 affirma·

265 1304 268 1310 ·
342 1277 451 1352 bimus,
475 1287 552 1338 stare
572 1279 627 1337 iam
648 1277 853 1356 rempublicam
874 1280 929 1338 nisi
950 1296 1006 1337 uuo
1022 1284 1142 1354 regent-e
1158 1295 1216 1337 non
1232 1297 1333 1356 posse.

342 1360 414 1422 Nam
430 1363 476 1440 qui
492 1362 528 1421 de
543 1380 574 1420 re
588 1362 698 1420 nefaria
714 1361 870 1437 deliberat,
887 1363 915 1422 id
930 1363 1023 1422 solum
1039 1363 1168 1439 quaerit,
1186 1363 1333 1440 quomodo

300 1450 334 1504 48
344 1463 427 1525 quam
440 1447 581 1505 minimum
597 1464 722 1523 peceare
738 1447 878 1506 videatur.
907 1445 1024 1506 Multum
1039 1445 1128 1504 relert
1144 1448 1240 1520 etiam,
1259 1465 1334 1524 quae

344 1532 380 1588 sit
394 1546 520 1607 persona
536 1530 696 1597 suadentis;
717 1531 798 1607 quia,
824 1539 954 1590 anteacta
969 1532 1026 1589 vita
1042 1531 1066 1588 si
1081 1529 1201 1589 illustris
1216 1530 1270 1589 fuit
1286 1539 1335 1589 aut

345 1613 450 1672 clarius
475 1630 566 1689 genus
592 1622 639 1672 aut
664 1622 743 1672 aetas
769 1622 817 1673 aut
842 1614 955 1673 fortuna
976 1614 1059 1673 allert
1083 1615 1333 1690 expectationem:

343 1696 551 1775 providendum
567 1706 621 1771 est,
637 1715 684 1771 ne,
701 1715 774 1774 quae
789 1697 930 1772 dicuntur,
947 1697 983 1756 ab
999 1713 1045 1770 eo,
1063 1698 1110 1774 qui
1125 1697 1204 1771 dicit,
1220 1696 1338 1756 dissen-v

343 1783 424 1840 tiant.
458 1778 497 1839 m
517 1779 561 1839 bis
584 1782 728 1840 contraria·
745 1781 968 1840 summissiorem
988 1781 1129 1858 quendam
1150 1779 1265 1839 modum
1282 1797 1334 1858 po·

344 1864 460 1923 stulant.
496 1862 567 1922 Nam
585 1865 702 1941 quaein
723 1863 786 1923 aliis
807 1864 924 1926 libertas
940 1874 1000 1939 εει,
1022 1866 1051 1923 iu
1071 1863 1134 1922 aliis
1153 1863 1268 1923 licentia
1283 1881 1334 1922 vo-

346 1956 442 2022 catur,
467 1955 495 2006 et
518 1947 688 2024 quibusdam
703 1948 809 2008 sufficit
832 1951 1004 2024 auctoritas,
1028 1947 1166 2025 quosdam
1180 1950 1255 2014 ratio
1271 1949 1334 2026 ipsa

344 2049 432 2109 aegre
448 2040 553 2091 tuetur.

303 2124 337 2178 49
428 2115 557 2193 Ideoque
583 2114 671 2195 longe
697 2116 763 2175 milri
790 2115 976 2175 difficillimae
996 2116 1128 2176 videntur
1150 2130 1334 2192 prosopo-

345 2201 498 2278 poeiae,
521 2202 549 2258 in
570 2199 671 2277 quibus
690 2200 725 2259 ad
745 2199 886 2278 reliquum
907 2201 1055 2257 suasoriae
1071 2198 1200 2258 laborem
1222 2198 1334 2256 accedit

345 2285 430 2343 etiam
445 2301 591 2361 personae
606 2284 768 2342 difficultas.
805 2282 935 2361 Namque
950 2282 1024 2341 idem
1040 2283 1110 2349 illud
1126 2280 1214 2342 aliter
1226 2278 1334 2339 Caesar

344 2367 429 2426 aliter
448 2365 552 2426 Cicero
575 2367 659 2426 aliter
680 2365 750 2425 Cato
775 2367 898 2426 suadere
922 2365 1048 2425 debebit.
1085 2364 1242 2425 Utilissima
1263 2379 1334 2423 vero

343 2449 418 2510 baec
441 2449 701 2525 exercitatio,·vel
726 2450 802 2526 quod
827 2449 949 2527 duplicis
974 2458 1019 2508 est
1043 2451 1160 2528 operis,
1186 2447 1235 2506 vel
1259 2445 1335 2525 quod

344 2535 440 2611 poetis
457 2551 574 2612 quoque
589 2541 637 2592 aut
657 2533 838 2592 historiarum
852 2533 954 2592 luturis
975 2532 1165 2612 scriptoribus
1183 2530 1334 2609 plurimum

302 2616 468 2693 sobconrert.
505 2617 612 2675 Verum
628 2625 657 2675 et
672 2616 835 2676 oratoribus
849 2618 1027 2676 necessaria.
1062 2616 1134 2676 Nam
1149 2623 1213 2675 sunt
1224 2614 1334 2673 multae

345 2719 360 2760 a
377 2699 496 2760 Graecis
512 2698 675 2777 Latinisque
692 2701 871 2778 compositae
894 2702 1058 2776 orationes,
1081 2700 1182 2778 quibus
1202 2699 1251 2757 alii
1271 2708 1333 2757 ute·

343 2793 460 2858 rentur,
481 2783 516 2843 ad
533 2801 652 2861 quorum
669 2785 867 2843 condicionem
883 2786 1028 2862 vitamque
1044 2784 1181 2863 aptanda,
1205 2799 1279 2859 quae
1293 2782 1333 2841 di-

345 2868 500 2942 cebantur,
527 2868 650 2926 luerunt.
697 2866 742 2926 An
765 2867 867 2927 eodem
882 2868 968 2927 modo
987 2869 1125 2945 cogitavit
1143 2873 1190 2926 aut
1213 2865 1335 2924 eandem

343 2968 499 3031 personam
513 2952 601 3011 induit
617 2947 737 3026 Cicero,
762 2969 826 3010 cum
840 2951 983 3010 scriberet
1000 2950 1051 3011 Gn.
1068 2950 1204 3029 Pompeio
1224 2946 1335 3007 etcum

345 3036 377 3096 Τ.
394 3035 498 3114 Ampio
521 3036 679 3103 ceterisve;
704 3053 737 3094 ac
758 3053 816 3094 nou
829 3036 1052 3113 uniuscuiusque
1068 3052 1165 3094 eornm
1179 3031 1335 3106 fortunam,

264 3128 268 3134 “
345 3121 522 3197 dignitatem,
540 3138 588 3178 res
604 3127 702 3196 gestas
720 3121 835 3179 intuitus
851 3120 984 3194 omnium,
1000 3118 1102 3196 quibus
1119 3134 1222 3176 vocem
1237 3114 1335 3190 dabat,

346 3205 431 3264 etiam
446 3205 598 3280 imaginem
620 3200 785 3281 expressit?
805 3213 836 3262 ut
856 3203 958 3262 melius
974 3204 1088 3281 quidem
1102 3201 1154 3261 sed
1168 3207 1264 3259 tamen
1279 3201 1337 3279 ipsi

302 3299 335 3354 51
346 3288 444 3348 dicere
466 3288 640 3348 viderentur.
678 3287 780 3366 Neque
801 3288 875 3347 enim
889 3287 980 3346 minus
999 3288 1103 3347 vitiosa
1119 3293 1164 3345 est
1179 3285 1289 3358 oratio,
1311 3285 1337 3342 si

345 3370 382 3431 ab
399 3370 513 3430 homine
535 3371 657 3449 quamsi
678 3370 713 3430 ab
729 3389 779 3447 re,
801 3374 847 3431 cui
869 3371 1051 3431 accomodari
1067 3370 1180 3450 debuit,
1201 3368 1335 3436 dissidot;

344 3454 471 3532 ideoque
482 3454 582 3529 Lysias
598 3457 705 3544 optime
720 3457 832 3516 videtur
846 3456 874 3513 in
886 3456 932 3530 iis,
950 3471 1023 3531 quae
1039 3453 1185 3514 scribebat
1200 3451 1336 3527 indoctis,

344 3555 480 3598 servasse
491 3541 620 3598 veritatis
634 3540 728 3599 fidem.
755 3538 909 3597 Enimvero
925 3540 1081 3617 praecipue
1094 3535 1338 3598 declamatoribus

346 3621 586 3683 considerandum
612 3633 675 3699 est,
700 3622 767 3701 quid
793 3624 896 3698 cuique
922 3640 1066 3700 personae
1091 3621 1260 3694 conveniat,
1287 3619 1337 3696 qui

344 3708 535 3787 paucissimas
551 3707 764 3767 controversias
779 3708 819 3766 ita
834 3707 929 3766 dicunt
944 3714 975 3765 ut
994 3706 1143 3781 advocati,
1165 3703 1337 3784 plerumque
