3184 4409
320 477 360 542 38
637 465 995 552 n.uaa.oumrm1am'1

319 646 404 706 simili
415 647 450 705 sit
461 643 614 705 utendum?
634 664 669 706 an
683 645 730 723 id,
746 646 781 708 do
797 664 855 726 qno
867 649 975 724 agitur,
993 649 1034 723 ei,
1053 647 1089 707 de
1105 665 1163 727 quo
1175 648 1310 727 sculptum

320 740 380 801 est,
398 729 490 793 simile
513 726 570 788 sit?
600 730 698 791 Simile
714 741 807 790 autem
828 740 858 790 et
877 733 966 791 maius
982 740 1027 790 est
1048 741 1078 790 ει
1098 751 1151 811 par
1167 740 1198 792 et
1211 735 1308 792 minus.

319 813 350 874 In
364 815 415 872 illo
431 816 544 891 priore,
567 830 602 872 an
617 816 686 873 satis
702 814 769 891 lege
785 824 897 875 cautum
913 811 968 874 siti
989 833 1040 890 an,
1063 817 1118 874 etsi
1131 833 1234 894 pamm
1249 834 1310 876 can·

319 907 378 956 tum
399 907 458 973 est,
475 898 529 957 hac
549 900 586 956 sit
606 895 761 957 utendum?
799 898 832 963 ln
852 907 975 977 utroque
991 898 1027 958 de
1041 900 1190 961 voluntate
1204 899 1309 977 legum·

319 982 429 1040 latoris.
464 982 523 1041 Sed
540 982 576 1042 de
591 999 686 1061 aequo
702 991 840 1041 tractatus
857 983 1057 1061 potentissimi.

530 1135 743 1194 ΑΜΡΗΙΒΟΙᾸΑ,
760 1137 793 1185 ΙΙ)
811 1136 871 1186 EST
889 1137 1098 1188 AMBIGUITAS.

403 1230 452 1291 lX.
482 1230 740 1308 Amphiboliae
763 1234 879 1310 species
895 1242 960 1291 sunt
975 1233 1211 1309 innumerabiles,
1229 1234 1305 1307 adeo,

318 1326 349 1376 ut
371 1315 607 1393 philosophorum
629 1314 796 1392 quibusdam
814 1315 921 1375 nullum
943 1317 1072 1376 videatur
1093 1335 1161 1377 esse
1182 1317 1305 1392 verbum,
1352 1374 1353 1385 ,

294 1401 398 1478 2quod
410 1415 466 1457 non
479 1399 560 1476 plura
572 1399 727 1477 significem
747 1417 856 1476 genera
868 1399 1017 1459 admodum
1031 1418 1132 1478 panca.
1167 1401 1226 1460 Aut
1241 1402 1306 1460 enin
1351 1430 1353 1505 p

321 1483 442 1543 vocibus
461 1483 565 1541 accidit
586 1483 748 1558 singulis
771 1492 819 1542 aut
841 1484 1061 1543 coniunctis.

403 1566 554 1641 Singula
573 1566 694 1624 afferunt
712 1584 856 1642 errorem,
876 1584 939 1626 cum
953 1567 1082 1645 pluribus
1096 1566 1185 1627 rebus
1200 1576 1249 1627 aut
1262 1566 1306 1627 bo·

319 1650 439 1710 minibus
456 1649 556 1708 eadem
573 1650 729 1727 appellatio
747 1659 791 1709 εει
812 1642 979 1728 (ὁμωνυμία
990 1651 1126 1730 dicitur),
1149 1660 1181 1710 ut
1195 1643 1305 1724 Galim,
1352 1698 1353 1713 ι

320 1752 401 1795 avem
422 1742 589 1810 augentem
613 1752 648 1793 an
670 1751 772 1792 nomen
793 1752 828 1793 an
849 1734 990 1794 fortunam
1005 1730 1137 1813 corporis
1157 1735 1305 1812 significet,

319 1821 457 1877 incertum
475 1827 530 1884 est;
558 1826 587 1876 et
606 1814 707 1893 Aion,
731 1817 913 1877 Telamonius
938 1822 973 1877 a'n
993 1817 1071 1878 Oilei
1091 1819 1176 1878 lilius.
1215 1818 1307 1879 Verba

292 1916 436 1981 aquaque
450 1901 587 1978 quaedam
600 1901 730 1961 diversos
741 1901 906 1962 intellectus
917 1901 1037 1976 babent,
1052 1911 1082 1961 ut
1097 1921 1199 1964 omna.
1233 1902 1307 1976 Quae

321 1984 489 2062 ambiguitas
506 1981 635 2063 plurimis
655 1985 746 2045 modis
762 1986 875 2046 accidit.
913 1984 995 2046 Unde
1011 1987 1073 2046 lere
1094 1986 1178 2061 lites,
1200 1986 1306 2064 praeci·

321 2087 377 2148 pne
394 2088 431 2128 ex
445 2071 637 2144 testamentis,
657 2089 719 2129 curn
736 2070 772 2129 de
788 2069 921 2129 libertate
938 2079 986 2129 aut
1001 2071 1085 2129 etiam
1099 2069 1136 2129 de
1151 2069 1307 2129 hereditate

320 2154 495 2213 contendunt
509 2156 546 2228 ii,
566 2153 667 2230 quibus
683 2155 757 2213 idem
768 2170 872 2212 nomen
887 2162 945 2220 est;
966 2161 1030 2228 aut,
1048 2152 1114 2230 quid
1126 2154 1163 2212 sit
1175 2153 1307 2230 legatum,

291 2240 473 2315 uquaeritur.
517 2237 648 2296 Alterum
669 2247 729 2311 est,
754 2240 787 2296 in‘
804 2254 860 2315 quo
883 2237 938 2297 alia
959 2237 1072 2313 integro
1092 2236 1184 2296 verbo
1206 2235 1307 2313 signiti-

319 2324 395 2380 catio
417 2331 462 2380 est
484 2321 539 2381 alia
555 2322 664 2397 diviso,
687 2330 717 2379 ut
731 2322 864 2398 ingenuo
880 2330 908 2380 et
928 2329 1147 2382 armamentum
1162 2329 1192 2379 et
1208 2318 1308 2383 amat-

317 2425 409 2473 aam,·
430 2407 545 2482 ineptae
568 2424 637 2464 sane
660 2405 866 2480 cavillationis,
891 2423 929 2464 ex
944 2422 998 2482 qua
1013 2413 1108 2463 tamen
1123 2403 1229 2463 Graeci
1247 2421 1308 2464 oon·

319 2491 475 2548 troversias
490 2490 609 2549 ducunt:
630 2488 694 2547 indo
705 2490 778 2547 enim
789 2480 926 2568 αὐλητρὶς
936 2488 986 2548 illa
997 2488 1132 2564 vulgata,
1149 2505 1213 2546 cunr
1226 2505 1308 2565 quae

318 2575 406 2645 ritur,
431 2571 535 2633 iliram
551 2574 639 2648 aulo,
659 2588 738 2649 quoe
758 2581 805 2634 ter
824 2574 986 2648 ceciderit,
1008 2591 1049 2632 cn
1061 2572 1203 2647 tibicina,
1221 2573 1309 2632 sica-

293 2656 449 2732 occ'alem't,
469 2657 578 2716 debeat
597 2657 761 2733 publicari.
804 2655 902 2715 Tertia
917 2665 962 2714 εει
982 2674 1019 2714 ex
1035 2657 1222 2732 compositis,
1243 2663 1274 2713 ut
1290 2653 1309 2712 si

320 2741 383 2817 quis
402 2757 507 2816 corpus
529 2758 608 2797 suum
625 2740 731 2798 inculto
750 2739 817 2799 loco
838 2741 906 2817 poni
926 2739 1038 2813 iubeat,
1064 2739 1198 2814 circaque
1213 2755 1309 2797 monu-

318 2832 442 2882 mentum
465 2822 580 2881 multum
605 2827 666 2899 agri
687 2823 722 2882 ab
744 2822 898 2883 heredibus
921 2825 948 2881 in
971 2822 1089 2883 tutelam
1111 2823 1255 2896 cinerum,
1285 2827 1311 2879 ut

293 2908 431 2981 ficolent,
458 2907 554 2982 leget,
579 2909 614 2965 sit
640 2907 697 2965 litis
719 2910 836 2967 occasio
858 2908 979 2968 cultam.
1017 2908 1067 2966 Sic
1086 2905 1160 2982 apud
1184 2905 1310 2965 Graecos

320 2993 493 3052 contendunt
500 2987 587 3050 Λέων
598 3000 625 3049 et
635 2989 827 3065 Πανταλέων,
840 3009 903 3051 cum
915 2993 1056 3068 scriptura
1067 2988 1152 3048 dubia
1163 2997 1225 3065 est,
1239 2988 1311 3049 bona

320 3079 412 3135 omnia
429 3073 535 3136 Λέοντι
552 3093 587 3134 an
600 3074 674 3133 bona
686 3072 885 3136 Πανταλέοντι
900 3074 1002 3133 relicta
1017 3076 1081 3132 sint.

403 3160 435 3218 ln
458 3160 668 3218 coniunctis
690 3159 755 3236 plus
776 3158 976 3235 ambiguitatis
1016 3156 1061 3216 Fit
1082 3165 1176 3216 autem
1193 3173 1249 3232 per
1269 3171 1311 3215 aa·

321 3263 383 3302 sus:
406 3253 435 3302 ut

292 3333 307 3388 t
468 3324 524 3386 Aa'o
539 3334 583 3400 te,
599 3323 756 3400 Aeacida,
773 3324 926 3386 nomam
938 3326 1061 3385 uincere
1072 3341 1171 3402 posse.

320 3410 376 3470 Per
391 3409 628 3484 collocationem,
645 3408 693 3467 ubi
708 3408 820 3468 dubium
833 3418 894 3484 est,
908 3408 974 3486 quid
984 3425 1041 3485 quo
1052 3408 1155 3466 referri
1167 3415 1311 3484 oporteat,

320 3512 354 3554 ac
375 3493 621 3569 frequentissime,
644 3511 706 3552 cum
725 3492 768 3565 id,
790 3492 867 3568 quod
881 3492 1003 3552 medium
1018 3501 1079 3566 cst,
1098 3492 1232 3568 utrinque
1248 3507 1312 3569 pos·

320 3580 357 3638 sit
372 3577 461 3651 trahi,
483 3585 513 3635 ut
539 3577 574 3636 de
591 3576 689 3635 Troilo
703 3568 868 3651 Vergilius,
888 3573 969 3637 Lora
984 3584 1088 3636 teneas
1105 3583 1208 3636 tamea
1220 3609 1261 3620 —-
1273 3606 1314 3620 -

320 3664 388 3736 Hic,
416 3670 507 3719 atrum
529 3670 626 3719 teneat
645 3669 738 3719 tamen
759 3659 837 3735 lora,
866 3677 917 3735 an,
945 3661 1072 3737 quamvis
1087 3667 1200 3733 teneat,
1221 3668 1313 3718 tamen

289 3746 461 3823 Strabutnr,
479 3745 577 3824 quaeri
593 3754 699 3823 potest.
729 3743 811 3804 Unde
828 3744 1023 3804 controversia
1037 3743 1103 3821 illa,
1128 3740 1314 3804 Testamenta

295 3876 326 3896 h-
