3184 4409
339 509 399 576 230
652 531 688 576 u.
704 529 782 576 nnn.
797 529 1016 590 Qnmrmrnnr

337 683 451 742 tundam
468 689 535 742 esse
550 693 579 743 et
600 694 668 762 apte
684 702 799 744 caesam
813 682 916 758 velim,
938 682 1022 744 aliter
1037 683 1114 743 eninr
1129 685 1239 744 multis
1255 688 1337 747 modis

337 767 386 826 liet
403 769 535 826 enormis.
570 767 640 828 Pars
655 769 717 827 eius
738 769 818 845 prior
838 766 940 826 mediis
963 766 1094 827 cruribus
1112 770 1233 845 optime
1251 772 1337 830 temni

283 860 434 926 rmnatur,
457 853 603 927 posterior
621 852 721 911 eadem
737 852 872 928 portione
895 851 978 916 altius
1000 867 1054 928 qua
1076 851 1230 912 cinctura.
1263 849 1338 915 Sinus

337 934 575 1011 decentissimus,
601 936 626 993 si
649 934 795 1013 aliquanto
816 952 903 1013 supra
923 935 1006 994 imam
1027 943 1125 1010 togam
1140 934 1255 1005 fuerim
1279 957 1338 997 nur

338 1036 421 1095 quam
437 1027 517 1076 certe
532 1020 568 1078 sit
583 1019 710 1078 inferior.
737 1018 808 1091 llle,
834 1019 882 1096 qui
899 1017 952 1077 sub
967 1017 1087 1076 humero
1109 1017 1224 1078 dextro
1247 1021 1286 1081 ad
1310 1023 1338 1080 sl·

337 1104 455 1160 nistrum
477 1102 595 1181 oblique
621 1103 732 1161 ducitur
755 1101 836 1160 velut
853 1101 983 1176 balteus,
1009 1119 1065 1160 nec
1091 1103 1268 1178 strangulet
1293 1123 1340 1165 nco

338 1185 415 1244 lluat.
453 1184 523 1244 Pars
538 1196 641 1262 togae,
665 1203 739 1263 quae
756 1194 859 1263 postea
874 1185 1041 1263 imponitur,
1058 1185 1094 1243 sit
1111 1185 1260 1255 inferior3
1285 1208 1340 1248 nan

338 1271 377 1327 ita
401 1277 430 1326 et
451 1268 534 1328 sedet
554 1270 655 1329 melius
679 1279 707 1328 et
731 1271 901 1328 continetur,
939 1267 1130 1328 Subducenda
1160 1272 1256 1330 etiam
1280 1289 1342 1352 pars

337 1353 433 1430 aliqua
448 1354 576 1428 tunicae,
599 1371 634 1411 ne
650 1353 686 1412 ad
701 1353 839 1412 lacertum
854 1353 882 1411 in
897 1361 962 1412 actu
979 1351 1096 1419 redeat;
1118 1360 1182 1411 turn
1206 1356 1292 1415 sinus
1307 1358 1341 1414 in·

336 1436 476 1496 iiclendus
493 1436 628 1511 humero,
646 1439 725 1495 cuins
742 1445 901 1496 extremam
915 1452 994 1495 oram
1010 1436 1156 1494 reiecisse
1174 1454 1238 1497 non
1254 1440 1342 1501 dede·

280 1523 328 1577 141
339 1529 393 1578 cet.
435 1517 548 1598 Operiri
571 1531 665 1580 autern
686 1520 833 1580 humerum
854 1537 918 1579 cunr
937 1528 999 1579 toto
1014 1519 1116 1595 iugulo
1130 1536 1195 1578 non
1212 1532 1341 1601 oportet,

337 1603 445 1680 alioqui
460 1605 578 1663 amictus
595 1605 643 1664 liet
659 1613 807 1681 angustus,
823 1611 852 1662 ct
867 1603 1048 1681 dignitatem,
1065 1620 1141 1680 quae
1166 1615 1217 1664 est
1235 1608 1265 1665 in
1282 1607 1342 1666 lati·

338 1686 435 1746 tudine
449 1689 596 1764 pectoris,
619 1688 732 1766 perdet.
765 1687 914 1747 Sinistrum
934 1685 1081 1746 brachium
1098 1703 1135 1745 eo
1153 1706 1255 1767 usqne
1273 1691 1342 1750 alle·

280 1770 459 1830 latrandum
475 1779 530 1846 est,
545 1780 576 1830 ut
593 1773 675 1850 quasi
689 1771 847 1831 normalem
862 1771 940 1831 illum
957 1769 1090 1846 angulum
1106 1769 1211 1831 iaciat.
1246 1775 1341 1852 Super

275 1918 278 1927 ¹
338 1854 415 1930 quod
431 1871 481 1914 ora
502 1872 540 1913 ex
560 1865 628 1932 toga
645 1855 753 1932 duplex
776 1854 938 1933 aequaliter
951 1855 1062 1914 sedeat.
1093 1851 1199 1914 Manus
1217 1875 1279 1916 non
1294 1859 1339 1916 im·

337 1936 451 2014 plentur
466 1938 567 2013 anulis,
584 1940 742 2016 praecipue
757 1938 869 1997 medios
885 1938 1021 1998 articulos
1033 1955 1090 1997 non
1102 1941 1337 2006 transeuntibus;

339 2021 419 2079 cuius
442 2023 496 2081 erit
517 2022 630 2082 habitus
651 2026 774 2100 optimus
794 2021 920 2081 allevato
942 2022 1051 2099 pollice
1067 2030 1096 2081 et
1112 2020 1217 2098 digitis
1234 2025 1338 2084 leviter

337 2104 465 2180 inflexis,
490 2108 543 2164 nisi
561 2106 689 2166 libellum
704 2104 824 2165 tenebit.
859 2104 942 2179 Quod
960 2122 1016 2164 non
1038 2106 1139 2182 utique
1161 2109 1335 2184 captandum

339 2197 397 2255 est:
421 2190 533 2248 videtur
553 2192 626 2248 enim
647 2189 732 2248 fateri
752 2190 908 2248 memoriae
924 2189 1111 2249 diffidentiam
1131 2197 1160 2247 et
1178 2191 1216 2250 ad
1232 2191 1333 2251 multos

282 2282 438 2347 143gestus
461 2278 506 2332 est
525 2274 737 2350 impedimento.
776 2272 885 2349 Togam
907 2281 1025 2331 veteres
1046 2273 1082 2331 ad
1104 2271 1230 2333 calceos
1246 2291 1332 2352 usqne

338 2356 523 2415 demittebant
546 2366 575 2415 ut
591 2355 693 2416 Graeci
717 2356 842 2433 pallium.
875 2356 965 2434 quue
981 2365 1011 2416 ut
1025 2355 1088 2430 bat,
1114 2357 1162 2433 qui
1188 2358 1227 2417 dc
1251 2366 1331 2435 gestu

338 2441 515 2515 scripserunt
537 2441 614 2499 circa
636 2450 765 2517 tempora
787 2439 852 2513 illa,
875 2439 984 2499 Plotius
1005 2437 1199 2517 Nigidiusque
1223 2441 1331 2519 praeci·

338 2524 426 2598 pinnt.
460 2523 523 2595 Quo
545 2526 636 2600 magis
658 2525 746 2582 miror
769 2522 850 2583 Plinii
866 2524 992 2583 Secundi
1017 2523 1095 2581 docti
1115 2522 1242 2582 bominis
1265 2525 1331 2583 etin

338 2604 394 2663 boc
411 2608 506 2684 utique
529 2606 602 2667 libro
627 2625 720 2685 paene
744 2608 829 2666 etiam
846 2608 959 2666 nimium
976 2608 1083 2666 curiosi
1100 2609 1330 2684 persuasionem,

339 2691 387 2766 qui
403 2691 515 2748 solitum
533 2691 560 2748 id
576 2690 676 2750 facere
693 2689 865 2750 Ciceronem
886 2691 1073 2751 velandorum
1094 2691 1227 2750 varicum
1243 2692 1332 2768 gratia

339 2773 436 2838 tradit:
460 2792 521 2832 cum
538 2775 594 2833 hoc
610 2776 728 2833 amiotus
743 2793 835 2850 genus
852 2776 880 2834 in
895 2777 995 2834 statuis
1011 2791 1110 2833 eorum
1126 2791 1266 2853 quoque,
1289 2774 1333 2852 qui

282 2865 404 2933 rqapost
423 2854 593 2916 Ciceronem
615 2858 743 2933 fuerunt,
766 2869 915 2935 appareat.
946 2857 1096 2918 Palliolum
1119 2859 1195 2916 sicut
1216 2857 1332 2928 fascias,

339 2940 441 3018 quibus
457 2960 539 3001 crura
551 2943 725 3016 vestiuntur,
749 2951 778 3000 et
800 2942 906 3002 localia
928 2951 956 3002 et
977 2942 1084 3002 aurium
1098 2940 1258 3017 ligamenta
1276 2941 1334 3001 sola

340 3042 481 3084 excusare
499 3035 595 3102 potest
609 3025 754 3085 valetudo.

422 3109 482 3168 Sed
505 3110 578 3168 baec
599 3111 716 3168 amictus
737 3107 923 3182 observatlo,
950 3108 1016 3168 dum
1039 3109 1206 3185 incipimus;
1229 3125 1334 3186 proce·

340 3191 425 3251 dente
447 3209 519 3251 vero
542 3203 622 3267 actu,
644 3195 698 3252 iam
714 3211 808 3269 paene
831 3192 866 3252 ab
887 3194 966 3253 initio
993 3193 1180 3265 narrationis,
1203 3193 1285 3251 sinus
1301 3189 1335 3252 ab

339 3274 457 3334 humero
475 3286 556 3335 recte
571 3277 650 3336 velut
667 3286 770 3354 sponte
787 3276 947 3351 delabitur,
971 3285 1016 3351 et,
1035 3274 1149 3335 eumad
1165 3284 1337 3352 argumenta

341 3375 374 3415 ac
401 3357 484 3417 locos
508 3370 623 3419 ventum
649 3368 707 3434 est,
737 3362 862 3420 relicere
886 3379 903 3419 a
924 3361 1039 3419 sinistro
1063 3369 1177 3436 togam,
1205 3359 1336 3419 deiicere

287 3441 441 3514 145etiam,
467 3444 491 3499 si
515 3443 648 3519 haereat,
675 3446 765 3502 sinum
787 3445 950 3503 conveniet.
988 3441 1083 3502 Laeva
1104 3460 1121 3502 a
1144 3441 1282 3502 lancibus
1303 3459 1336 3500 ac

344 3541 451 3582 summo
468 3536 589 3602 pectore
605 3528 750 3587 abducere
766 3528 842 3586 licet.
873 3527 984 3588 Ardent
1001 3528 1074 3586 euim
1091 3527 1147 3585 iam
1165 3528 1272 3587 omnia.
1301 3524 1337 3584 m

344 3616 372 3664 ut
387 3623 445 3664 vox
466 3608 665 3669 vehementior
686 3629 721 3670 ac
742 3613 832 3687 magis
846 3613 924 3670 varia
940 3619 998 3670 est:
1021 3611 1064 3669 sic
1081 3610 1202 3669 amictus
1219 3626 1336 3689 quoque

284 3688 426 3747 tddhabet
447 3701 538 3749 actum
562 3695 702 3770 quendam
723 3694 802 3752 velut
821 3695 1020 3771 proeliantem.
1051 3693 1152 3772 ltaque
1170 3702 1201 3751 ut
1223 3694 1336 3753 laevam

276 3764 487 3880 Qvolvcre
504 3783 572 3858 toga
588 3786 617 3837 et
638 3778 745 3855 incingi
763 3795 856 3857 paene
872 3777 1010 3837 furiosum
1027 3785 1088 3852 est,
1109 3777 1202 3836 sinum
1220 3777 1335 3836 veroin
