3184 4409
484 483 573 532 msc.
590 483 738 534 cunnos.
756 485 825 533 mo.
842 484 995 552 v,1o.11.
1176 473 1236 534 221

260 645 362 699 mous.
407 635 495 713 Nam,
523 655 597 716 quae
617 637 731 716 priores
748 638 890 699 beneflcio
908 639 1014 716 ingenii
1031 638 1144 717 singula
1158 641 1237 700 inve·

258 731 362 799 rerunt,
390 721 474 781 nobis
501 729 531 780 et
550 738 608 780 nou
632 731 697 781 sunt
718 723 889 800 requirenda
911 733 939 782 et
958 732 1025 782 nota
1045 734 1110 783 suut
1134 727 1236 784 omnia.

257 805 305 867 ded
321 823 381 866 nou
399 805 491 881 magis
506 804 562 863 lroc
577 814 622 865 sat
638 815 698 880 est,
712 823 806 883 qnam
822 807 995 884 palaestram
1009 807 1162 884 didicisse,
1183 810 1238 867 nisi

256 906 352 968 corpus
372 889 595 962 exercitatione,
621 890 808 964 continentia,
831 889 919 965 cibis,
946 899 1011 949 aute
1027 893 1120 951 omnia
1137 901 1237 951 natura

253 974 366 1048 iuratur,
383 973 459 1032 sicut
473 981 572 1031 contra
587 989 623 1030 ne
639 971 687 1031 illa
701 971 815 1050 quidem
830 975 899 1032 satis
914 975 975 1032 sine
990 982 1052 1033 arte
1064 976 1234 1051 proluerint.

252 1055 317 1117 lllod
339 1073 458 1134 quoque
479 1054 599 1114 studiosi
618 1055 802 1133 eloquentiae
823 1059 968 1133 cogitent,
995 1075 1090 1134 neque
1107 1058 1237 1118 omnibus
1246 1068 1296 1120 122

251 1140 275 1198 iu
287 1141 399 1215 causis,
422 1155 497 1216 quae
511 1137 783 1213 demonstravimus,
806 1150 909 1200 cuncta
923 1158 1013 1219 posse
1028 1143 1164 1218 reperiri;
1187 1159 1237 1200 ne·

250 1241 317 1302 que,
343 1241 410 1292 cum
431 1223 581 1300 proposita
602 1221 689 1281 luerit
708 1223 827 1284 materia
848 1223 977 1300 dicendi,
1007 1225 1160 1284 scmtanda
1183 1225 1239 1283 sin·

246 1307 311 1384 gula
326 1315 357 1367 et
371 1306 452 1366 velut
468 1306 591 1365 ostiatim
607 1305 762 1383 pulsanda,
785 1315 815 1365 ut
829 1308 936 1382 sciant,
960 1327 995 1367 an
1010 1307 1045 1368 ad
1061 1307 1238 1386 probandum

246 1390 286 1466 id,
308 1388 386 1469 quod
404 1389 590 1463 intendimus,
611 1388 686 1448 forte
701 1390 912 1467 respondeant,
934 1393 989 1450 uisi
1005 1410 1068 1451 cum
1083 1391 1194 1451 discunt
1210 1400 1239 1450 et

246 1474 336 1534 adlruc
351 1492 405 1533 usu
421 1481 530 1532 carent.
574 1471 713 1531 lolinitam
731 1475 804 1532 enim
820 1473 907 1533 iaciat
921 1476 984 1552 ipsa
998 1493 1046 1534 res
1058 1474 1170 1536 dicendi
1181 1484 1236 1535 tar
1247 1481 1296 1536 123

246 1557 377 1634 ditatam,
399 1557 424 1615 si
439 1574 555 1634 semper
569 1573 693 1616 necesse
708 1558 759 1632 sit,
782 1565 813 1615 ut
829 1566 1001 1636 temptantes
1016 1558 1237 1637 unumquodque

246 1658 360 1716 eorum,
383 1640 461 1718 quod
481 1643 518 1698 sit
537 1649 633 1718 aptum
650 1649 735 1718 atque
751 1642 926 1700 conveniens
942 1641 1118 1720 experiendo
1134 1659 1237 1701 nosca-

246 1742 321 1792 mus;
342 1724 460 1799 nescio,
479 1741 515 1783 an
529 1724 614 1783 etiam
629 1724 832 1802 impedimento
848 1724 941 1785 lutura
959 1727 1029 1800 siut,
1046 1727 1101 1785 uisi
1113 1735 1142 1785 et
1154 1726 1237 1786 animi

246 1809 385 1886 quaedam
407 1809 533 1884 ingenita
553 1816 653 1866 natura
668 1815 698 1866 et
713 1808 807 1867 studio
826 1811 983 1869 exercitata
998 1808 1140 1869 velocitas
1157 1819 1237 1869 recta

246 1910 297 1951 uos
312 1891 350 1952 ad
364 1909 415 1966 ea,
438 1909 512 1970 quae
530 1890 703 1950 conveniunt
723 1909 844 1967 causae,
869 1892 972 1952 lerant.
1015 1890 1103 1967 Nam,
1124 1902 1155 1952 ut
1171 1898 1295 1953 can-124

246 1995 286 2035 us
301 1975 385 2035 nocis
402 1974 551 2053 plurimum
572 1975 650 2033 iuvat
666 1976 776 2035 sociata
792 1992 946 2035 nervorum
962 1975 1132 2044 concordia;
1156 1979 1182 2035 si
1196 1985 1236 2036 ta·

246 2078 306 2120 neu
320 2058 432 2118 tardior
447 2076 562 2133 manus,
580 2059 634 2117 uisi
650 2059 787 2135 inspectis
803 2058 1004 2136 demensisque
1020 2060 1157 2135 singulis,
1176 2061 1236 2137 qui·

246 2146 293 2203 ons
308 2159 445 2222 quaeque
464 2159 523 2201 vox
544 2141 646 2201 lidibus
661 2141 804 2218 iungenda
819 2143 871 2218 sit,
892 2141 1017 2217 dubitet,
1040 2144 1135 2220 potius
1151 2143 1238 2202 luerit

246 2245 307 2286 esse
324 2234 490 2286 contentum
506 2242 558 2300 cc,
582 2224 658 2303 quod
674 2224 798 2302 simplex
814 2226 934 2286 cauendi
948 2235 1048 2286 natura
1063 2226 1175 2286 tulerit:
1198 2227 1238 2286 ita

246 2309 404 2370 cuiusmodi
423 2309 589 2388 praeceptis
610 2307 698 2368 debet
715 2309 829 2386 quidem
848 2318 945 2387 aptata
968 2327 1035 2369 esse
1056 2318 1085 2369 et
1111 2309 1237 2369 citharae

246 2394 326 2455 nodo
350 2394 456 2453 intenta
476 2395 549 2453 ratio
571 2391 732 2460 doctrinam
762 2393 815 2452 sed
836 2393 894 2453 hoc
916 2394 1125 2454 exercitatione
1149 2392 1236 2452 multa
1245 2395 1295 2447 125

246 2476 495 2555 :ousequeudum,
511 2485 557 2552 ut,
576 2476 812 2553 quemadmodum
827 2477 941 2537 illorum
956 2476 1111 2552 artificum,
1128 2478 1238 2536 etiamsi

246 2562 297 2622 ulio
322 2569 473 2639 spectant,
504 2577 602 2618 manus
624 2568 718 2620 tamen
741 2562 806 2638 ipsa
830 2560 1038 2621 consuetudine
1060 2560 1096 2620 ad
1120 2579 1237 2637 graves,

246 2655 359 2721 acutos,
382 2643 493 2703 medios
509 2643 608 2702 luorum
625 2659 714 2702 sonos
726 2643 832 2703 fertur:
852 2645 896 2704 sic
907 2644 1031 2704 oratoris
1044 2647 1239 2720 cognitionem

246 2729 309 2788 nihil
324 2737 454 2788 moretur
470 2726 544 2786 hacc
559 2727 685 2786 varietas
701 2736 933 2804 argumentorum
948 2737 977 2788 et
992 2729 1077 2805 copia
1093 2728 1146 2787 sed
1157 2728 1238 2805 quasi

246 2813 346 2872 oderat
364 2829 399 2871 se
423 2819 452 2870 et
475 2819 623 2885 occurrat,
649 2820 693 2885 et,
720 2820 752 2871 ut
767 2810 883 2871 litterae
900 2811 1090 2888 syllabaeque
1107 2812 1236 2871 scriben-

246 2898 308 2955 tium
330 2895 534 2972 cogitationem
549 2911 606 2953 non
624 2895 757 2971 exigunt,
779 2895 823 2954 sic
838 2896 978 2955 rationem
993 2904 1097 2974 sponte
1116 2895 1237 2974 quadam

246 2989 407 3058 sequantur.

623 3131 667 3181 Du
684 3129 858 3182 uxuMPL1S.

322 3223 374 3285 XI.
419 3225 546 3286 Tertium
566 3245 711 3303 genusyex
726 3228 777 3302 iis,
800 3244 876 3304 quae
891 3226 1073 3286 extrinsecus
1091 3224 1234 3286 adducun-

246 3309 285 3367 to'r
300 3309 330 3368 in
345 3328 476 3377 causam;
496 3309 598 3370 Graeci
613 3319 718 3370 vocant
738 3303 988 3389 παράδειγμα,
1007 3326 1065 3388 quo
1080 3311 1194 3369 nomine
1206 3318 1236 3369 et

246 3393 417 3466 generaliter
438 3396 483 3452 usi
506 3404 570 3453 sunt
593 3395 712 3454 inomni
729 3394 859 3454 similium
875 3394 1058 3472 appositione
1076 3403 1105 3453 et
1121 3395 1235 3472 specia-

246 3474 306 3536 liter
325 3477 421 3552 iniis,
446 3494 522 3554 quac
536 3496 631 3537 rerum
645 3487 793 3555 gestarum
809 3479 979 3537 auctoritate
999 3479 1132 3536 nituntur.
1176 3476 1235 3536 No·

246 3561 292 3619 stri
305 3560 371 3620 fere
387 3560 598 3621 similitudinem
613 3562 712 3622 vocari
729 3561 905 3636 maluerunt,
926 3560 1002 3638 quod
1017 3560 1052 3620 ab
1068 3561 1125 3619 illis
1139 3580 1235 3639 nopo-

247 3635 311 3722 βολὴ
324 3643 438 3719 dicitur,
456 3644 577 3704 alterum
588 3645 762 3722 exemplum,
779 3662 940 3722 quanquam
952 3653 982 3703 et
996 3644 1053 3704 hcc
1067 3645 1160 3705 simile
1174 3651 1233 3710 est:

247 3722 309 3789 illuc
323 3728 500 3808 exemplum.
543 3727 623 3806 Nos,
646 3745 703 3809 quo
718 3728 833 3789 facilius
850 3729 1030 3808 propositum
1046 3727 1261 3809 explicemus,2
