3184 4409
311 465 371 528 194
629 474 991 537 wemmam

309 631 402 707 Quam
417 631 520 710 dignae
536 630 651 693 liilouie
673 632 703 691 iu
717 630 905 710 peroratione
919 629 1095 717 iperyoees
1112 649 1157 695 eo
1172 634 1258 713 viro,
1276 636 1315 717 qd

308 733 362 796 pro
384 733 418 775 re
438 716 555 794 publiea
575 716 745 777 seditiosum
766 716 861 775 eireru
876 716 984 777 totiens
1000 719 1253 795 compescuisset
1266 722 1315 801 opi

268 811 366 879 dique
382 800 500 861 insidias
514 801 620 861 virtute
642 795 833 878 superasset?
861 796 995 877 Denique
1015 812 1076 861 nou
1098 801 1197 864 ruodo
1214 806 1316 885 quoti

309 901 395 945 eausa
411 884 530 945 totidem
545 884 573 943 iu
587 884 807 963 prosopopoeia
822 890 890 943 suut
901 882 1072 960 ndentes,
1088 884 1150 947 sed
1165 885 1230 957 hoe
1244 890 1317 951 edu

310 969 425 1049 plures,
441 968 519 1047 quod
533 970 563 1026 in
574 967 619 1027 his
635 983 805 1046 puerorum,
823 965 1001 1043 tenueras,
1017 967 1221 1049 populorum,
1239 980 1316 1035 m

308 1071 371 1112 rum
385 1053 471 1112 etiam
489 1069 586 1112 reruru
606 1051 804 1127 assimulamus
826 1050 965 1129 aflectus,
991 1050 1099 1131 quilius
1118 1054 1264 1119 omibus
1279 1056 1316 1127 te

268 1136 394 1201 debetur
407 1154 476 1196 suus
491 1136 591 1197 deeor.
621 1134 839 1211 teodomirus,
860 1150 916 1215 pro
931 1134 1035 1213 quibus
1048 1150 1201 1217 agemus,
1226 1140 1318 1205 ebru-

310 1220 402 1281 vrude
417 1229 492 1280 eurrt.
516 1217 611 1281 Aliter
623 1221 697 1279 euim
713 1236 766 1298 pro
782 1218 841 1279 alio
851 1236 943 1299 saepe
954 1218 1110 1281 diwuduur
1123 1230 1185 1300 est,
1203 1232 1240 1291 ut
1250 1226 1318 1305 q&-

311 1322 368 1383 que
389 1303 546 1380 honestus,
569 1303 699 1380 humilis,
721 1302 899 1380 invidiosus,
920 1300 1090 1365 fawrrhnu
1114 1305 1193 1385 erit,
1211 1308 1319 1373 rdieeu

309 1389 526 1467 propositorum
551 1404 668 1466 quoque
688 1395 718 1448 et
739 1394 891 1449 anteactae
911 1386 989 1449 vitae
1008 1386 1192 1455 differentia.
1221 1391 1319 1455 lum

310 1471 426 1532 dissime
441 1488 513 1532 vero
529 1472 556 1530 iu
571 1479 689 1532 oratore
704 1470 873 1547 humaniter,
891 1470 1027 1547 faeditas,
1043 1470 1230 1552 moderatio,
1247 1476 1319 1539 teat

244 1589 247 1592 >
309 1554 446 1617 volentia.
473 1555 532 1616 Sed
543 1555 592 1617 illa
608 1571 724 1634 quoque
736 1555 851 1616 diversa
860 1553 968 1617 bouum
980 1556 1073 1615 vuum
1083 1554 1217 1620 deceat:
1233 1560 1320 1623 mua

310 1639 419 1715 odisse,
437 1638 554 1717 publiea
568 1641 634 1699 viee
650 1639 839 1716 commoveri,
856 1637 999 1700 ultum
1011 1634 1134 1703 seelera¹
1147 1650 1180 1705 et
1190 1643 1320 1720 iniuriae,

311 1731 340 1784 et
357 1724 461 1798 omnia,
478 1731 509 1783 ut
524 1723 604 1783 initio
620 1724 689 1800 dixi,
708 1723 841 1783 honeste
1259 1802 1262 1807 Ι

267 1819 302 1874 43
393 1805 458 1866 Nee
481 1815 603 1882 tautum,
627 1809 691 1885 quis
714 1817 744 1868 et
764 1824 820 1887 pro
841 1823 899 1887 quo
918 1806 1080 1869 sedetiam
1096 1810 1204 1889 apud
1219 1828 1318 1891 quen

311 1889 406 1966 dieas,
424 1890 554 1950 interest.
586 1890 667 1952 Facit
682 1893 757 1951 euim
773 1900 804 1952 et
820 1890 935 1953 fortuuu
950 1890 1105 1953 dieerirueu
1122 1902 1155 1955 et
1172 1904 1315 1975 potestas,

310 1991 365 2033 uea
380 1974 480 2034 eadem
499 1974 574 2052 apud
592 1977 767 2054 prinoipem,
789 1976 1001 2053 mperatum,
1016 1984 1207 2063 senatorem,
1228 1980 1315 2059 prire-

309 2067 377 2133 tum‚
395 2067 501 2119 tautum
513 2059 636 2119 liberum
649 2061 723 2121 ratio
736 2067 792 2136 eet,
810 2058 983 2129 uaeeedeut
994 2076 1069 2122 seue
1079 2060 1206 2141 publiea
1216 2062 1313 2127 udat

268 2151 339 2209 44et
360 2141 532 2204 arbitrorum
555 2143 782 2222 disceptationes
803 2152 935 2221 aguntur.
968 2140 1041 2205 Nau
1055 2152 1087 2205 ut
1108 2152 1250 2211 orauietu
1267 2162 1311 2227 pre

312 2227 406 2304 eapite
427 2226 592 2288 sollieitudo
614 2228 719 2288 deceat
734 2237 765 2288 et
779 2246 849 2289 eura
866 2237 896 2289 et
911 2245 1012 2299 omues
1027 2227 1063 2291 ed
1084 2228 1311 2309 eruplifleeed·

312 2311 472 2371 orationem
492 2313 574 2389 quasi
594 2312 760 2373 machinae:
786 2313 826 2374 ita
846 2312 875 2373 iu
893 2313 991 2392 parvis
1008 2311 1096 2373 rebus
1112 2314 1310 2395 radiorumque

310 2411 383 2452 vaua
399 2397 454 2454 siut
469 2395 580 2471 eadem,
601 2396 785 2475 rideaturque
801 2399 915 2472 merito,
931 2397 980 2476 qai
994 2395 1071 2475 apud
1085 2396 1310 2477 disceptem

310 2475 347 2536 de
362 2495 394 2536 re
409 2478 555 2540 levissime
579 2480 686 2539 sedens
701 2480 830 2541 dicturus
844 2489 939 2542 utetur
962 2480 1011 2542 illu
1026 2478 1183 2543 Ciceronis
1202 2481 1309 2549 oeuier

310 2561 408 2636 sione,
428 2581 489 2624 ooo
512 2565 601 2625 modo
622 2583 656 2625 se
676 2566 776 2626 antaeo
799 2564 1054 2629 commatres
1069 2566 1164 2627 &aar
1185 2583 1310 2647 eerpore

268 2644 374 2722 seipso
385 2647 633 2724 perhorrescere.
663 2647 733 2721 Quis
747 2665 820 2707 vero
834 2649 963 2725 neseiat,
984 2656 1090 2728 quauta
1106 2648 1188 2711 eliud
1203 2649 1309 2713 dieeudi

309 2745 401 2804 genus
426 2738 529 2808 poseat
549 2733 676 2809 gravitas
697 2734 844 2793 senatoria
868 2731 943 2794 aliud
963 2750 1033 2815 eura
1047 2732 1227 2811 populeus?
1253 2750 1308 2795 ee!

310 2812 395 2870 etiam
410 2814 531 2890 siugulis
547 2815 737 2875 iudicantibus
757 2832 816 2875 nou
836 2816 912 2877 idem
924 2816 1000 2895 apud
1014 2833 1122 2893 graves
1137 2817 1223 2879 viros
1239 2814 1308 2897 qued

309 2895 452 2971 leviores,
475 2916 531 2957 nou
551 2900 627 2959 ideur
648 2900 723 2979 apud
744 2900 883 2962 eruditum
899 2900 977 2978 quod
998 2898 1152 2960 militarem
1173 2918 1212 2963 ee
1232 2901 1308 2963 raeti

310 2998 372 3039 euru
390 2981 510 3057 deceat,
526 2985 621 3060 sitque
635 3000 835 3063 nonnunquam
852 2984 1051 3047 summittenda
1067 2992 1098 3043 et
1113 2983 1310 3047 coemenda

310 3065 412 3138 oratio,
431 3085 467 3125 ue
482 3067 570 3127 iudex
586 3085 649 3127 eam
663 3068 712 3127 vel
730 3069 895 3146 intelligere
909 3067 959 3129 rel
975 3084 1082 3146 erpere
1099 3083 1158 3129 uou
1174 3070 1283 3148 posuit
1351 3088 1353 3097 ·

267 3150 301 3205 46
393 3148 518 3229 Tempus
542 3169 659 3230 quoque
680 3170 715 3212 ae
736 3152 820 3213 loeus
844 3161 932 3230 egent
957 3151 1166 3215 observatione
1182 3152 1309 3233 proprie

308 3227 379 3289 Nam
397 3241 425 3292 et
440 3243 553 3314 tempus
569 3245 627 3296 tum
643 3238 735 3312 triste,
752 3245 810 3296 tum
827 3236 943 3313 laetum,
959 3245 1018 3297 tuur
1032 3234 1171 3312 litorum,
1188 3244 1254 3299 tuur
1268 3254 1310 3297 eu·
1358 3240 1359 3249 ’

267 3315 420 3388 digestum
441 3328 501 3394 est,
525 3329 611 3398 atque
636 3320 672 3380 ad
693 3320 876 3383 haecomnia
897 3318 1114 3399 eoupoueadus
1142 3329 1261 3388 erutor:
1287 3328 1311 3381 et
1344 3364 1349 3381 .

309 3396 376 3455 loeo
393 3400 510 3477 publico
529 3406 690 3482 peratore,
706 3403 816 3464 celebri
832 3422 867 3466 au
884 3413 1012 3480 soemo,
1029 3402 1123 3465 alienu
1142 3405 1265 3475 oiritete
1279 3420 1311 3465 ιι

308 3489 365 3554 tua,
383 3482 410 3539 iu
428 3488 529 3544 eastris
544 3487 668 3568 denique
684 3506 720 3548 au
734 3487 800 3548 foro
817 3488 914 3566 dieas,
937 3490 1057 3550 interest
1081 3486 1256 3567 plurimum,
1280 3504 1311 3549 ee

308 3581 387 3624 suam
402 3568 527 3646 quidque
542 3569 662 3632 formam
677 3581 707 3632 et
720 3574 868 3650 proprium
883 3573 1025 3652 queudaur
1039 3570 1157 3637 prodam
1172 3572 1312 3655 eloquer-

308 3649 365 3706 tiae
382 3654 491 3729 poseit:
520 3671 583 3714 oum
602 3657 685 3715 etiem
704 3657 732 3715 iu
753 3657 860 3716 ceteris
882 3655 993 3719 actibus
1013 3657 1091 3717 ritae
1112 3657 1268 3721 nereidem
1284 3656 1310 3717 ἰι

308 3730 390 3811 foro,
409 3736 502 3812 ouria,
518 3756 638 3818 eampo,
657 3739 788 3818 theatro,
806 3741 882 3803 domi
896 3740 996 3803 faeere
1014 3741 1184 3811 conveniam
1201 3750 1235 3809 er
1251 3740 1310 3823 ple·
