<?xml version="1.0" encoding="UTF-8"?>
<!DOCTYPE html PUBLIC "-//W3C//DTD XHTML 1.0 Transitional//EN"
    "http://www.w3.org/TR/xhtml1/DTD/xhtml1-transitional.dtd">
<html xmlns="http://www.w3.org/1999/xhtml" xml:lang="en" lang="en">
 <head>
  <title>
</title>
<meta http-equiv="Content-Type" content="text/html;charset=utf-8" />
  <meta name='ocr-system' content='tesseract 3.04.00' />
  <meta name='ocr-capabilities' content='ocr_page ocr_carea ocr_par ocr_line ocrx_word'/>
</head>
<body>
  <div class='ocr_page' id='page_1' title='image "./mfabiiquintilia02quingoog_0355.png"; bbox 0 0 3184 4409; ppageno 0'>
   <div class='ocr_carea' id='block_1_1' title="bbox 535 475 1251 549">
    <p class='ocr_par' dir='ltr' id='par_1_1' title="bbox 535 475 1251 549">
     <span class='ocr_line' id='line_1_1' title="bbox 535 475 1251 549; baseline 0.007 -19"><span class='ocrx_word' id='word_1_1' title='bbox 535 483 623 531; x_wconf 74' lang='lat' dir='ltr'><strong>nisu.</strong></span> <span class='ocrx_word' id='word_1_2' title='bbox 638 484 785 532; x_wconf 78' lang='lat' dir='ltr'><strong>onnnoa.</strong></span> <span class='ocrx_word' id='word_1_3' title='bbox 800 485 868 530; x_wconf 82' lang='lat' dir='ltr'><strong>nm.</strong></span> <span class='ocrx_word' id='word_1_4' title='bbox 881 485 940 549; x_wconf 85' lang='lat' dir='ltr'><strong>vn,</strong></span> <span class='ocrx_word' id='word_1_5' title='bbox 953 482 980 534; x_wconf 79' lang='lat'><strong>3.</strong></span> <span class='ocrx_word' id='word_1_6' title='bbox 1212 475 1251 536; x_wconf 79' lang='lat'><strong>23</strong></span> 
     </span>
    </p>
   </div>
   <div class='ocr_carea' id='block_1_2' title="bbox 250 637 1298 3811">
    <p class='ocr_par' dir='ltr' id='par_1_2' title="bbox 250 637 1298 2725">
     <span class='ocr_line' id='line_1_2' title="bbox 250 637 1256 716; baseline 0 -18"><span class='ocrx_word' id='word_1_7' title='bbox 250 655 334 698; x_wconf 75' lang='lat' dir='ltr'><strong>nero</strong></span> <span class='ocrx_word' id='word_1_8' title='bbox 350 656 423 716; x_wconf 87' lang='lat' dir='ltr'><strong>quae</strong></span> <span class='ocrx_word' id='word_1_9' title='bbox 445 646 521 696; x_wconf 91' lang='lat' dir='ltr'><strong>tanta</strong></span> <span class='ocrx_word' id='word_1_10' title='bbox 543 645 588 696; x_wconf 90' lang='lat' dir='ltr'><strong>est</strong></span> <span class='ocrx_word' id='word_1_11' title='bbox 604 637 686 696; x_wconf 86' lang='lat' dir='ltr'><strong>huius</strong></span> <span class='ocrx_word' id='word_1_12' title='bbox 702 639 852 716; x_wconf 81' lang='lat' dir='ltr'><strong>praecisae</strong></span> <span class='ocrx_word' id='word_1_13' title='bbox 874 639 1138 716; x_wconf 83' lang='lat' dir='ltr'>comprehensionis</span> <span class='ocrx_word' id='word_1_14' title='bbox 1154 657 1256 698; x_wconf 90' lang='lat' dir='ltr'><strong>neces·</strong></span> 
     </span>
     <span class='ocr_line' id='line_1_3' title="bbox 260 719 1256 804; baseline 0.003 -23"><span class='ocrx_word' id='word_1_15' title='bbox 260 719 353 781; x_wconf 84' lang='lat' dir='ltr'><strong>sitas?</strong></span> <span class='ocrx_word' id='word_1_16' title='bbox 384 720 445 796; x_wconf 81' lang='lat' dir='ltr'><strong>An,</strong></span> <span class='ocrx_word' id='word_1_17' title='bbox 469 723 564 779; x_wconf 90' lang='lat' dir='ltr'><strong>sinon</strong></span> <span class='ocrx_word' id='word_1_18' title='bbox 580 720 698 804; x_wconf 75' lang='lat' dir='ltr'><strong>dixero,</strong></span> <span class='ocrx_word' id='word_1_19' title='bbox 722 721 817 782; x_wconf 84' lang='lat' dir='ltr'><em>Homo</em></span> <span class='ocrx_word' id='word_1_20' title='bbox 831 731 876 782; x_wconf 80' lang='lat' dir='ltr'><strong>est</strong></span> <span class='ocrx_word' id='word_1_21' title='bbox 890 724 1008 783; x_wconf 84' lang='lat' dir='ltr'><strong>animal</strong></span> <span class='ocrx_word' id='word_1_22' title='bbox 1021 725 1147 783; x_wconf 82' lang='lat' dir='ltr'><strong>mortale</strong></span> <span class='ocrx_word' id='word_1_23' title='bbox 1162 727 1256 784; x_wconf 77' lang='lat' dir='ltr'><strong>rotdo-</strong></span> 
     </span>
     <span class='ocr_line' id='line_1_4' title="bbox 258 808 1256 884; baseline -0.002 -17"><span class='ocrx_word' id='word_1_24' title='bbox 258 808 348 883; x_wconf 79' lang='lat' dir='ltr'><strong>nole,</strong></span> <span class='ocrx_word' id='word_1_25' title='bbox 370 822 426 863; x_wconf 96' lang='lat' dir='ltr'><strong>non</strong></span> <span class='ocrx_word' id='word_1_26' title='bbox 447 814 565 882; x_wconf 80' lang='lat' dir='ltr'><strong>potero,</strong></span> <span class='ocrx_word' id='word_1_27' title='bbox 588 808 729 882; x_wconf 89' lang='lat' dir='ltr'><strong>expositis</strong></span> <span class='ocrx_word' id='word_1_28' title='bbox 752 813 794 863; x_wconf 93' lang='lat' dir='ltr'><strong>tot</strong></span> <span class='ocrx_word' id='word_1_29' title='bbox 815 808 947 884; x_wconf 85' lang='lat' dir='ltr'><strong>corporis</strong></span> <span class='ocrx_word' id='word_1_30' title='bbox 965 808 1105 882; x_wconf 80' lang='lat' dir='ltr'>animique</span> <span class='ocrx_word' id='word_1_31' title='bbox 1126 809 1256 884; x_wconf 87' lang='lat' dir='ltr'><strong>proprie·</strong></span> 
     </span>
     <span class='ocr_line' id='line_1_5' title="bbox 258 889 1256 963; baseline 0.001 -15"><span class='ocrx_word' id='word_1_32' title='bbox 258 889 384 963; x_wconf 80' lang='lat' dir='ltr'><strong>tatibus,</strong></span> <span class='ocrx_word' id='word_1_33' title='bbox 413 889 496 947; x_wconf 89' lang='lat' dir='ltr'><strong>latius</strong></span> <span class='ocrx_word' id='word_1_34' title='bbox 524 891 654 947; x_wconf 87' lang='lat' dir='ltr'><strong>oratione</strong></span> <span class='ocrx_word' id='word_1_35' title='bbox 682 890 766 949; x_wconf 90' lang='lat' dir='ltr'><strong>ducta</strong></span> <span class='ocrx_word' id='word_1_36' title='bbox 788 889 838 947; x_wconf 91' lang='lat' dir='ltr'><strong>vel</strong></span> <span class='ocrx_word' id='word_1_37' title='bbox 863 909 879 949; x_wconf 90' lang='lat' dir='ltr'><strong>a</strong></span> <span class='ocrx_word' id='word_1_38' title='bbox 899 890 953 949; x_wconf 91' lang='lat' dir='ltr'><strong>diis</strong></span> <span class='ocrx_word' id='word_1_39' title='bbox 977 907 1040 946; x_wconf 92' lang='lat' dir='ltr'><strong>eum</strong></span> <span class='ocrx_word' id='word_1_40' title='bbox 1061 889 1108 946; x_wconf 90' lang='lat' dir='ltr'><strong>vel</strong></span> <span class='ocrx_word' id='word_1_41' title='bbox 1132 907 1148 948; x_wconf 94' lang='lat' dir='ltr'><strong>a</strong></span> <span class='ocrx_word' id='word_1_42' title='bbox 1173 893 1256 949; x_wconf 87' lang='lat' dir='ltr'><strong>mutis</strong></span> 
     </span>
     <span class='ocr_line' id='line_1_6' title="bbox 259 964 1298 1049; baseline -0.002 -16"><span class='ocrx_word' id='word_1_43' title='bbox 259 969 450 1033; x_wconf 85' lang='lat' dir='ltr'><strong>discernere?</strong></span> <span class='ocrx_word' id='word_1_44' title='bbox 479 968 574 1044; x_wconf 79' lang='lat' dir='ltr'><strong>Quid?</strong></span> <span class='ocrx_word' id='word_1_45' title='bbox 605 973 680 1049; x_wconf 89' lang='lat' dir='ltr'><strong>quod</strong></span> <span class='ocrx_word' id='word_1_46' title='bbox 695 991 749 1031; x_wconf 91' lang='lat' dir='ltr'><strong>nec</strong></span> <span class='ocrx_word' id='word_1_47' title='bbox 765 989 821 1030; x_wconf 93' lang='lat' dir='ltr'><strong>uno</strong></span> <span class='ocrx_word' id='word_1_48' title='bbox 843 975 928 1032; x_wconf 91' lang='lat' dir='ltr'><strong>modo</strong></span> <span class='ocrx_word' id='word_1_49' title='bbox 944 974 1076 1032; x_wconf 86' lang='lat' dir='ltr'><strong>definitur</strong></span> <span class='ocrx_word' id='word_1_50' title='bbox 1090 991 1138 1031; x_wconf 91' lang='lat' dir='ltr'><strong>res</strong></span> <span class='ocrx_word' id='word_1_51' title='bbox 1157 974 1256 1032; x_wconf 89' lang='lat' dir='ltr'><strong>eadem</strong></span> <span class='ocrx_word' id='word_1_52' title='bbox 1265 964 1298 1040; x_wconf 56' lang='lat'><strong>1‘6</strong></span> 
     </span>
     <span class='ocr_line' id='line_1_7' title="bbox 260 1054 1255 1134; baseline 0 -20"><span class='ocrx_word' id='word_1_53' title='bbox 260 1058 310 1134; x_wconf 90' lang='lat' dir='ltr'><strong>(ut</strong></span> <span class='ocrx_word' id='word_1_54' title='bbox 325 1056 393 1115; x_wconf 89' lang='lat' dir='ltr'><strong>iacit</strong></span> <span class='ocrx_word' id='word_1_55' title='bbox 405 1054 527 1115; x_wconf 82' lang='lat' dir='ltr'><strong>Cicero:</strong></span> <span class='ocrx_word' id='word_1_56' title='bbox 549 1057 623 1132; x_wconf 79' lang='lat' dir='ltr'><strong>quid</strong></span> <span class='ocrx_word' id='word_1_57' title='bbox 636 1065 681 1116; x_wconf 82' lang='lat' dir='ltr'><strong>est</strong></span> <span class='ocrx_word' id='word_1_58' title='bbox 694 1058 772 1116; x_wconf 83' lang='lat' dir='ltr'><strong>enim</strong></span> <span class='ocrx_word' id='word_1_59' title='bbox 785 1059 901 1133; x_wconf 79' lang='lat' dir='ltr'><strong>culpo?</strong></span> <span class='ocrx_word' id='word_1_60' title='bbox 918 1058 1092 1134; x_wconf 81' lang='lat' dir='ltr'><strong>uniuersos)</strong></span> <span class='ocrx_word' id='word_1_61' title='bbox 1110 1065 1139 1114; x_wconf 91' lang='lat' dir='ltr'><strong>et</strong></span> <span class='ocrx_word' id='word_1_62' title='bbox 1154 1056 1255 1115; x_wconf 90' lang='lat' dir='ltr'><strong>latiore</strong></span> 
     </span>
     <span class='ocr_line' id='line_1_8' title="bbox 257 1141 1254 1218; baseline -0.002 -20"><span class='ocrx_word' id='word_1_63' title='bbox 257 1141 401 1216; x_wconf 87' lang='lat' dir='ltr'><strong>varioque</strong></span> <span class='ocrx_word' id='word_1_64' title='bbox 426 1148 563 1213; x_wconf 84' lang='lat' dir='ltr'><strong>tractatu,</strong></span> <span class='ocrx_word' id='word_1_65' title='bbox 590 1148 620 1197; x_wconf 93' lang='lat' dir='ltr'><strong>ut</strong></span> <span class='ocrx_word' id='word_1_66' title='bbox 641 1156 738 1198; x_wconf 91' lang='lat' dir='ltr'><strong>omues</strong></span> <span class='ocrx_word' id='word_1_67' title='bbox 763 1150 894 1199; x_wconf 87' lang='lat' dir='ltr'><strong>oratores</strong></span> <span class='ocrx_word' id='word_1_68' title='bbox 921 1141 1089 1218; x_wconf 86' lang='lat' dir='ltr'><strong>plerumque</strong></span> <span class='ocrx_word' id='word_1_69' title='bbox 1112 1141 1254 1199; x_wconf 85' lang='lat' dir='ltr'><strong>iecerunt.</strong></span> 
     </span>
     <span class='ocr_line' id='line_1_9' title="bbox 259 1223 1254 1301; baseline 0.001 -19"><span class='ocrx_word' id='word_1_70' title='bbox 259 1223 417 1282; x_wconf 89' lang='lat' dir='ltr'><strong>Rarissima</strong></span> <span class='ocrx_word' id='word_1_71' title='bbox 433 1224 506 1280; x_wconf 91' lang='lat' dir='ltr'><strong>enim</strong></span> <span class='ocrx_word' id='word_1_72' title='bbox 520 1223 595 1300; x_wconf 87' lang='lat' dir='ltr'><strong>apud</strong></span> <span class='ocrx_word' id='word_1_73' title='bbox 610 1240 662 1281; x_wconf 89' lang='lat' dir='ltr'><strong>eos</strong></span> <span class='ocrx_word' id='word_1_74' title='bbox 678 1225 839 1301; x_wconf 85' lang='lat' dir='ltr'><strong>reperietur</strong></span> <span class='ocrx_word' id='word_1_75' title='bbox 853 1224 902 1284; x_wconf 88' lang='lat' dir='ltr'><strong>illa</strong></span> <span class='ocrx_word' id='word_1_76' title='bbox 916 1243 953 1282; x_wconf 84' lang='lat' dir='ltr'><strong>ex</strong></span> <span class='ocrx_word' id='word_1_77' title='bbox 969 1224 1175 1282; x_wconf 89' lang='lat' dir='ltr'><strong>consuetudine</strong></span> <span class='ocrx_word' id='word_1_78' title='bbox 1193 1224 1254 1301; x_wconf 92' lang='lat' dir='ltr'><strong>phi·</strong></span> 
     </span>
     <span class='ocr_line' id='line_1_10' title="bbox 259 1297 1254 1385; baseline -0.002 -18"><span class='ocrx_word' id='word_1_79' title='bbox 259 1307 450 1384; x_wconf 87' lang='lat' dir='ltr'><strong>losophorum</strong></span> <span class='ocrx_word' id='word_1_80' title='bbox 471 1307 554 1366; x_wconf 91' lang='lat' dir='ltr'><strong>ducta</strong></span> <span class='ocrx_word' id='word_1_81' title='bbox 578 1308 700 1365; x_wconf 87' lang='lat' dir='ltr'><strong>servitus</strong></span> <span class='ocrx_word' id='word_1_82' title='bbox 721 1297 784 1384; x_wconf 64' lang='lat' dir='ltr'><strong>ient</strong></span> <span class='ocrx_word' id='word_1_83' title='bbox 808 1318 887 1367; x_wconf 85' lang='lat' dir='ltr'><strong>certe</strong></span> <span class='ocrx_word' id='word_1_84' title='bbox 912 1309 1050 1385; x_wconf 88' lang='lat' dir='ltr'><strong>servitus)</strong></span> <span class='ocrx_word' id='word_1_85' title='bbox 1075 1307 1110 1365; x_wconf 91' lang='lat' dir='ltr'><strong>ad</strong></span> <span class='ocrx_word' id='word_1_86' title='bbox 1126 1317 1205 1366; x_wconf 88' lang='lat' dir='ltr'><strong>certa</strong></span> <span class='ocrx_word' id='word_1_87' title='bbox 1221 1325 1254 1365; x_wconf 91' lang='lat' dir='ltr'><strong>se</strong></span> 
     </span>
     <span class='ocr_line' id='line_1_11' title="bbox 258 1389 1254 1467; baseline 0.001 -19"><span class='ocrx_word' id='word_1_88' title='bbox 258 1390 353 1449; x_wconf 86' lang='lat' dir='ltr'><strong>verba</strong></span> <span class='ocrx_word' id='word_1_89' title='bbox 366 1391 555 1465; x_wconf 74' lang='lat' dir='ltr'><strong>astringendi,</strong></span> <span class='ocrx_word' id='word_1_90' title='bbox 571 1391 656 1467; x_wconf 89' lang='lat' dir='ltr'><strong>idque</strong></span> <span class='ocrx_word' id='word_1_91' title='bbox 672 1391 832 1450; x_wconf 88' lang='lat' dir='ltr'><strong>iaciendum</strong></span> <span class='ocrx_word' id='word_1_92' title='bbox 844 1394 872 1449; x_wconf 92' lang='lat' dir='ltr'><strong>in</strong></span> <span class='ocrx_word' id='word_1_93' title='bbox 887 1392 966 1451; x_wconf 91' lang='lat' dir='ltr'><strong>libris</strong></span> <span class='ocrx_word' id='word_1_94' title='bbox 976 1389 1124 1450; x_wconf 80' lang='lat' dir='ltr'>Ciceronis</span> <span class='ocrx_word' id='word_1_95' title='bbox 1136 1391 1172 1449; x_wconf 91' lang='lat' dir='ltr'><strong>de</strong></span> <span class='ocrx_word' id='word_1_96' title='bbox 1184 1389 1254 1449; x_wconf 85' lang='lat' dir='ltr'><strong>Ora-</strong></span> 
     </span>
     <span class='ocr_line' id='line_1_12' title="bbox 259 1472 1296 1552; baseline -0.001 -19"><span class='ocrx_word' id='word_1_97' title='bbox 259 1484 328 1534; x_wconf 85' lang='lat' dir='ltr'>tore</span> <span class='ocrx_word' id='word_1_98' title='bbox 351 1482 429 1532; x_wconf 87' lang='lat' dir='ltr'><strong>vetat</strong></span> <span class='ocrx_word' id='word_1_99' title='bbox 450 1472 488 1532; x_wconf 84' lang='lat' dir='ltr'><strong>M.</strong></span> <span class='ocrx_word' id='word_1_100' title='bbox 512 1472 661 1532; x_wconf 85' lang='lat' dir='ltr'><strong>Antonius.</strong></span> <span class='ocrx_word' id='word_1_101' title='bbox 689 1474 760 1533; x_wconf 91' lang='lat' dir='ltr'><strong>Nam</strong></span> <span class='ocrx_word' id='word_1_102' title='bbox 780 1484 826 1533; x_wconf 87' lang='lat' dir='ltr'><strong>est</strong></span> <span class='ocrx_word' id='word_1_103' title='bbox 847 1478 929 1534; x_wconf 90' lang='lat' dir='ltr'><strong>etiam</strong></span> <span class='ocrx_word' id='word_1_104' title='bbox 942 1474 1162 1552; x_wconf 79' lang='lat' dir='ltr'><strong>periculosum⁷</strong></span> <span class='ocrx_word' id='word_1_105' title='bbox 1181 1492 1254 1547; x_wconf 82' lang='lat' dir='ltr'><strong>cum,</strong></span> <span class='ocrx_word' id='word_1_106' title='bbox 1264 1493 1296 1548; x_wconf 84' lang='lat'><strong>17</strong></span> 
     </span>
     <span class='ocr_line' id='line_1_13' title="bbox 261 1557 1253 1632; baseline -0.002 -16"><span class='ocrx_word' id='word_1_107' title='bbox 261 1560 288 1616; x_wconf 94' lang='lat' dir='ltr'><strong>si</strong></span> <span class='ocrx_word' id='word_1_108' title='bbox 314 1575 371 1616; x_wconf 92' lang='lat' dir='ltr'><strong>uno</strong></span> <span class='ocrx_word' id='word_1_109' title='bbox 394 1557 484 1616; x_wconf 89' lang='lat' dir='ltr'><strong>verbo</strong></span> <span class='ocrx_word' id='word_1_110' title='bbox 508 1559 544 1615; x_wconf 91' lang='lat' dir='ltr'><strong>sit</strong></span> <span class='ocrx_word' id='word_1_111' title='bbox 569 1566 709 1632; x_wconf 81' lang='lat' dir='ltr'><strong>erratum,</strong></span> <span class='ocrx_word' id='word_1_112' title='bbox 730 1568 790 1618; x_wconf 89' lang='lat' dir='ltr'><strong>tcta</strong></span> <span class='ocrx_word' id='word_1_113' title='bbox 813 1578 898 1619; x_wconf 88' lang='lat' dir='ltr'><strong>causa</strong></span> <span class='ocrx_word' id='word_1_114' title='bbox 926 1559 1068 1618; x_wconf 90' lang='lat' dir='ltr'><strong>cecidisse</strong></span> <span class='ocrx_word' id='word_1_115' title='bbox 1093 1560 1253 1625; x_wconf 85' lang='lat' dir='ltr'><strong>videamur;</strong></span> 
     </span>
     <span class='ocr_line' id='line_1_14' title="bbox 261 1640 1254 1720; baseline -0.003 -18"><span class='ocrx_word' id='word_1_116' title='bbox 261 1642 426 1719; x_wconf 89' lang='lat' dir='ltr'><strong>optimaque</strong></span> <span class='ocrx_word' id='word_1_117' title='bbox 443 1650 487 1699; x_wconf 91' lang='lat' dir='ltr'><strong>est</strong></span> <span class='ocrx_word' id='word_1_118' title='bbox 502 1640 551 1700; x_wconf 88' lang='lat' dir='ltr'><strong>illa</strong></span> <span class='ocrx_word' id='word_1_119' title='bbox 564 1641 656 1700; x_wconf 91' lang='lat' dir='ltr'><strong>media</strong></span> <span class='ocrx_word' id='word_1_120' title='bbox 670 1644 731 1716; x_wconf 76' lang='lat' dir='ltr'><strong>via,</strong></span> <span class='ocrx_word' id='word_1_121' title='bbox 754 1662 809 1720; x_wconf 88' lang='lat' dir='ltr'><strong>qua</strong></span> <span class='ocrx_word' id='word_1_122' title='bbox 827 1645 912 1703; x_wconf 86' lang='lat' dir='ltr'><strong>utitur</strong></span> <span class='ocrx_word' id='word_1_123' title='bbox 930 1642 1034 1703; x_wconf 82' lang='lat' dir='ltr'><strong>Cicero</strong></span> <span class='ocrx_word' id='word_1_124' title='bbox 1053 1659 1105 1719; x_wconf 89' lang='lat' dir='ltr'><strong>pro</strong></span> <span class='ocrx_word' id='word_1_125' title='bbox 1119 1641 1254 1714; x_wconf 78' lang='lat' dir='ltr'><strong>Caecina,</strong></span> 
     </span>
     <span class='ocr_line' id='line_1_15' title="bbox 260 1725 1254 1807; baseline 0.002 -24"><span class='ocrx_word' id='word_1_126' title='bbox 260 1734 293 1784; x_wconf 87' lang='lat' dir='ltr'><strong>ut</strong></span> <span class='ocrx_word' id='word_1_127' title='bbox 313 1744 362 1783; x_wconf 89' lang='lat' dir='ltr'><strong>res</strong></span> <span class='ocrx_word' id='word_1_128' title='bbox 377 1734 570 1807; x_wconf 67' lang='lat' dir='ltr'><strong>proponatur,</strong></span> <span class='ocrx_word' id='word_1_129' title='bbox 593 1725 681 1785; x_wconf 86' lang='lat' dir='ltr'><strong>verba</strong></span> <span class='ocrx_word' id='word_1_130' title='bbox 704 1744 761 1784; x_wconf 96' lang='lat' dir='ltr'><strong>non</strong></span> <span class='ocrx_word' id='word_1_131' title='bbox 781 1727 988 1804; x_wconf 77' lang='lat' dir='ltr'><strong>periclitentur.</strong></span> <span class='ocrx_word' id='word_1_132' title='bbox 1027 1725 1160 1802; x_wconf 78' lang='lat' dir='ltr'><strong>Etenim,</strong></span> <span class='ocrx_word' id='word_1_133' title='bbox 1173 1728 1254 1786; x_wconf 85' lang='lat' dir='ltr'><strong>reci-</strong></span> 
     </span>
     <span class='ocr_line' id='line_1_16' title="bbox 258 1810 1257 1888; baseline -0.002 -18"><span class='ocrx_word' id='word_1_134' title='bbox 258 1817 436 1888; x_wconf 79' lang='lat' dir='ltr'><strong>pcrutores,</strong></span> <span class='ocrx_word' id='word_1_135' title='bbox 457 1827 517 1868; x_wconf 81' lang='lat' dir='ltr'><strong>aon</strong></span> <span class='ocrx_word' id='word_1_136' title='bbox 537 1825 575 1868; x_wconf 87' lang='lat' dir='ltr'><strong>eu</strong></span> <span class='ocrx_word' id='word_1_137' title='bbox 594 1810 660 1869; x_wconf 83' lang='lat' dir='ltr'><strong>solo</strong></span> <span class='ocrx_word' id='word_1_138' title='bbox 680 1811 727 1869; x_wconf 80' lang='lat' dir='ltr'><strong>oio</strong></span> <span class='ocrx_word' id='word_1_139' title='bbox 747 1819 807 1886; x_wconf 85' lang='lat' dir='ltr'><strong>est,</strong></span> <span class='ocrx_word' id='word_1_140' title='bbox 831 1828 910 1888; x_wconf 84' lang='lat' dir='ltr'><strong>quoe</strong></span> <span class='ocrx_word' id='word_1_141' title='bbox 924 1811 969 1871; x_wconf 87' lang='lat' dir='ltr'><strong>od</strong></span> <span class='ocrx_word' id='word_1_142' title='bbox 992 1829 1104 1888; x_wconf 80' lang='lat' dir='ltr'><strong>corpus</strong></span> <span class='ocrx_word' id='word_1_143' title='bbox 1122 1819 1257 1872; x_wconf 81' lang='lat' dir='ltr'><strong>nostrum</strong></span> 
     </span>
     <span class='ocr_line' id='line_1_17' title="bbox 259 1894 1255 1972; baseline 0.001 -20"><span class='ocrx_word' id='word_1_144' title='bbox 259 1895 414 1970; x_wconf 74' lang='lat' dir='ltr'><strong>citumque</strong></span> <span class='ocrx_word' id='word_1_145' title='bbox 430 1894 584 1970; x_wconf 84' lang='lat' dir='ltr'><strong>peruenit,</strong></span> <span class='ocrx_word' id='word_1_146' title='bbox 600 1894 759 1953; x_wconf 83' lang='lat' dir='ltr'><strong>sedetiam</strong></span> <span class='ocrx_word' id='word_1_147' title='bbox 774 1896 864 1955; x_wconf 87' lang='lat' dir='ltr'><strong>multo</strong></span> <span class='ocrx_word' id='word_1_148' title='bbox 880 1895 978 1955; x_wconf 77' lang='lat' dir='ltr'><strong>motor</strong></span> <span class='ocrx_word' id='word_1_149' title='bbox 993 1913 1046 1969; x_wconf 88' lang='lat' dir='ltr'><strong>eo,</strong></span> <span class='ocrx_word' id='word_1_150' title='bbox 1063 1910 1157 1971; x_wconf 79' lang='lat' dir='ltr'><strong>quoe,</strong></span> <span class='ocrx_word' id='word_1_151' title='bbox 1170 1894 1255 1972; x_wconf 84' lang='lat' dir='ltr'><strong>peri-</strong></span> 
     </span>
     <span class='ocr_line' id='line_1_18' title="bbox 262 1977 1256 2055; baseline -0.001 -17"><span class='ocrx_word' id='word_1_152' title='bbox 262 1977 331 2038; x_wconf 73' lang='lat' dir='ltr'><strong>outo</strong></span> <span class='ocrx_word' id='word_1_153' title='bbox 347 1979 452 2037; x_wconf 83' lang='lat' dir='ltr'><strong>mortio</strong></span> <span class='ocrx_word' id='word_1_154' title='bbox 477 1977 605 2052; x_wconf 79' lang='lat' dir='ltr'><strong>iniecto,</strong></span> <span class='ocrx_word' id='word_1_155' title='bbox 628 1977 791 2055; x_wconf 73' lang='lat' dir='ltr'><strong>formidine</strong></span> <span class='ocrx_word' id='word_1_156' title='bbox 817 1979 950 2038; x_wconf 83' lang='lat' dir='ltr'><strong>ocimum</strong></span> <span class='ocrx_word' id='word_1_157' title='bbox 971 1980 1167 2054; x_wconf 71' lang='lat' dir='ltr'><strong>perterritam</strong></span> <span class='ocrx_word' id='word_1_158' title='bbox 1191 1979 1256 2038; x_wconf 90' lang='lat' dir='ltr'><strong>loco</strong></span> 
     </span>
     <span class='ocr_line' id='line_1_19' title="bbox 261 2060 1297 2138; baseline -0.001 -17"><span class='ocrx_word' id='word_1_159' title='bbox 261 2078 356 2138; x_wconf 77' lang='lat' dir='ltr'><strong>saepe</strong></span> <span class='ocrx_word' id='word_1_160' title='bbox 377 2068 407 2120; x_wconf 88' lang='lat' dir='ltr'><strong>et</strong></span> <span class='ocrx_word' id='word_1_161' title='bbox 426 2068 508 2121; x_wconf 81' lang='lat' dir='ltr'><strong>certo</strong></span> <span class='ocrx_word' id='word_1_162' title='bbox 521 2068 602 2120; x_wconf 81' lang='lat' dir='ltr'><strong>statu</strong></span> <span class='ocrx_word' id='word_1_163' title='bbox 616 2062 758 2120; x_wconf 84' lang='lat' dir='ltr'><em>demovet.</em></span> <span class='ocrx_word' id='word_1_164' title='bbox 786 2060 860 2136; x_wconf 81' lang='lat' dir='ltr'><strong>Aut,</strong></span> <span class='ocrx_word' id='word_1_165' title='bbox 883 2079 945 2119; x_wconf 93' lang='lat' dir='ltr'><strong>cum</strong></span> <span class='ocrx_word' id='word_1_166' title='bbox 965 2062 1119 2119; x_wconf 91' lang='lat' dir='ltr'><strong>linitionem</strong></span> <span class='ocrx_word' id='word_1_167' title='bbox 1136 2078 1255 2137; x_wconf 88' lang='lat' dir='ltr'><strong>praece·</strong></span> <span class='ocrx_word' id='word_1_168' title='bbox 1264 2067 1297 2120; x_wconf 87' lang='lat'><strong>18</strong></span> 
     </span>
     <span class='ocr_line' id='line_1_20' title="bbox 262 2142 1254 2221; baseline -0.003 -17"><span class='ocrx_word' id='word_1_169' title='bbox 262 2145 303 2204; x_wconf 91' lang='lat' dir='ltr'><strong>dit</strong></span> <span class='ocrx_word' id='word_1_170' title='bbox 330 2143 478 2221; x_wconf 74' lang='lat' dir='ltr'><strong>probatio,</strong></span> <span class='ocrx_word' id='word_1_171' title='bbox 505 2151 535 2202; x_wconf 89' lang='lat' dir='ltr'><strong>ut</strong></span> <span class='ocrx_word' id='word_1_172' title='bbox 560 2144 588 2202; x_wconf 93' lang='lat' dir='ltr'><strong>in</strong></span> <span class='ocrx_word' id='word_1_173' title='bbox 611 2142 776 2221; x_wconf 81' lang='lat' dir='ltr'><strong>Philippicis</strong></span> <span class='ocrx_word' id='word_1_174' title='bbox 803 2143 906 2204; x_wconf 85' lang='lat' dir='ltr'><strong>Cicero</strong></span> <span class='ocrx_word' id='word_1_175' title='bbox 939 2145 1069 2202; x_wconf 85' lang='lat' dir='ltr'><strong>Servium</strong></span> <span class='ocrx_word' id='word_1_176' title='bbox 1097 2143 1254 2220; x_wconf 86' lang='lat' dir='ltr'><strong>Sulpicium</strong></span> 
     </span>
     <span class='ocr_line' id='line_1_21' title="bbox 263 2226 1254 2304; baseline -0.003 -18"><span class='ocrx_word' id='word_1_177' title='bbox 263 2229 391 2287; x_wconf 92' lang='lat' dir='ltr'><strong>occisum</strong></span> <span class='ocrx_word' id='word_1_178' title='bbox 412 2227 447 2286; x_wconf 92' lang='lat' dir='ltr'><strong>ab</strong></span> <span class='ocrx_word' id='word_1_179' title='bbox 463 2226 587 2285; x_wconf 80' lang='lat' dir='ltr'><strong>Antonio</strong></span> <span class='ocrx_word' id='word_1_180' title='bbox 606 2227 717 2304; x_wconf 76' lang='lat' dir='ltr'><strong>colligit</strong></span> <span class='ocrx_word' id='word_1_181' title='bbox 735 2238 763 2286; x_wconf 92' lang='lat' dir='ltr'><strong>et</strong></span> <span class='ocrx_word' id='word_1_182' title='bbox 784 2230 813 2288; x_wconf 94' lang='lat' dir='ltr'><strong>in</strong></span> <span class='ocrx_word' id='word_1_183' title='bbox 833 2227 961 2289; x_wconf 83' lang='lat' dir='ltr'><strong>clausula</strong></span> <span class='ocrx_word' id='word_1_184' title='bbox 986 2227 1096 2286; x_wconf 91' lang='lat' dir='ltr'><strong>demum</strong></span> <span class='ocrx_word' id='word_1_185' title='bbox 1121 2229 1159 2285; x_wconf 90' lang='lat' dir='ltr'><strong>ita</strong></span> <span class='ocrx_word' id='word_1_186' title='bbox 1179 2226 1254 2284; x_wconf 85' lang='lat' dir='ltr'><strong>finit:</strong></span> 
     </span>
     <span class='ocr_line' id='line_1_22' title="bbox 262 2310 1254 2390; baseline -0.001 -20"><span class='ocrx_word' id='word_1_187' title='bbox 262 2310 296 2372; x_wconf 83' lang='lat' dir='ltr'><strong>lo</strong></span> <span class='ocrx_word' id='word_1_188' title='bbox 321 2315 399 2371; x_wconf 77' lang='lat' dir='ltr'><strong>eodm</strong></span> <span class='ocrx_word' id='word_1_189' title='bbox 421 2312 556 2389; x_wconf 81' lang='lat' dir='ltr'><strong>profecto</strong></span> <span class='ocrx_word' id='word_1_190' title='bbox 582 2319 705 2373; x_wconf 87' lang='lat' dir='ltr'><strong>mortem</strong></span> <span class='ocrx_word' id='word_1_191' title='bbox 729 2315 845 2390; x_wconf 78' lang='lat' dir='ltr'><strong>attulit,</strong></span> <span class='ocrx_word' id='word_1_192' title='bbox 874 2313 926 2390; x_wconf 84' lang='lat' dir='ltr'><strong>qui</strong></span> <span class='ocrx_word' id='word_1_193' title='bbox 947 2329 1044 2373; x_wconf 81' lang='lat' dir='ltr'><strong>cocco</strong></span> <span class='ocrx_word' id='word_1_194' title='bbox 1064 2312 1169 2371; x_wconf 79' lang='lat' dir='ltr'><strong>mortio</strong></span> <span class='ocrx_word' id='word_1_195' title='bbox 1187 2310 1254 2388; x_wconf 77' lang='lat' dir='ltr'><strong>fuit.</strong></span> 
     </span>
     <span class='ocr_line' id='line_1_23' title="bbox 262 2394 1253 2475; baseline -0.001 -22"><span class='ocrx_word' id='word_1_196' title='bbox 262 2394 327 2453; x_wconf 89' lang='lat' dir='ltr'><strong>Non</strong></span> <span class='ocrx_word' id='word_1_197' title='bbox 346 2397 511 2471; x_wconf 79' lang='lat' dir='ltr'><strong>negaverim</strong></span> <span class='ocrx_word' id='word_1_198' title='bbox 537 2404 646 2471; x_wconf 85' lang='lat' dir='ltr'><strong>tamen,</strong></span> <span class='ocrx_word' id='word_1_199' title='bbox 669 2396 742 2455; x_wconf 87' lang='lat' dir='ltr'><strong>haec</strong></span> <span class='ocrx_word' id='word_1_200' title='bbox 765 2414 899 2475; x_wconf 81' lang='lat' dir='ltr'><strong>quoqne,</strong></span> <span class='ocrx_word' id='word_1_201' title='bbox 927 2404 958 2454; x_wconf 93' lang='lat' dir='ltr'><strong>ut</strong></span> <span class='ocrx_word' id='word_1_202' title='bbox 979 2394 1115 2472; x_wconf 88' lang='lat' dir='ltr'><strong>expediet</strong></span> <span class='ocrx_word' id='word_1_203' title='bbox 1139 2411 1253 2466; x_wconf 84' lang='lat' dir='ltr'><strong>causae,</strong></span> 
     </span>
     <span class='ocr_line' id='line_1_24' title="bbox 262 2475 1255 2557; baseline -0.002 -21"><span class='ocrx_word' id='word_1_204' title='bbox 262 2496 330 2537; x_wconf 90' lang='lat' dir='ltr'><strong>esse</strong></span> <span class='ocrx_word' id='word_1_205' title='bbox 348 2478 493 2553; x_wconf 81' lang='lat' dir='ltr'><strong>facienda,</strong></span> <span class='ocrx_word' id='word_1_206' title='bbox 515 2487 544 2537; x_wconf 90' lang='lat' dir='ltr'><strong>et</strong></span> <span class='ocrx_word' id='word_1_207' title='bbox 566 2480 590 2537; x_wconf 92' lang='lat' dir='ltr'><strong>si</strong></span> <span class='ocrx_word' id='word_1_208' title='bbox 611 2480 723 2557; x_wconf 90' lang='lat' dir='ltr'><strong>quando</strong></span> <span class='ocrx_word' id='word_1_209' title='bbox 739 2481 818 2540; x_wconf 88' lang='lat' dir='ltr'><strong>lirma</strong></span> <span class='ocrx_word' id='word_1_210' title='bbox 834 2479 1037 2557; x_wconf 83' lang='lat' dir='ltr'><strong>comprehendi</strong></span> <span class='ocrx_word' id='word_1_211' title='bbox 1053 2479 1159 2556; x_wconf 87' lang='lat' dir='ltr'><strong>poterit</strong></span> <span class='ocrx_word' id='word_1_212' title='bbox 1174 2475 1255 2536; x_wconf 90' lang='lat' dir='ltr'><strong>brevi</strong></span> 
     </span>
     <span class='ocr_line' id='line_1_25' title="bbox 263 2562 1255 2639; baseline -0.002 -18"><span class='ocrx_word' id='word_1_213' title='bbox 263 2563 416 2639; x_wconf 87' lang='lat' dir='ltr'><strong>complexu</strong></span> <span class='ocrx_word' id='word_1_214' title='bbox 438 2562 592 2621; x_wconf 88' lang='lat' dir='ltr'><strong>verborum</strong></span> <span class='ocrx_word' id='word_1_215' title='bbox 613 2564 717 2623; x_wconf 87' lang='lat' dir='ltr'><strong>linitio:</strong></span> <span class='ocrx_word' id='word_1_216' title='bbox 741 2583 808 2624; x_wconf 88' lang='lat' dir='ltr'><strong>esse</strong></span> <span class='ocrx_word' id='word_1_217' title='bbox 829 2566 857 2624; x_wconf 90' lang='lat' dir='ltr'><strong>id</strong></span> <span class='ocrx_word' id='word_1_218' title='bbox 876 2573 934 2623; x_wconf 92' lang='lat' dir='ltr'><strong>tum</strong></span> <span class='ocrx_word' id='word_1_219' title='bbox 957 2562 1076 2638; x_wconf 84' lang='lat' dir='ltr'><strong>elegans</strong></span> <span class='ocrx_word' id='word_1_220' title='bbox 1097 2563 1255 2621; x_wconf 76' lang='lat' dir='ltr'><strong>tumeliam</strong></span> 
     </span>
     <span class='ocr_line' id='line_1_26' title="bbox 261 2646 988 2725; baseline 0 -21"><span class='ocrx_word' id='word_1_221' title='bbox 261 2647 463 2722; x_wconf 69' lang='lat' dir='ltr'><strong>fortissimum,</strong></span> <span class='ocrx_word' id='word_1_222' title='bbox 479 2649 503 2705; x_wconf 93' lang='lat' dir='ltr'><strong>si</strong></span> <span class='ocrx_word' id='word_1_223' title='bbox 517 2646 602 2705; x_wconf 92' lang='lat' dir='ltr'><strong>modo</strong></span> <span class='ocrx_word' id='word_1_224' title='bbox 617 2649 671 2706; x_wconf 88' lang='lat' dir='ltr'><strong>erit</strong></span> <span class='ocrx_word' id='word_1_225' title='bbox 688 2647 737 2708; x_wconf 89' lang='lat' dir='ltr'><strong>illa</strong></span> <span class='ocrx_word' id='word_1_226' title='bbox 749 2646 988 2725; x_wconf 85' lang='lat' dir='ltr'><strong>inexpugnabilis.</strong></span> 
     </span>
    </p>

    <p class='ocr_par' dir='ltr' id='par_1_3' title="bbox 261 2726 1296 2976">
     <span class='ocr_line' id='line_1_27' title="bbox 346 2726 1296 2810; baseline 0.004 -22"><span class='ocrx_word' id='word_1_227' title='bbox 346 2728 416 2788; x_wconf 87' lang='lat' dir='ltr'><strong>Eius</strong></span> <span class='ocrx_word' id='word_1_228' title='bbox 439 2740 534 2790; x_wconf 87' lang='lat' dir='ltr'><strong>certus</strong></span> <span class='ocrx_word' id='word_1_229' title='bbox 559 2730 630 2789; x_wconf 94' lang='lat' dir='ltr'><strong>ordo</strong></span> <span class='ocrx_word' id='word_1_230' title='bbox 654 2740 715 2806; x_wconf 84' lang='lat' dir='ltr'><strong>est,</strong></span> <span class='ocrx_word' id='word_1_231' title='bbox 743 2733 828 2810; x_wconf 89' lang='lat' dir='ltr'><strong>quid</strong></span> <span class='ocrx_word' id='word_1_232' title='bbox 850 2727 919 2791; x_wconf 79' lang='lat' dir='ltr'><strong>siti</strong></span> <span class='ocrx_word' id='word_1_233' title='bbox 943 2748 987 2789; x_wconf 91' lang='lat' dir='ltr'><strong>an</strong></span> <span class='ocrx_word' id='word_1_234' title='bbox 1006 2729 1076 2788; x_wconf 92' lang='lat' dir='ltr'><strong>hoc</strong></span> <span class='ocrx_word' id='word_1_235' title='bbox 1092 2726 1161 2788; x_wconf 82' lang='lat' dir='ltr'><strong>sit?</strong></span> <span class='ocrx_word' id='word_1_236' title='bbox 1184 2730 1296 2791; x_wconf 84' lang='lat' dir='ltr'><strong>etin19</strong></span> 
     </span>
     <span class='ocr_line' id='line_1_28' title="bbox 261 2813 1254 2891; baseline -0.002 -19"><span class='ocrx_word' id='word_1_237' title='bbox 261 2813 319 2872; x_wconf 93' lang='lat' dir='ltr'><strong>hoc</strong></span> <span class='ocrx_word' id='word_1_238' title='bbox 337 2813 401 2871; x_wconf 84' lang='lat' dir='ltr'><strong>lere</strong></span> <span class='ocrx_word' id='word_1_239' title='bbox 422 2814 504 2876; x_wconf 89' lang='lat' dir='ltr'><strong>labor</strong></span> <span class='ocrx_word' id='word_1_240' title='bbox 518 2814 608 2872; x_wconf 90' lang='lat' dir='ltr'><strong>maior</strong></span> <span class='ocrx_word' id='word_1_241' title='bbox 623 2823 685 2890; x_wconf 89' lang='lat' dir='ltr'><strong>est,</strong></span> <span class='ocrx_word' id='word_1_242' title='bbox 706 2824 735 2874; x_wconf 91' lang='lat' dir='ltr'><strong>ut</strong></span> <span class='ocrx_word' id='word_1_243' title='bbox 756 2816 910 2875; x_wconf 77' lang='lat' dir='ltr'><strong>linitionem</strong></span> <span class='ocrx_word' id='word_1_244' title='bbox 932 2814 1099 2888; x_wconf 85' lang='lat' dir='ltr'><strong>confirmes,</strong></span> <span class='ocrx_word' id='word_1_245' title='bbox 1122 2831 1205 2891; x_wconf 90' lang='lat' dir='ltr'><strong>quam</strong></span> <span class='ocrx_word' id='word_1_246' title='bbox 1225 2821 1254 2870; x_wconf 92' lang='lat' dir='ltr'><strong>ut</strong></span> 
     </span>
     <span class='ocr_line' id='line_1_29' title="bbox 262 2896 690 2976; baseline 0.002 -21"><span class='ocrx_word' id='word_1_247' title='bbox 262 2898 291 2955; x_wconf 94' lang='lat' dir='ltr'><strong>in</strong></span> <span class='ocrx_word' id='word_1_248' title='bbox 307 2915 368 2956; x_wconf 91' lang='lat' dir='ltr'><strong>rem</strong></span> <span class='ocrx_word' id='word_1_249' title='bbox 381 2896 536 2957; x_wconf 87' lang='lat' dir='ltr'><strong>linitionem</strong></span> <span class='ocrx_word' id='word_1_250' title='bbox 550 2897 690 2976; x_wconf 88' lang='lat' dir='ltr'><strong>applices.</strong></span> 
     </span>
    </p>

    <p class='ocr_par' dir='ltr' id='par_1_4' title="bbox 261 2978 1297 3811">
     <span class='ocr_line' id='line_1_30' title="bbox 346 2978 1255 3060; baseline -0.001 -22"><span class='ocrx_word' id='word_1_251' title='bbox 346 2978 378 3038; x_wconf 93' lang='lat' dir='ltr'><strong>ln</strong></span> <span class='ocrx_word' id='word_1_252' title='bbox 404 2998 457 3056; x_wconf 81' lang='lat' dir='ltr'><strong>eo,</strong></span> <span class='ocrx_word' id='word_1_253' title='bbox 480 2981 567 3059; x_wconf 51' lang='lat' dir='ltr'><strong>¹quid</strong></span> <span class='ocrx_word' id='word_1_254' title='bbox 598 2979 665 3041; x_wconf 82' lang='lat' dir='ltr'><strong>sit?</strong></span> <span class='ocrx_word' id='word_1_255' title='bbox 694 2981 801 3060; x_wconf 88' lang='lat' dir='ltr'><strong>duplex</strong></span> <span class='ocrx_word' id='word_1_256' title='bbox 827 2999 900 3060; x_wconf 86' lang='lat' dir='ltr'><strong>opus</strong></span> <span class='ocrx_word' id='word_1_257' title='bbox 927 2991 981 3041; x_wconf 87' lang='lat' dir='ltr'><strong>est.</strong></span> <span class='ocrx_word' id='word_1_258' title='bbox 1017 2980 1089 3040; x_wconf 87' lang='lat' dir='ltr'><strong>Nam</strong></span> <span class='ocrx_word' id='word_1_259' title='bbox 1107 2988 1138 3038; x_wconf 89' lang='lat' dir='ltr'><strong>et</strong></span> <span class='ocrx_word' id='word_1_260' title='bbox 1158 2987 1255 3037; x_wconf 88' lang='lat' dir='ltr'><strong>nostra</strong></span> 
     </span>
     <span class='ocr_line' id='line_1_31' title="bbox 263 3061 1297 3143; baseline -0.003 -21"><span class='ocrx_word' id='word_1_261' title='bbox 263 3063 455 3123; x_wconf 87' lang='lat' dir='ltr'><strong>confirmanda</strong></span> <span class='ocrx_word' id='word_1_262' title='bbox 477 3075 522 3123; x_wconf 90' lang='lat' dir='ltr'><strong>est</strong></span> <span class='ocrx_word' id='word_1_263' title='bbox 542 3075 572 3124; x_wconf 88' lang='lat' dir='ltr'><strong>et</strong></span> <span class='ocrx_word' id='word_1_264' title='bbox 595 3065 734 3125; x_wconf 87' lang='lat' dir='ltr'><strong>adversae</strong></span> <span class='ocrx_word' id='word_1_265' title='bbox 752 3067 840 3142; x_wconf 87' lang='lat' dir='ltr'><strong>partis</strong></span> <span class='ocrx_word' id='word_1_266' title='bbox 859 3063 1031 3125; x_wconf 89' lang='lat' dir='ltr'><strong>destruenda</strong></span> <span class='ocrx_word' id='word_1_267' title='bbox 1046 3064 1144 3123; x_wconf 89' lang='lat' dir='ltr'><strong>finitio.</strong></span> <span class='ocrx_word' id='word_1_268' title='bbox 1173 3061 1297 3143; x_wconf 72' lang='lat' dir='ltr'><strong>Ideo-no</strong></span> 
     </span>
     <span class='ocr_line' id='line_1_32' title="bbox 263 3144 1255 3227; baseline -0.003 -21"><span class='ocrx_word' id='word_1_269' title='bbox 263 3166 319 3225; x_wconf 89' lang='lat' dir='ltr'><strong>que</strong></span> <span class='ocrx_word' id='word_1_270' title='bbox 337 3149 366 3205; x_wconf 92' lang='lat' dir='ltr'><strong>in</strong></span> <span class='ocrx_word' id='word_1_271' title='bbox 380 3148 498 3223; x_wconf 83' lang='lat' dir='ltr'><strong>schola,</strong></span> <span class='ocrx_word' id='word_1_272' title='bbox 514 3148 561 3207; x_wconf 94' lang='lat' dir='ltr'><strong>uhi</strong></span> <span class='ocrx_word' id='word_1_273' title='bbox 576 3148 659 3207; x_wconf 90' lang='lat' dir='ltr'><strong>nobis</strong></span> <span class='ocrx_word' id='word_1_274' title='bbox 676 3151 732 3227; x_wconf 91' lang='lat' dir='ltr'><strong>ipsi</strong></span> <span class='ocrx_word' id='word_1_275' title='bbox 749 3149 879 3224; x_wconf 83' lang='lat' dir='ltr'><strong>tingimus</strong></span> <span class='ocrx_word' id='word_1_276' title='bbox 896 3148 1165 3220; x_wconf 80' lang='lat' dir='ltr'><strong>contradictionem,</strong></span> <span class='ocrx_word' id='word_1_277' title='bbox 1183 3144 1255 3204; x_wconf 93' lang='lat' dir='ltr'><strong>duos</strong></span> 
     </span>
     <span class='ocr_line' id='line_1_33' title="bbox 261 3231 1254 3311; baseline -0.002 -23"><span class='ocrx_word' id='word_1_278' title='bbox 261 3248 373 3309; x_wconf 90' lang='lat' dir='ltr'><strong>ponere</strong></span> <span class='ocrx_word' id='word_1_279' title='bbox 389 3231 524 3291; x_wconf 90' lang='lat' dir='ltr'><strong>dehemus</strong></span> <span class='ocrx_word' id='word_1_280' title='bbox 540 3234 628 3307; x_wconf 78' lang='lat' dir='ltr'><strong>lines,</strong></span> <span class='ocrx_word' id='word_1_281' title='bbox 651 3232 752 3311; x_wconf 87' lang='lat' dir='ltr'><strong>quales</strong></span> <span class='ocrx_word' id='word_1_282' title='bbox 768 3233 900 3309; x_wconf 90' lang='lat' dir='ltr'><strong>utrinque</strong></span> <span class='ocrx_word' id='word_1_283' title='bbox 917 3250 983 3291; x_wconf 88' lang='lat' dir='ltr'><strong>esse</strong></span> <span class='ocrx_word' id='word_1_284' title='bbox 999 3232 1095 3309; x_wconf 91' lang='lat' dir='ltr'><strong>optimi</strong></span> <span class='ocrx_word' id='word_1_285' title='bbox 1111 3238 1254 3307; x_wconf 86' lang='lat' dir='ltr'><strong>potemnt.</strong></span> 
     </span>
     <span class='ocr_line' id='line_1_34' title="bbox 262 3312 1256 3393; baseline -0.001 -21"><span class='ocrx_word' id='word_1_286' title='bbox 262 3314 301 3373; x_wconf 84' lang='lat' dir='ltr'><strong>At</strong></span> <span class='ocrx_word' id='word_1_287' title='bbox 321 3317 349 3373; x_wconf 94' lang='lat' dir='ltr'><strong>in</strong></span> <span class='ocrx_word' id='word_1_288' title='bbox 370 3316 435 3374; x_wconf 86' lang='lat' dir='ltr'><strong>loro</strong></span> <span class='ocrx_word' id='word_1_289' title='bbox 459 3315 679 3393; x_wconf 81' lang='lat' dir='ltr'><strong>providendum,</strong></span> <span class='ocrx_word' id='word_1_290' title='bbox 702 3334 767 3374; x_wconf 95' lang='lat' dir='ltr'><strong>num</strong></span> <span class='ocrx_word' id='word_1_291' title='bbox 785 3315 862 3374; x_wconf 87' lang='lat' dir='ltr'><strong>forte</strong></span> <span class='ocrx_word' id='word_1_292' title='bbox 885 3331 1066 3393; x_wconf 80' lang='lat' dir='ltr'><strong>supervacua</strong></span> <span class='ocrx_word' id='word_1_293' title='bbox 1087 3322 1116 3372; x_wconf 86' lang='lat' dir='ltr'><strong>et</strong></span> <span class='ocrx_word' id='word_1_294' title='bbox 1137 3312 1205 3372; x_wconf 91' lang='lat' dir='ltr'><strong>nihil</strong></span> <span class='ocrx_word' id='word_1_295' title='bbox 1220 3312 1256 3372; x_wconf 86' lang='lat' dir='ltr'><strong>ad</strong></span> 
     </span>
     <span class='ocr_line' id='line_1_35' title="bbox 262 3397 1256 3477; baseline -0.003 -20"><span class='ocrx_word' id='word_1_296' title='bbox 262 3416 378 3457; x_wconf 85' lang='lat' dir='ltr'><strong>causam</strong></span> <span class='ocrx_word' id='word_1_297' title='bbox 397 3401 543 3477; x_wconf 87' lang='lat' dir='ltr'><strong>pertinens</strong></span> <span class='ocrx_word' id='word_1_298' title='bbox 565 3416 600 3457; x_wconf 88' lang='lat' dir='ltr'><strong>an</strong></span> <span class='ocrx_word' id='word_1_299' title='bbox 623 3397 754 3474; x_wconf 84' lang='lat' dir='ltr'><strong>ambigua</strong></span> <span class='ocrx_word' id='word_1_300' title='bbox 772 3417 807 3458; x_wconf 90' lang='lat' dir='ltr'><strong>an</strong></span> <span class='ocrx_word' id='word_1_301' title='bbox 826 3400 968 3458; x_wconf 89' lang='lat' dir='ltr'><strong>contraria</strong></span> <span class='ocrx_word' id='word_1_302' title='bbox 992 3415 1028 3457; x_wconf 89' lang='lat' dir='ltr'><strong>an</strong></span> <span class='ocrx_word' id='word_1_303' title='bbox 1049 3398 1204 3456; x_wconf 90' lang='lat' dir='ltr'><strong>communis</strong></span> <span class='ocrx_word' id='word_1_304' title='bbox 1219 3398 1256 3454; x_wconf 91' lang='lat' dir='ltr'><strong>sit</strong></span> 
     </span>
     <span class='ocr_line' id='line_1_36' title="bbox 262 3478 1296 3560; baseline 0.001 -21"><span class='ocrx_word' id='word_1_305' title='bbox 262 3482 367 3550; x_wconf 90' lang='lat' dir='ltr'><strong>linitio;</strong></span> <span class='ocrx_word' id='word_1_306' title='bbox 385 3499 504 3560; x_wconf 89' lang='lat' dir='ltr'><strong>quorum</strong></span> <span class='ocrx_word' id='word_1_307' title='bbox 526 3482 595 3542; x_wconf 93' lang='lat' dir='ltr'><strong>nihil</strong></span> <span class='ocrx_word' id='word_1_308' title='bbox 616 3482 750 3542; x_wconf 86' lang='lat' dir='ltr'><strong>accidere</strong></span> <span class='ocrx_word' id='word_1_309' title='bbox 767 3484 821 3541; x_wconf 91' lang='lat' dir='ltr'><strong>nisi</strong></span> <span class='ocrx_word' id='word_1_310' title='bbox 842 3484 953 3558; x_wconf 84' lang='lat' dir='ltr'><strong>agentis</strong></span> <span class='ocrx_word' id='word_1_311' title='bbox 975 3481 1058 3559; x_wconf 85' lang='lat' dir='ltr'><strong>culpa</strong></span> <span class='ocrx_word' id='word_1_312' title='bbox 1078 3490 1185 3558; x_wconf 85' lang='lat' dir='ltr'><strong>potest.</strong></span> <span class='ocrx_word' id='word_1_313' title='bbox 1219 3478 1296 3540; x_wconf 71' lang='lat' dir='ltr'><strong>Uthl</strong></span> 
     </span>
     <span class='ocr_line' id='line_1_37' title="bbox 261 3565 1271 3643; baseline -0.003 -20"><span class='ocrx_word' id='word_1_314' title='bbox 261 3575 343 3624; x_wconf 90' lang='lat' dir='ltr'><strong>recte</strong></span> <span class='ocrx_word' id='word_1_315' title='bbox 358 3575 453 3624; x_wconf 88' lang='lat' dir='ltr'><strong>autem</strong></span> <span class='ocrx_word' id='word_1_316' title='bbox 474 3566 616 3640; x_wconf 74' lang='lat' dir='ltr'><strong>liniamus,</strong></span> <span class='ocrx_word' id='word_1_317' title='bbox 640 3567 678 3625; x_wconf 87' lang='lat' dir='ltr'><strong>ita</strong></span> <span class='ocrx_word' id='word_1_318' title='bbox 696 3566 761 3640; x_wconf 84' lang='lat' dir='ltr'><strong>liet,</strong></span> <span class='ocrx_word' id='word_1_319' title='bbox 784 3567 809 3623; x_wconf 94' lang='lat' dir='ltr'><strong>si</strong></span> <span class='ocrx_word' id='word_1_320' title='bbox 828 3568 907 3643; x_wconf 89' lang='lat' dir='ltr'><strong>prius</strong></span> <span class='ocrx_word' id='word_1_321' title='bbox 922 3566 951 3623; x_wconf 93' lang='lat' dir='ltr'><strong>in</strong></span> <span class='ocrx_word' id='word_1_322' title='bbox 967 3566 1059 3625; x_wconf 85' lang='lat' dir='ltr'><strong>animo</strong></span> <span class='ocrx_word' id='word_1_323' title='bbox 1076 3565 1271 3623; x_wconf 48' lang='lat' dir='ltr'><strong>consument-1</strong></span> 
     </span>
     <span class='ocr_line' id='line_1_38' title="bbox 261 3646 1255 3727; baseline -0.004 -21"><span class='ocrx_word' id='word_1_324' title='bbox 261 3667 342 3723; x_wconf 76' lang='lat' dir='ltr'><strong>mus,</strong></span> <span class='ocrx_word' id='word_1_325' title='bbox 359 3649 425 3727; x_wconf 87' lang='lat' dir='ltr'><strong>quid</strong></span> <span class='ocrx_word' id='word_1_326' title='bbox 435 3649 556 3707; x_wconf 86' lang='lat' dir='ltr'><strong>velimus</strong></span> <span class='ocrx_word' id='word_1_327' title='bbox 573 3649 700 3709; x_wconf 85' lang='lat' dir='ltr'><strong>efficere.</strong></span> <span class='ocrx_word' id='word_1_328' title='bbox 732 3650 781 3709; x_wconf 88' lang='lat' dir='ltr'><strong>Sic</strong></span> <span class='ocrx_word' id='word_1_329' title='bbox 793 3651 866 3708; x_wconf 93' lang='lat' dir='ltr'><strong>enim</strong></span> <span class='ocrx_word' id='word_1_330' title='bbox 881 3649 1091 3707; x_wconf 86' lang='lat' dir='ltr'><strong>accommodari</strong></span> <span class='ocrx_word' id='word_1_331' title='bbox 1106 3647 1140 3708; x_wconf 89' lang='lat' dir='ltr'><strong>ad</strong></span> <span class='ocrx_word' id='word_1_332' title='bbox 1155 3646 1255 3706; x_wconf 89' lang='lat' dir='ltr'><strong>volun·</strong></span> 
     </span>
     <span class='ocr_line' id='line_1_39' title="bbox 261 3730 1254 3811; baseline -0.005 -21"><span class='ocrx_word' id='word_1_333' title='bbox 261 3741 351 3792; x_wconf 88' lang='lat' dir='ltr'><strong>tatem</strong></span> <span class='ocrx_word' id='word_1_334' title='bbox 370 3732 459 3791; x_wconf 86' lang='lat' dir='ltr'><strong>verba</strong></span> <span class='ocrx_word' id='word_1_335' title='bbox 475 3741 619 3810; x_wconf 80' lang='lat' dir='ltr'><strong>poterunt.</strong></span> <span class='ocrx_word' id='word_1_336' title='bbox 652 3732 749 3811; x_wconf 87' lang='lat' dir='ltr'><strong>Atque</strong></span> <span class='ocrx_word' id='word_1_337' title='bbox 771 3741 802 3791; x_wconf 87' lang='lat' dir='ltr'><strong>ut</strong></span> <span class='ocrx_word' id='word_1_338' title='bbox 822 3750 839 3791; x_wconf 87' lang='lat' dir='ltr'><strong>a</strong></span> <span class='ocrx_word' id='word_1_339' title='bbox 855 3734 1003 3792; x_wconf 90' lang='lat' dir='ltr'><strong>notissimo</strong></span> <span class='ocrx_word' id='word_1_340' title='bbox 1026 3730 1178 3808; x_wconf 57' lang='lat' dir='ltr'><strong>exemplo„</strong></span> <span class='ocrx_word' id='word_1_341' title='bbox 1197 3743 1254 3805; x_wconf 73' lang='lat' dir='ltr'><strong>quo</strong></span> 
     </span>
    </p>
   </div>
   <div class='ocr_carea' id='block_1_3' title="bbox 0 0 1596 4409">
    <p class='ocr_par' dir='ltr' id='par_1_5' title="bbox 0 0 1596 4409">
     <span class='ocr_line' id='line_1_40' title="bbox 0 0 1596 4409; baseline 0 0"><span class='ocrx_word' id='word_1_342' title='bbox 0 0 1596 4409; x_wconf 95' lang='lat' dir='ltr'><strong> </strong></span> 
     </span>
    </p>
   </div>
  </div>
 </body>
</html>
