3184 4409
333 493 396 557 262
656 505 1017 567 anonumum

334 662 507 742 scripsisse,
526 661 550 720 si
565 661 621 721 alia
637 679 675 721 ex
690 660 823 737 diverso,
839 676 924 740 quarn
938 660 1051 739 opinati
1066 660 1200 741 luerint,
1216 678 1318 725 ιιιιιιιι

293 755 326 812 17
334 750 398 808 rint.
435 745 519 807 Inviti
535 747 610 804 enirn
629 744 770 805 recedunt
791 761 808 805 a
825 744 1005 824 praeparatis
1030 754 1064 806 et
1080 740 1150 809 tota
1173 750 1319 819 actionem

334 831 458 912 spiciunt
482 831 706 907 requiruntque,
733 846 800 888 nuru
819 826 927 908 aliquid
948 844 987 887 ex
1003 828 1066 890 illis
1082 830 1245 893 intervelli
1263 840 1320 911 ιιῃ

335 934 373 975 ex
388 924 521 993 tempore
533 912 662 973 dicendis
677 914 765 978 inseri
782 912 890 991 possit;
906 911 1024 991 quodsi
1038 914 1107 975 dat:
1135 932 1202 977 non
1214 916 1321 977 uoluat

334 1018 390 1060 nec
413 998 608 1058 commissuris
629 997 733 1072 modo,
758 997 831 1058 utin
846 1012 938 1076 opere
953 996 1030 1058 mala
1051 998 1184 1079 iuncto,
1208 998 1321 1063 numus

269 1082 386 1148 ·18sed
410 1083 474 1161 ipsa
495 1080 603 1141 coloris
627 1080 833 1160 inaequalitate
854 1080 1010 1159 detegitur.
1052 1080 1098 1143 lta
1120 1102 1187 1147 nee
1210 1084 1323 1147 imma

335 1170 458 1246 impetus
479 1184 535 1225 nec
557 1183 626 1225 cura
649 1173 802 1241 contexta,
830 1173 861 1225 st
874 1172 1025 1245 utrumque
1041 1166 1146 1228 alteri¹
1159 1168 1274 1241 obstat:
1295 1166 1324 1231 iia

336 1253 425 1325 euim,
448 1267 523 1328 quae
544 1250 652 1328 scripta
667 1259 747 1326 sunt,
773 1249 899 1311 retinent
917 1251 1060 1327 autunum,
1085 1266 1152 1313 uon
1179 1262 1325 1335 aequm

334 1335 435 1415 ltaque
449 1335 477 1394 iu
488 1335 532 1394 his
547 1333 708 1394 actionibus
724 1334 816 1407 omni,
831 1343 863 1393 ut
873 1332 1023 1417 agriculae
1036 1334 1156 1415 dicunt,
1171 1340 1327 1419 pedester

294 1422 409 1483 ladam
419 1427 472 1484 cat.
500 1416 572 1478 Nam
584 1436 648 1479 cum
662 1420 691 1478 in
707 1418 908 1498 propositione
925 1434 960 1478 ac
970 1418 1158 1482 refutatione
1176 1440 1267 1485 musa
1281 1438 1328 1485 aaa

336 1506 435 1565 sistat:
459 1521 533 1580 quae
548 1511 665 1563 nostrae
680 1503 771 1583 partis
786 1511 868 1580 suut,
887 1503 996 1581 scripta
1011 1518 1082 1564 esse
1097 1516 1250 1585 possunt:
1275 1522 1330 1587 qut

336 1590 422 1649 ctiam
441 1602 647 1666 responsurum
667 1587 863 1647 aduersarium
888 1594 999 1647 certum
1021 1596 1087 1664 est,
1115 1590 1189 1669 (est
1210 1589 1330 1655 οιιίιιιὶ

336 1672 449 1753 quando
462 1672 587 1750 certum)
603 1671 665 1750 pari
681 1689 750 1732 cura
765 1669 949 1732 refelluntur.
978 1670 1024 1732 Ad
1037 1672 1098 1734 alia
1113 1692 1211 1737 uuum
1223 1684 1332 1757 parat·

336 1756 442 1817 afferre
462 1772 633 1834 possumus,
658 1764 689 1815 ut
710 1772 827 1817 causam
846 1755 922 1817 bene
943 1756 1132 1827 noverimus:
1164 1758 1332 1823 strennui

294 1853 329 1904 20
336 1857 461 1917 sumere,
479 1849 509 1900 ut
525 1840 668 1901 dicentem
685 1840 882 1901 adversarium
895 1837 1052 1919 diligenter
1067 1842 1242 1907 audiamus.
1271 1844 1333 1907 turs

336 1934 429 1984 tamen
443 1925 651 2003 praecogitare
665 1923 749 2003 plura
764 1932 794 1985 et
807 1925 928 1985 animum
942 1923 979 1985 ad
995 1940 1101 1986 omues
1119 1944 1219 1990 casus
1233 1944 1333 2009 compa

336 2027 424 2085 nere,
445 2007 532 2086 idque
554 2018 600 2068 est
618 2009 704 2069 tutius
719 2008 806 2085 stilo,
830 2024 889 2089 quo
910 2006 1025 2069 lucilius
1048 2018 1081 2070 ct
1099 2014 1255 2075 omittitur
1270 2014 1333 2091 saal

336 2094 406 2153 tatio
428 2102 458 2153 et
478 2093 659 2153 transfertur.
698 2093 757 2152 Sed
779 2093 842 2153 sive
864 2092 1117 2172 iurespondendo
1136 2096 1236 2160 fuerit
1257 2096 1333 2161 sabia

338 2177 505 2252 dicendum,
528 2177 589 2237 sive
608 2194 682 2256 quae
703 2177 758 2237 alia
776 2179 910 2255 exegerit
924 2178 1016 2255 ratio,
1042 2194 1202 2258 nunqnam
1228 2198 1333 2264 oppres

336 2280 398 2319 sum
415 2279 448 2320 se
462 2280 497 2321 ac
513 2261 723 2340 deprehensum
741 2260 842 2321 credet
857 2270 970 2337 orator,
993 2262 1040 2322 cui
1058 2262 1227 2344 disciplina
1245 2277 1275 2329 et
1290 2275 1333 2327 nu

295 2345 410 2411 aldium
432 2355 461 2405 et
482 2347 652 2407 exercitatio
669 2346 782 2406 dederit
797 2347 876 2405 vires
899 2347 985 2406 etiam
1003 2345 1178 2420 facilitatis;
1204 2366 1334 2432 quempm

337 2440 473 2488 armatum
489 2448 605 2508 semper
616 2449 650 2490 ac
665 2431 745 2489 velut
759 2431 788 2488 iu
800 2431 951 2508 procinctu
966 2438 1090 2490 stantem
1104 2448 1170 2493 uon
1186 2438 1283 2515 magis
1298 2450 1334 2494 aa

338 2531 422 2590 quam
439 2516 466 2572 in
480 2516 574 2573 causis
594 2516 687 2576 oratio
704 2531 787 2592 quarn
802 2515 832 2573 in
844 2512 932 2574 rebus
949 2513 1102 2574 cotidianis
1117 2533 1159 2578 ac
1176 2518 1335 2581 domesticis

338 2614 434 2655 sermo
451 2597 583 2666 deliciet;
605 2617 661 2659 nec
678 2607 852 2676 seuuquam
864 2604 987 2676 propter
1001 2596 1059 2658 hoc
1074 2603 1165 2662 oncri
1184 2602 1335 2673 subtrahet

337 2680 423 2739 modo
439 2682 476 2740 sit
492 2700 597 2743 causae
610 2682 765 2745 discendae
780 2690 908 2761 tempus;
924 2699 989 2742 uam
1004 2690 1105 2745 cetera
1122 2703 1254 2769 semper
1265 2689 1335 2750 sciet
1358 2742 1359 2747 ,

660 2836 704 2886 Dll
723 2836 850 2887 auduus
867 2834 1008 2887 meudun

420 2933 456 2994 X.
491 2936 650 3013 Superest,
671 2945 702 2994 ut
723 2936 815 2996 dicam
832 2937 869 2997 de
888 2952 1029 3014 genere
1051 2938 1261 3001 orationis.
1294 2937 1338 3000 llic

338 3028 400 3079 erat
419 3021 587 3098 propositus
602 3018 713 3079 anobis
728 3021 757 3079 in
774 3019 915 3080 divisione
931 3022 1020 3100 prima
1036 3019 1121 3080 locus
1138 3026 1268 3093 tertius:
1284 3039 1338 3083 nau

337 3106 374 3164 ita
392 3106 598 3182 promiseram,
613 3122 659 3163 me
677 3104 713 3163 de
728 3114 807 3182 arte,
824 3103 860 3164 de
878 3105 1006 3181 artifice,
1022 3104 1059 3164 de
1075 3120 1175 3183 opere
1192 3108 1336 3170 dimum.

339 3186 409 3247 Cum
424 3190 461 3247 sit
476 3198 570 3248 autem
592 3189 752 3249 rhetorices
768 3198 856 3267 atque
871 3189 995 3250 oratoris
1014 3204 1089 3267 opus
1112 3193 1217 3253 oratio
1233 3194 1337 3273 plnres

338 3289 394 3348 que
411 3275 472 3332 eius
487 3272 614 3349 iorrnae,
636 3275 710 3334 sicut
732 3273 895 3334 ostendam:
923 3274 952 3334 in
972 3271 1103 3333 omuibus
1119 3272 1168 3334 his
1187 3287 1221 3337 ct
1235 3296 1285 3339 ars
1299 3281 1336 3335 est

338 3364 367 3412 et
382 3356 497 3433 artifex,
515 3357 666 3434 plurimum
681 3367 775 3417 tamen
788 3357 912 3418 invicem
922 3356 1070 3422 differunt:
1086 3373 1144 3418 uec
1161 3361 1263 3422 solum
1279 3376 1337 3440 spe

339 3440 399 3513 cie,
416 3448 446 3498 ut
465 3442 576 3516 siguum
597 3443 679 3518 signo
696 3450 725 3501 et
741 3440 838 3501 tabula
857 3440 974 3502 tabulae
992 3449 1021 3501 et
1039 3440 1116 3501 actio
1133 3446 1267 3522 actioni,
1292 3440 1335 3504 sed

337 3540 447 3598 genere
464 3525 545 3600 ipso,
563 3534 593 3585 ut
609 3525 727 3585 Graecis
742 3525 923 3586 Tuscanicae
938 3534 1066 3601 statuae,
1083 3532 1116 3585 ut
1130 3524 1266 3590 Asianus
1282 3528 1334 3589 elo

309 3615 430 3682 aqueus
446 3605 553 3666 Attico.
589 3611 664 3668 Suos
680 3618 772 3669 autem
787 3608 861 3668 haec
878 3626 999 3688 operum
1013 3625 1141 3686 genera,
1167 3629 1248 3691 quae
1264 3611 1332 3684 dico,

338 3699 367 3747 ut
389 3699 524 3749 auctores
540 3693 582 3750 sic
601 3694 685 3752 etiarn
707 3702 851 3752 amatores
866 3693 987 3761 labeum
1011 3702 1098 3772 atque
1120 3693 1194 3755 idco
1216 3696 1332 3758 nondun

336 3784 382 3837 est
403 3774 557 3859 perfectus
573 3785 672 3839 orator
686 3793 723 3838 ac
737 3779 839 3837 nescio
854 3794 953 3838 auara
970 3776 1049 3852 ulla,
1069 3793 1130 3838 non
1152 3780 1253 3845 solutu
1273 3776 1330 3859 qli!
