3184 4409
350 525 412 591 130
643 503 696 587 'tn
712 539 789 587 aaa.
808 538 1028 599 consumunt

348 696 445 775 potior
466 695 570 755 fuisset
590 693 665 772 apud
686 712 732 753 me
755 691 905 754 Ciceronis
925 694 1082 770 sententia,
1108 696 1156 773 qui
1171 695 1229 756 hoc
1249 698 1338 759 mate·

348 783 409 841 riae
430 798 522 856 genus
546 779 682 855 dignitate
705 779 827 853 maxime
849 779 988 837 contineri
1003 787 1093 858 putat.
1136 776 1211 840 Nec'
1227 781 1337 858 dubito,

348 866 415 942 quin
440 863 483 940 hi,
507 864 555 940 qui
577 863 691 921 suntin
712 861 761 922 illa
784 863 883 941 priore
905 864 1064 936 sententia,
1097 864 1253 923 secundum
1276 869 1338 945 opi·

347 950 462 1007 uionem
484 945 703 1024 pulcherrimam
721 963 758 1004 ne
779 946 849 1005 utile
867 946 995 1024 qui-dem,
1011 946 1065 1005 nisi
1087 948 1164 1024 quod
1187 948 1340 1010 honestum

318 1041 442 1108 desset,
467 1030 662 1090 existimarint.
694 1028 731 1088 Et
753 1038 797 1088 est
818 1029 891 1090 haec
912 1031 986 1090 ratic
1006 1031 1172 1108 verissima,
1196 1034 1221 1091 si
1243 1037 1338 1094 consi·

347 1116 415 1175 lium
440 1116 587 1191 contingat
608 1131 724 1193 semper
746 1112 888 1173 bonorum
910 1122 996 1191 atque
1017 1115 1195 1192 sapientium.
1230 1116 1339 1177 Verum

347 1200 422 1277 apud
439 1200 605 1278 imperitos,
624 1198 699 1276 apud
716 1214 789 1274 quos
806 1196 974 1275 irequeuter
987 1198 1108 1258 dicenda
1125 1202 1266 1260 sententia
1281 1210 1339 1277 est,

346 1283 541 1361 populumque
570 1284 743 1360 praecipue,
769 1283 817 1359 qui
844 1299 882 1340 ex
906 1281 1036 1359 pluribus
1064 1292 1176 1342 constat
1202 1284 1338 1360 indoctis,

347 1367 537 1426 discernenda
555 1373 620 1425 sunt
640 1364 714 1425 haec
736 1374 765 1424 et
786 1366 943 1425 secundum
964 1383 1129 1425 communes
1146 1369 1236 1444 magis
1254 1368 1339 1428 intel·

317 1451 439 1513 dlectus
462 1450 645 1529 loquendum.
687 1449 758 1509 Sunt
779 1451 853 1508 enirn
874 1449 968 1526 multi,
993 1452 1040 1528 qui
1061 1452 1161 1525 etiam,
1183 1468 1258 1528 quae
1275 1470 1339 1511 cre·

347 1535 414 1594 dunt
434 1533 574 1610 honesta,
598 1549 655 1591 non
674 1541 769 1593 tamen
786 1534 857 1593 satis
875 1533 975 1592 eadem
999 1534 1078 1594 utilia
1101 1551 1216 1612 quoque
1238 1536 1340 1596 existi·

346 1627 440 1692 ment,
464 1627 588 1696 atquae
611 1618 704 1695 turpia
725 1635 792 1676 esse
815 1616 945 1677 dubitare
967 1634 1024 1677 uon
1045 1627 1180 1696 possunt,
1207 1619 1340 1678 utilitatis

346 1703 447 1780 specie
465 1702 543 1761 ducti
560 1700 699 1779 probent,
718 1711 748 1761 ut
766 1701 870 1760 foedus
886 1700 1083 1761 Numantinum
1096 1704 1249 1779 iugumque
1263 1701 1338 1762 Gau·
1358 1768 1359 1772 ,

317 1787 449 1846 ddinum.
485 1784 529 1844 Ne
552 1784 695 1863 qualitatis
718 1785 833 1863 quidem
855 1794 948 1861 statu,
970 1787 999 1845 in
1021 1803 1078 1864 quo
1103 1794 1132 1845 et
1150 1786 1339 1846 honestorum

348 1879 376 1930 et
400 1869 510 1928 utilium
528 1870 658 1946 quaestio
677 1877 737 1945 est,
761 1869 916 1947 complecti
935 1888 985 1929 eas
1007 1872 1077 1930 satis
1099 1870 1153 1928 est.
1185 1868 1257 1928 Nam
1277 1869 1337 1929 ire

348 1961 470 2031 quenter
491 1954 519 2012 iu
547 1954 590 2013 his
620 1954 704 2012 etiarn
727 1955 911 2014 coniecturae
939 1955 1022 2014 locus
1046 1962 1109 2030 cst,
1138 1971 1339 2032 nonnunquam

347 2046 486 2097 tractatur
503 2038 598 2115 aliqua
619 2037 724 2113 linitio,
747 2038 900 2116 aliquando
919 2040 1003 2098 etiam
1019 2038 1132 2115 legales
1154 2047 1275 2116 possunt
1296 2038 1337 2097 in·

348 2122 446 2180 cidere
463 2130 617 2199 tractatus,
640 2123 668 2180 in
686 2123 796 2199 privata
814 2123 936 2182 maxime
956 2123 1091 2198 consilia,
1110 2123 1134 2180 si
1151 2125 1265 2201 quando
1280 2140 1337 2181 am·

321 2205 455 2283 obigitur
478 2223 513 2264 au
534 2206 630 2265 liceat.
667 2206 712 2265 De
728 2207 894 2266 coniectura
920 2207 1007 2284 paolo
1029 2215 1095 2284 post
1114 2206 1254 2285 pluribus.
1293 2205 1336 2264 ln·

348 2291 429 2348 terim
461 2299 505 2349 est
532 2290 659 2350 delinitio
689 2289 763 2367 apud
788 2289 1021 2364 Demosthenen,
1048 2289 1108 2351 Det
1132 2286 1338 2350 Halonnesum

347 2372 514 2452 Philippus,
530 2392 572 2434 an
587 2373 721 2434 reddat?
736 2373 811 2452 apud
830 2371 999 2433 Ciceronem
1016 2372 1043 2432 in
1060 2373 1237 2450 Philippicis,
1256 2369 1338 2446 Ouid

346 2459 385 2517 ot't
399 2458 563 2518 turnultus?
597 2452 691 2529 Quid?
708 2474 765 2515 nou
779 2457 829 2516 illa
847 2457 946 2516 similis
961 2457 1133 2517 iudicialium
1153 2459 1284 2534 quaestio
1300 2457 1337 2516 de

347 2549 440 2599 statua
459 2540 552 2599 Servii
574 2540 711 2618 Sulpicii,
736 2559 777 2602 an
791 2541 839 2600 lic
859 2545 977 2603 demum
993 2543 1138 2619 ponenda
1158 2542 1215 2617 sit,
1232 2542 1285 2619 qni
1304 2543 1336 2601 in

318 2625 494 2700 oleqntione
515 2624 601 2700 ferro
621 2631 691 2684 sunt
709 2626 900 2703 interempti?
936 2624 1015 2702 Ergo
1044 2643 1111 2703 pars
1137 2624 1336 2699 deliberativa,

348 2707 538 2785 quae'eadem
556 2709 724 2768 suasoria
742 2708 854 2785 dicitur,
873 2709 909 2768 de
922 2719 1053 2787 tempore
1070 2709 1164 2768 lutuno
1181 2707 1336 2782 consultat,

347 2793 458 2868 quaerit
479 2792 566 2849 etiarn
587 2791 623 2850 de
644 2794 813 2870 praeterito.
860 2791 969 2852 Officiis
998 2800 1111 2852 constat
1136 2792 1249 2852 duobus
1271 2809 1335 2852 sua·

347 2874 431 2934 dendi
454 2892 488 2933 ac
510 2875 701 2934 dissuadendi.
1203 2946 1205 2951 Ι

430 2957 598 3034 Prooemio,
621 2959 707 3037 quale
725 2959 812 3018 estin
833 2956 1028 3036 iudicialibus,
1051 2977 1108 3018 non
1124 2958 1231 3036 ubique
1255 2968 1334 3037 eget,

347 3043 412 3120 quia
437 3043 606 3102 conciliatus
625 3052 669 3102 est
686 3045 713 3102 ei
734 3045 872 3121 quisque,
892 3060 977 3119 quem
996 3043 1129 3102 consulit.
1164 3043 1277 3103 initium
1294 3053 1334 3102 ta·

346 3144 411 3185 rnen
434 3127 624 3204 quodcunque
645 3126 732 3186 debet
752 3126 860 3187 habere
881 3126 1005 3204 aliquam
1026 3127 1168 3205 prooemii
1191 3129 1333 3205 speciem;

345 3212 532 3287 nequeenim
554 3211 674 3288 abrupte
696 3228 750 3270 nec
772 3211 847 3270 unde
870 3210 951 3270 libuit
974 3210 1180 3290 incipiendum,
1203 3213 1269 3289 quia
1291 3220 1335 3270 est

318 3298 334 3353 7
346 3294 452 3371 aliquid
480 3296 507 3352 in
535 3296 610 3352 omni
631 3297 749 3354 materia
771 3294 938 3355 naturaliter
958 3296 1086 3372 primurn.
1124 3295 1156 3354 ln
1178 3305 1280 3355 senatu
1307 3304 1336 3354 et

346 3378 444 3454 utique
461 3379 489 3435 in
510 3378 688 3437 contionibus
707 3379 808 3438 eadem
825 3380 898 3438 ratio
917 3395 990 3454 quae
1006 3380 1080 3457 apud
1094 3379 1214 3454 iudices,
1238 3381 1335 3457 acqui·

345 3460 452 3519 rendae
471 3461 524 3519 sibi
539 3463 707 3540 plerumque
720 3480 830 3538 eorum,
849 3462 923 3540 apud
941 3479 1014 3540 quos
1029 3462 1179 3523 dicendum
1190 3464 1237 3538 sit,
1256 3464 1335 3522 heni-

346 3544 501 3603 volentiae.
547 3545 609 3605 Nec
632 3549 747 3622 mirum,
770 3565 834 3605 cum
855 3548 939 3605 etiam
960 3547 987 3605 in
1007 3547 1193 3624 Panegyricis
1220 3555 1335 3625 petatur

347 3630 518 3689 audientium
539 3629 645 3705 lavor,
660 3629 708 3688 ubi
731 3630 950 3690 emolumentum
971 3647 1028 3688 nou
1049 3631 1219 3700 inutilitate
1240 3630 1334 3707 aliqua

317 3713 399 3773 &sed
421 3714 448 3770 in
471 3713 534 3772 sola
557 3712 641 3772 laude
665 3715 804 3773 consistit.
851 3713 1025 3774 Aristoteles
1051 3714 1165 3791 quidem
1191 3732 1248 3773 nec
1272 3714 1335 3772 sine

241 3868 243 3873 Ι
334 3811 425 3854 causa
444 3805 582 3874 putatet
599 3814 614 3858 a
632 3806 732 3860 nostra
748 3806 777 3858 et
798 3797 835 3859 ab
853 3799 932 3876 eius,
949 3797 998 3876 qui
1015 3797 1181 3874 dissentiet,
1197 3813 1334 3878 persona,
