3184 4409
350 515 408 575 146
661 527 697 574 Μ.
709 524 790 573 Fas.
804 525 1024 586 colornium

346 681 421 741 bene
443 698 509 739 esse
531 681 737 758 compositum,
764 680 817 739 sed
839 682 904 758 quia
926 680 1023 757 legem
1043 678 1118 740 hanc
1139 699 1213 742 esse
1232 700 1342 764 compo·

346 765 430 825 nendi
452 766 481 822 in
502 762 631 823 omuibus
652 766 801 843 principiis
821 782 964 823 recusem.
1008 763 1080 824 Nam
1105 766 1214 826 iudicis
1242 770 1340 828 animus

345 850 425 909 varie
436 857 638 927 praeparatur:
659 857 718 931 tum
731 847 912 908 miserabiles
927 866 994 907 esse
1008 847 1140 908 volumus
1153 859 1216 910 tum
1226 852 1339 912 modesti

345 942 403 991 tum
426 950 509 991 acres
530 942 588 991 tum
609 949 714 1008 graves
736 941 794 991 tum
814 931 910 991 blandi
930 941 988 991 tum
1003 931 1124 991 llectere
1145 943 1208 994 turn
1231 936 1269 996 ad
1289 936 1338 996 dil‘r

344 1017 470 1092 gentiam
485 1016 604 1074 hortari.
635 1015 715 1074 Haec
733 1024 763 1074 ut
778 1024 844 1074 sunt
858 1016 973 1075 diversa
989 1025 1106 1075 natura:
1121 1017 1163 1076 ita
1180 1017 1338 1079 dissimileu
1353 1088 1355 1092 ⁸

344 1099 535 1176 componendi
557 1114 673 1178 quoque
695 1100 835 1158 rationem
856 1098 1031 1158 desiderant.
1075 1098 1121 1158 An
1142 1101 1291 1182 similibus
1305 1101 1338 1162 Gi·

344 1200 413 1242 cero
435 1202 503 1242 usus
524 1191 569 1241 est
583 1183 708 1241 numeris
730 1184 758 1240 in
775 1183 895 1242 exordio
911 1199 965 1260 pro
979 1181 1105 1259 Milone,
1126 1201 1185 1262 pro
1203 1184 1337 1260 Cluentio,

286 1283 397 1346 134prc
413 1262 550 1343 ligario?
593 1265 726 1324 Narratio
741 1267 806 1326 iere
825 1266 967 1325 tardiores
983 1276 1085 1343 atque,
1108 1276 1138 1326 ut
1155 1270 1201 1329 sic
1217 1270 1337 1342 dixerim,

342 1350 535 1410 modestiores
548 1349 694 1409 desiderat
704 1350 796 1428 pedes
813 1358 842 1409 et
858 1350 988 1410 omnibus
1003 1352 1124 1410 maxime
1135 1354 1261 1413 mixtos.
1283 1353 1338 1414 Nan

343 1443 373 1493 et
392 1433 508 1509 verbis,
532 1443 563 1491 ut
584 1435 701 1510 saepius
722 1452 825 1510 pressa
851 1443 912 1510 est,
934 1437 973 1494 itu
995 1435 1108 1494 interim
1128 1437 1275 1514 insurgit;
1300 1435 1338 1496 sel

342 1519 451 1579 docere
470 1526 499 1576 et
513 1517 635 1593 infigere
651 1517 750 1576 animis
764 1535 814 1576 res
829 1535 946 1595 semper
961 1519 1058 1595 cupit,
1080 1519 1159 1596 quod
1174 1523 1296 1581 minime
1309 1521 1337 1580 le

343 1602 504 1662 stinantium
520 1617 594 1678 opus
616 1608 670 1659 est.
715 1600 760 1660 Ac
780 1600 847 1660 milri
861 1602 975 1661 videtur
989 1609 1050 1661 tota
1065 1605 1195 1663 narratio
1212 1615 1338 1665 constare

286 1692 336 1746 135
346 1685 525 1761 longioribus
541 1684 693 1758 membris,
712 1683 895 1744 brevioribus
909 1684 1052 1764 periodis.v
1074 1684 1261 1762 Argumenta
1276 1689 1339 1750 acris

343 1778 372 1828 et
388 1771 473 1828 citata
487 1767 609 1845 pedibus
622 1785 738 1846 quoque
754 1769 788 1829 ad
800 1768 874 1828 hauc
884 1777 1011 1828 naturam
1023 1770 1256 1832 accommodatis
1271 1783 1339 1833 uten-

343 1862 404 1927 tur,
421 1869 478 1920 nou
495 1860 590 1910 tamen
605 1852 643 1911 ita
660 1860 690 1910 ut
705 1852 868 1926 trochaeis,
886 1853 934 1930 qui
950 1851 1064 1911 celeres
1080 1851 1200 1930 quidem
1215 1859 1273 1919 sed
1289 1857 1339 1914 sine

343 1936 451 1995 viribus
473 1944 553 2003 sunt;
582 1953 681 1994 verum
702 1936 752 2010 iis,
778 1936 826 2012 qui
846 1937 902 1995 sint
923 1934 1059 1994 brevibus
1077 1935 1239 2015 longisque
1262 1939 1340 2011 mixti,

286 2024 335 2079 136
343 2037 399 2079 non
420 2030 514 2079 tannen
531 2019 630 2097 plures
654 2019 756 2094 longas
775 2036 859 2097 quarn
879 2019 985 2078 breves
1007 2018 1140 2079 habeant.
1189 2021 1247 2082 llla
1265 2023 1340 2082 subli-

342 2107 397 2162 mia
421 2106 564 2181 spatiosas
584 2103 738 2180 clarasque
758 2119 850 2162 voces
870 2102 990 2170 babent;
1019 2113 1113 2163 amant
1131 2106 1341 2183 amplitudinem

343 2188 450 2262 dactyli
469 2204 584 2266 quoque
605 2205 639 2246 ac
661 2187 797 2264 paeonis,
820 2188 931 2246 etiamsi
945 2187 1055 2246 maiore
1073 2205 1111 2247 ex
1125 2197 1212 2266 parte
1230 2189 1342 2266 syllabis

342 2271 495 2345 brevibus,
509 2269 686 2348 temporibus
702 2279 796 2329 tamen
812 2273 881 2330 satis
896 2270 984 2348 pleni.
1028 2270 1143 2350 Aspera
1161 2281 1270 2334 contra
1286 2277 1342 2334 iarn·

343 2357 388 2416 bis
403 2358 524 2414 maxime
537 2355 730 2421 concitantur;
749 2371 808 2412 non
821 2354 915 2413 solum
930 2353 1007 2433 quod
1021 2363 1085 2413 sunt
1100 2374 1116 2414 e
1133 2353 1251 2416 duabus
1268 2355 1343 2417 modo

343 2439 462 2514 syllabis
482 2456 577 2516 eoque
592 2438 821 2515 frequentiorem
836 2440 917 2515 quasi
933 2438 1047 2516 pulsum
1062 2438 1188 2514 habent,
1211 2454 1344 2518 quaeres

343 2522 451 2581 lenitati
469 2523 612 2582 contraria
631 2530 692 2595 est,
710 2521 860 2581 sedetiam
876 2522 953 2599 quod
968 2521 1098 2580 omnibus
1114 2523 1244 2600 pedibus
1261 2527 1344 2583 insur-

343 2615 412 2682 gunt
436 2616 464 2664 et
482 2625 497 2665 a
518 2604 654 2664 brevibus
678 2606 706 2663 in
725 2604 828 2681 longas
850 2606 974 2664 nituntur
996 2614 1025 2663 et
1047 2616 1202 2682 crescunt,
1223 2608 1345 2685 ideoque

286 2689 480 2766 lgymeliores
504 2689 636 2763 choreis,
666 2689 714 2766 qui
739 2688 774 2747 ab
801 2689 896 2766 longis
921 2688 950 2746 iu
973 2687 1078 2748 breves
1105 2689 1223 2749 cadunt.
1273 2693 1345 2771 Sunt·

343 2775 446 2847 missa,
474 2773 569 2850 qualia
585 2775 614 2830 in
630 2773 754 2850 epilogis
770 2781 852 2847 sunt,
878 2772 971 2832 leutas
988 2773 1095 2851 etipsa
1113 2773 1168 2833 sed
1184 2777 1283 2835 minus
1304 2793 1345 2834 ex·

344 2857 499 2916 clamantes
516 2857 643 2932 exigunt.

426 2939 495 2999 Vult
508 2959 575 2998 esse
588 2938 692 2998 Celsus
706 2941 830 3018 aliquam
843 2949 871 2999 et
884 2939 1082 3018 superbiorem
1094 2944 1346 3019 compositionem,

345 3042 428 3102 quam
450 3025 584 3103 equidem
599 3024 624 3081 si
639 3025 760 3098 scirem,
783 3041 839 3082 non
855 3024 1009 3092 docerem3
1031 3023 1084 3083 sed
1099 3025 1137 3082 sit
1151 3040 1287 3087 necesse
1309 3033 1347 3086 est

343 3109 424 3167 tarda
449 3118 478 3167 et
493 3109 603 3186 supina.
648 3107 754 3166 Verum
770 3109 824 3166 nisi
840 3126 878 3166 ex
892 3107 990 3166 verbis
1011 3117 1097 3186 atque
1119 3112 1280 3170 sententiis
1301 3126 1347 3190 per

343 3211 410 3250 sese
427 3192 455 3251 id
473 3193 635 3270 quaeritur,
654 3193 723 3250 satis
741 3192 843 3252 odiosa
860 3209 927 3250 esse
945 3208 1003 3249 nou
1018 3192 1135 3270 poterit.

286 3285 337 3338 138
429 3276 578 3353 Denique,
600 3284 630 3334 ut
646 3275 737 3334 semel
754 3276 864 3349 liniam,
888 3276 931 3334 sic
948 3275 1011 3334 fere
1028 3276 1267 3351 componendum
1283 3293 1346 3357 quo·

343 3359 428 3416 modo
445 3359 679 3435 pronuntiandum
704 3361 767 3417 erit.
812 3359 857 3416 An
878 3376 936 3418 nou
957 3361 984 3417 in
1004 3359 1162 3437 prooemiis
1177 3361 1345 3440 plerumque

345 3443 502 3517 snmmissi,
523 3444 591 3520 (nisi
608 3462 670 3501 cum
688 3445 716 3500 in
731 3444 916 3502 accusatione
933 3441 1121 3501 concitandus
1137 3451 1185 3502 est
1197 3444 1291 3504 iudex
1305 3450 1346 3503 aut

345 3525 439 3600 aliqua
459 3526 652 3601 indignatione
677 3526 885 3604 complendus)
913 3528 940 3584 in
963 3527 1126 3585 narratione
1155 3526 1239 3604 pleni
1264 3538 1345 3604 atque

346 3610 495 3685 expressi,
514 3610 541 3666 in
557 3612 731 3685 argumentis
748 3611 825 3668 citati
841 3619 927 3686 atque
943 3611 1008 3688 ipso
1029 3612 1113 3669 etiarn
1130 3619 1212 3669 motu
1232 3611 1345 3671 celeres

345 3689 462 3749 sumus?
492 3701 522 3751 ut
548 3695 575 3750 in
601 3692 673 3751 locis
695 3711 729 3751 ac
753 3692 995 3770 descriptionibus
1016 3693 1072 3752 fusi
1094 3710 1129 3752 ac
1151 3692 1296 3770 fluentes,
1320 3692 1344 3751 iu

278 3784 333 3841 139
340 3777 468 3860 epilogis
484 3777 657 3861 plerumque
675 3777 781 3840 deiecti
795 3786 825 3836 et
838 3773 973 3836 iniractil
1016 3775 1105 3855 Atqui
1124 3779 1262 3856 corporis
1279 3791 1343 3855 quo·
