3184 4409
362 463 426 526 ⁴182
689 469 1042 532 ιιιιιιριιιιιιιιιιιι

366 638 451 706 atque
467 628 540 689 hane
555 627 662 688 laboris
677 624 768 685 nostri
789 625 917 685 dueimus
935 642 1079 684 summam.
1116 624 1174 700 lta,
1195 617 1273 704 quae
1293 629 1346 687 air·

367 712 569 773 eumstantibus
584 719 729 770 ostentare
743 709 890 785 volumus,
910 708 1050 769 iudicibus
1066 709 1222 807 prodimus

309 807 360 862 ιιι
445 795 498 855 Ειι
512 795 649 873 quaedam
668 795 791 871 repetita
807 754 942 868 nonalia,
959 811 1031 871 quae
1043 785 1223 872 ἕιιιδιήγησις
1236 795 1346 869 dieitur,

366 898 502 939 sanares
523 878 725 938 declamatoria
747 877 838 954 magis
863 893 946 954 quam
966 877 1090 937 lorensis
1110 877 1176 936 ideo
1192 888 1288 938 autem
1304 898 1346 938 re·

364 973 463 1043 perta,
481 971 526 1037 ut,
542 964 606 1040 quia
622 963 745 1020 narratio
759 960 856 1020 brevis
871 978 937 1020 esse
952 959 1054 1035 debet,
1070 959 1160 1020 fusius
1176 970 1206 1021 et
1222 965 1348 1021 ornatius

365 1067 412 1107 res
425 1049 517 1125 possit
533 1048 653 1123 exponi3
675 1045 751 1122 qnod
773 1044 804 1103 lit
817 1043 865 1103 vel
883 1043 1004 1104 invidiae
1019 1045 1110 1122 gratia
1127 1045 1175 1105 vel
1189 1047 1348 1105 miseratio·

365 1133 417 1190 nis.
451 1130 482 1190 ld
504 1131 576 1189 enim
596 1146 662 1189 raro
683 1129 852 1188 laciendum
864 1128 958 1188 iudieo
979 1146 1073 1206 neque
1094 1129 1138 1187 sie
1159 1147 1299 1206 unquam,
1320 1139 1349 1188 ut

364 1225 439 1274 totus
458 1214 529 1273 ordo
549 1221 710 1312 repetatur;
733 1211 802 1271 lieet
820 1213 893 1271 enlm
913 1230 967 1290 per
985 1221 1083 1290 partes
1103 1212 1177 1271 idem
1198 1216 1347 1291 consequi

365 1297 514 1372 Ceterum,
543 1298 590 1375 qui
614 1299 654 1355 uti
679 1282 857 1375 ἕπιδιηγήσει
876 1295 973 1370 volet,
1001 1298 1169 1355 narrationis
1195 1296 1264 1357 loca
1290 1315 1349 1356 rem

365 1384 485 1458 stringat
499 1391 528 1440 ιι
545 1389 694 1440 contentus
716 1380 854 1454 indicare,
870 1380 945 1456 quod
960 1380 1066 1439 laetum
1080 1381 1127 1456 sit,
1141 1383 1248 1459 quasit
1264 1381 1348 1441 modo

364 1466 484 1538 laetum,
512 1465 624 1543 plenius
639 1482 671 1522 se
687 1462 754 1523 loao
769 1480 822 1522 suo
837 1465 1032 1540 expositurum
1049 1480 1115 1522 esse
1130 1467 1287 1542 promittat.

309 1560 358 1614 129
446 1549 555 1608 lnitium
578 1548 746 1608 narrationis
764 1546 876 1625 quidam
897 1548 994 1625 utique
1008 1547 1168 1608 laciendum
1188 1566 1204 1608 a
1223 1565 1348 1627 persona

364 1640 471 1710 putant,
495 1650 625 1709 eamque,
643 1633 667 1690 si
681 1639 779 1689 nostra
793 1632 840 1706 sit,
861 1632 1023 1706 ornandam,
1045 1632 1070 1690 si
1089 1630 1193 1707 aliena,
1214 1632 1348 1692 infaman-

365 1716 427 1775 dam
444 1717 545 1775 statim.
578 1715 642 1775 lloe
663 1733 732 1774 sane
753 1714 1014 1791 frequentissimum
1034 1710 1095 1789 est,
1119 1717 1183 1793 quia
1204 1734 1349 1794 personae

308 1807 439 1873 lausum,
462 1801 535 1858 inter
550 1817 620 1877 quas
635 1799 770 1874 litigatur.
802 1799 861 1858 Sed
875 1797 930 1856 hae
944 1816 1059 1876 quoque
1080 1801 1189 1859 interim
1211 1818 1277 1858 aum
1292 1801 1350 1859 suis

365 1843 557 1942 accidentibus
572 1882 732 1960 ponendae,
746 1900 809 1941 eum
821 1881 849 1941 id
864 1880 1040 1959 profuturum
1057 1891 1115 1942 est:
1140 1891 1171 1942 ut
1187 1880 1224 1944 A.
1238 1880 1352 1982 Cliqenu

364 1967 423 2026 tias
437 1966 495 2043 suit
508 1975 598 2044 pater
612 1968 752 2042 daiasae,
768 1967 901 2042 iudices,
918 1966 1002 2028 danto
1015 1986 1074 2028 non
1088 1969 1183 2029 solnm
1194 1968 1352 2046 municipii

365 2047 536 2126 Larinatis,
565 2069 604 2111 ea
625 2068 682 2128 quo
703 2059 786 2125 erat,
814 2051 871 2111 sed
890 2051 1023 2148 neptunia
1036 2052 1118 2113 ttttns
1136 2059 1166 2112 ιι
1184 2052 1352 2112 vicinitatis

365 2135 483 2210 uirtute,
501 2136 728 2207 existimatione,
745 2134 900 2195 nobilitate
911 2136 1071 2213 princepe
1088 2136 1199 2194 interim
1210 2135 1272 2193 sine
1287 2133 1349 2194 his:

309 2224 356 2278 131
365 2226 395 2275 ut
418 2215 453 2290 Q.
474 2220 551 2279 eninr
572 2216 713 2296 Lipaanas
734 2236 802 2278 anm
821 2226 917 2287 ιιιιιι
944 2217 1111 2296 lrequenter
1129 2235 1199 2277 vero
1220 2227 1250 2276 ιι
1269 2235 1286 2277 ι
1305 2235 1350 2294 ιι,

366 2302 439 2360 sieut
453 2318 505 2378 pro
521 2302 615 2361 Tullio
632 2300 751 2361 Cicero:
764 2299 902 2361 Fundam
917 2301 1031 2363 babet
1019 2323 1052 2362 an
1065 2320 1141 2380 apro
1158 2285 1290 2362 Tbarino
1306 2298 1348 2361 tl.

368 2383 480 2445 Tullius
496 2395 676 2482 paternam,-
668 2383 906 2444 ·Demosthenes
922 2401 975 2462 pro
991 2382 1194 2463 Ctesiphonte:
1220 2388 1280 2444 Tati
1291 2376 1351 2464 γὰρ

309 2475 358 2529 toa
368 2470 505 2528 Φωκικοῦ
519 2460 674 2538 συστάντος
687 2465 823 2544 πολέμου.
853 2467 897 2527 De
910 2469 965 2527 line
976 2471 1144 2529 narrationis
1157 2487 1219 2528 enm
1234 2470 1269 2528 iis
1281 2486 1350 2528 oon·

366 2553 453 2608 tentio
471 2560 524 2625 ιιι,
542 2569 589 2629 qun
582 2552 718 2629 perduoi
735 2553 943 2629 expositionem
953 2553 1052 2612 volunt
1066 2570 1113 2628 eo,
1128 2552 1202 2612 unde
1217 2555 1350 2631 quaestio

366 2634 468 2692 oritur:
482 2597 536 2694 ttt’s
549 2637 640 2696 rebus
654 2637 698 2695 ita
710 2637 813 2712 pestis,
828 2633 862 2694 P.
872 2633 1031 2696 Dolabella
1043 2645 1170 2715 praetor
1179 2638 1349 2712 interdixit,

365 2723 397 2776 nt
411 2725 455 2776 est
469 2719 660 2794 consuetudo,
676 2721 715 2779 de
729 2720 768 2791 oi,
788 2720 956 2780 bominibus
969 2722 1112 2796 armans,
1133 2722 1200 2781 sine
1219 2721 1284 2781 ulla
1298 2739 1351 2781 ea-

366 2801 519 2878 ιιριίιιιι,
541 2811 655 2862 tantam
676 2812 722 2876 at,
746 2803 828 2862 ande
842 2804 1019 2880 deiecisset,
1033 2805 1222 2872 restituam,-
1238 2804 1352 2866 ιιιὶιιιιι

365 2885 531 2947 restituisse
550 2905 584 2947 se
603 2887 690 2953 dixit.
720 2884 849 2964 Sponsia
868 2887 954 2962 saeta
973 2895 1038 2956 ast;
1057 2889 1118 2949 baa
1137 2889 1352 2965 desponsione

365 2968 449 3028 aobts
462 2970 660 3030 iudicandum
675 2978 728 3031 est.
764 2969 796 3029 ld
814 2971 968 3047 apetitore
986 2989 1101 3050 semper
1121 2970 1182 3031 lieri
1197 2979 1314 3049 potest,
1335 2990 1351 3030 a

366 3050 520 3112 defensore
537 3070 594 3112 non
608 3071 733 3132 semper.

723 3203 768 3253 DE
786 3202 1005 3285 Eunnssmttu

447 3301 495 3361 lll.
525 3300 629 3361 Ordine
643 3303 707 3380 ipso
722 3302 911 3361 narrationem
925 3303 1054 3378 sequitur
1065 3300 1250 3360 confirmatio.
1281 3301 1351 3362 Pro·

366 3383 456 3444 banda
471 3395 535 3444 sunt
556 3389 639 3460 enim,
656 3404 730 3463 quae
745 3392 866 3464 propter
880 3384 936 3443 hoo
952 3387 1144 3462 exposuimus.
1179 3385 1238 3445 Sed
1257 3388 1352 3463 prius·

366 3486 448 3545 quam
462 3469 604 3544 ingrediar
619 3470 691 3529 hane
713 3477 838 3547 partem,
860 3485 953 3546 panea
966 3468 1033 3527 mihi
1046 3469 1083 3528 de
1098 3468 1273 3547 quorundam
1288 3471 1351 3546 opi-

349 3553 448 3609 nione
475 3552 593 3614 dicenda
620 3561 693 3611 sunt.
738 3551 888 3628 Plerisque
913 3553 1000 3611 moris
1026 3561 1086 3627 est,
1115 3551 1230 3630 prolato
1255 3570 1353 3612 rerum

364 3635 480 3709 ordine,
511 3637 638 3712 protinus
659 3637 756 3712 utique
778 3636 806 3693 in
828 3635 952 3712 aliquem
973 3634 1077 3694 laetum
1100 3645 1147 3696 aut
1168 3635 1353 3713 plausibilem

335 3718 458 3779 tloaum
471 3736 553 3796 quam
563 3720 682 3778 maxime
694 3720 805 3797 possint
816 3717 1011 3779 favorabiliter
1026 3736 1239 3780 excurrere
1264 3717 1353 3794 Quod
