3184 4409
342 491 401 556 138
545 547 548 553 .
589 562 592 567 ‚
653 507 689 552 u.
705 503 1016 565 rue‘onmrrnrnur
1038 507 1056 549 :=

339 662 440 723 ctanda
474 669 573 736 erunt,
608 660 694 738 quid
722 660 771 737 sit
804 658 944 736 dequo
978 658 1231 735 deliberetur,
1266 661 1329 738 qui

297 748 407 810 rasint
431 746 489 822 qui
512 743 739 818 deliberent,
765 743 827 820 qui
847 744 895 802 sit
917 745 976 820 qui
996 743 1159 802 suadeat.
1189 743 1270 817 Rem,
1290 745 1329 804 de

339 848 394 908 qua
415 827 607 903 deliberatur,
632 837 680 886 aut
709 836 818 886 certum
840 835 884 884 est
905 844 995 904 posse
1017 826 1079 885 lieri
1107 835 1155 885 aut
1178 829 1328 887 incertum.

339 915 369 973 Si
386 914 540 987 incertum,
554 909 627 970 baec
644 913 697 970 erit
716 910 847 988 quaestio
863 909 927 969 sola
942 919 989 970 aut
1007 912 1219 988 potentissima;
1237 922 1328 989 saepe

337 999 413 1056 enim
434 996 563 1070 accidet,
587 1005 617 1054 ut
637 997 716 1073 prius
739 994 883 1068 dicamus,
907 1013 943 1053 ne
964 997 989 1052 si
1009 996 1102 1072 possit
1118 995 1231 1071 quidem
1253 995 1328 1070 lieri,

340 1099 406 1140 esse
428 1079 605 1155 iaciendum,
629 1079 747 1152 deinde,
775 1077 839 1136 fieri
861 1095 917 1136 uon
938 1096 1038 1156 posse.
1077 1075 1148 1137 Cum
1170 1087 1265 1137 autem
1292 1080 1329 1139 de

337 1165 394 1225 hoc
424 1166 585 1241 quaeritur,
616 1163 781 1221 coniectura
805 1169 862 1219 est:
896 1159 1088 1222 dnlstimos
1107 1164 1266 1240 intercidi,
1286 1182 1331 1223 an

338 1249 455 1309 siccari
478 1249 571 1325 patus
598 1245 768 1324 Pomptina,
796 1263 838 1304 an
862 1255 971 1322 portus
988 1246 1059 1324 fieri
1085 1243 1188 1307 Ostiae
1209 1250 1330 1325 possit?

298 1330 384 1395 ltAn
404 1328 582 1392 Alexander
598 1339 700 1391 terras
714 1330 796 1389 altra
817 1325 971 1391 Oceanum
985 1332 1024 1390 sit
1037 1331 1235 1390 inveniamus?
1270 1331 1331 1390 Sed

250 1438 253 1445 ·
338 1419 366 1476 in
387 1416 430 1475 his
455 1431 588 1493 quoque,
614 1431 687 1491 quae
714 1410 856 1472 constabit
865 1430 967 1490 posse
988 1414 1066 1488 lieri,
1090 1415 1255 1472 coniectura
1278 1414 1330 1473 ali·

339 1499 451 1598 quando
464 1500 527 1572 erit,
543 1498 567 1556 si
581 1505 745 1574 quaeretur,
767 1494 816 1555 Aa
827 1498 929 1574 utique
943 1499 1081 1576 futurum
1091 1499 1140 1575 sit,
1156 1507 1189 1557 ut
1200 1495 1332 1558 Cartba-

337 1585 439 1663 pinem
463 1590 610 1658 superent
630 1579 778 1651 Romnum
797 1587 831 1640 ut
851 1583 961 1642 redeat
979 1541 1150 1656 Hannibal,
1175 1583 1203 1641 si
1222 1579 1332 1660 Scipio

339 1661 918 1743 exercituminAsmcamtranstulemt;
931 1672 1095 1726 atseroent
1108 1625 1200 1742 fidem
1210 1663 1331 1726 Samni-

339 1758 393 1821 tes,
409 1769 435 1809 m
430 1749 578 1809 Romani
592 1765 682 1808 arma
696 1747 912 1826 deposuerint?
946 1747 1092 1821 Quaedam
1110 1757 1139 1807 et
1156 1748 1217 1807 lieri
1238 1766 1331 1826 posse

340 1843 369 1892 et
390 1833 483 1892 futura
505 1850 571 1891 esse
592 1829 730 1890 credibile
753 1839 815 1907 est,
839 1832 891 1892 sed
909 1841 956 1891 aut
976 1830 1033 1891 alio
1052 1841 1183 1910 tempore
1203 1841 1250 1890 aut
1271 1833 1330 1892 alio

339 1905 406 1976 loco
423 1925 469 1976 aut
485 1915 546 1975 alio
559 1917 655 1976 modo.

300 2012 331 2066 18
421 1998 476 2060 Ubi
495 2001 677 2059 coniecturae
696 2015 753 2056 non
772 1999 827 2058 erit
844 1997 937 2074 locus,
960 1999 1016 2059 alia
1037 2007 1101 2057 suut
1117 1998 1260 2058 intuenda.
1292 1998 1331 2059 Et

342 2086 462 2163 primum
488 2093 535 2144 aut
559 2092 679 2162 propter
699 2083 790 2160 ipsam
812 2101 882 2157 rem,
905 2082 941 2142 de
964 2101 1019 2160 qua
1041 2084 1201 2142 sententiae
1224 2100 1329 2159 rogan-

340 2178 401 2243 tur,
426 2167 648 2241 consultabitur,
673 2175 720 2225 aut
740 2175 861 2265 propter
882 2166 952 2225 alias
974 2167 1197 2226 intervenientes
1222 2169 1329 2226 extrin-

339 2270 424 2311 secus
449 2270 561 2311 causas.
595 2212 747 2328 Prdpter
738 2269 829 2328 ipsam
855 2249 1014 2310 deliberant
1036 2249 1136 2309 Patres
1160 2252 1328 2328 conscripti,

299 2344 380 2398 l9an
400 2337 581 2415 stipendium
599 2335 685 2395 militi
709 2336 911 2394 constituant?
952 2334 1031 2392 llaec
1058 2336 1176 2393 materia
1206 2333 1331 2412 simplex

341 2421 403 2478 erit.
445 2419 595 2478 Accedunt
621 2435 726 2476 causae
756 2427 803 2476 aut
825 2410 965 2492 faciendi,
994 2426 1024 2476 ut
1045 2417 1257 2477 deliberantP
1282 2417 1328 2492 C,

338 2499 387 2562 Aa
410 2501 522 2564 Fabios
534 2501 649 2562 dedant
663 2501 757 2560 Gallis
771 2501 881 2562 bellum
896 2503 1123 2563 minitantibus?
1143 2510 1200 2561 aut
1211 2519 1269 2560 non
1287 2464 1329 2561 fa

340 2584 442 2644 ciendi.
475 2583 624 2644 Deliberat
646 2581 678 2642 C.
704 2581 884 2660 Causando
899 2595 1075 2664 perseveret
1089 2586 1330 2656 inGermaniam

338 2671 395 2745 ire,
419 2687 486 2728 cum
501 2670 608 2729 milites
618 2668 736 2746 passim
755 2676 933 2729 testamenta
950 2671 1111 2748 facerent?
1148 2669 1208 2728 llae
1228 2686 1329 2730 suaso-

296 2753 398 2814 20riae
420 2752 550 2830 duplices
570 2760 643 2809 sunt.
671 2749 742 2809 Nam
758 2759 787 2810 et
803 2752 862 2810 illic
881 2770 967 2812 causa
988 2752 1164 2812 deliberandi
1180 2761 1235 2828 est,
1252 2754 1331 2831 quod

340 2835 448 2895 bellum
470 2834 543 2894 Galli
564 2836 740 2901 minitentur;
769 2853 836 2894 esse
858 2844 951 2895 tamen
972 2845 1070 2914 potest
1093 2838 1246 2917 quaestio,
1267 2837 1329 2898 De·

339 2921 471 2981 desidiae
479 2920 594 2997 facerint
605 2920 694 2979 etiam
707 2920 784 2978 citra
796 2920 877 2980 banc
887 2923 1151 2995 denuntiationem,
1166 2922 1332 2997 quicontra

337 3005 399 3082 fas,
408 3023 475 3064 cum
487 3004 580 3081 lepati
590 3003 675 3062 missi
688 3010 786 3062 essent
786 3005 954 3081 ,proelium
964 3006 1087 3064 inierim
1088 3019 1273 3082 ‚repemqua
1286 3006 1333 3066 ad

297 3098 432 3186 atquem·
434 3089 586 3149 mandata
602 3088 797 3162 acceperant,
811 3089 1019 3149 trucidarint?
1050 3097 1079 3147 et
1097 3087 1143 3148 hic
1164 3086 1232 3147 nibil
1254 3085 1331 3146 Cae·

340 3189 387 3230 sar
409 3174 469 3230 sine
498 3170 583 3230 dubio
607 3168 780 3250 deliberaret
807 3173 861 3230 nisi
887 3182 1008 3251 propter
1029 3172 1102 3231 hanc
1123 3171 1240 3231 militum
1261 3189 1331 3250 per-

339 3240 542 3322 turbationem
572 3264 616 3314 est
644 3262 738 3312 tamen
770 3254 851 3314 locus
875 3256 1046 3334 quaerendi,
1076 3253 1126 3316 An
1147 3258 1226 3317 citra
1248 3255 1333 3318 dunc

340 3354 458 3430 quoque
479 3358 583 3399 casum
601 3339 854 3417 penetrandum
842 3359 874 3399 en
890 3341 1083 3402 Germaniam
1096 3341 1211 3418 fuerit?
1248 3340 1331 3399 Sem·

339 3439 393 3500 per
415 3430 509 3481 autem
531 3423 567 3480 de
590 3439 625 3481 eo
649 3423 727 3499 prius
750 3420 911 3500 loquemur,
936 3425 1048 3502 dequo
1069 3423 1223 3484 deliberari
1244 3426 1331 3484 etiam

340 3505 476 3565 detractis
496 3504 681 3582 sequentibus
707 3507 809 3580 possit.

296 3601 330 3653 22
420 3589 547 3648 Partes
571 3586 708 3648 suadendi
731 3589 843 3665 qnidam
861 3587 1032 3667 putaverunt
1055 3589 1222 3664 honestum,
1245 3591 1328 3665 utile,

337 3675 540 3732 necessarium.
582 3671 646 3748 Ego
669 3687 725 3728 non
746 3672 859 3730 invenio
883 3673 947 3733 huic
969 3676 1071 3733 tertiae
1092 3673 1196 3733 locum.
1232 3673 1328 3747 Quan-

332 3758 437 3818 talrbet
457 3759 531 3820 enim
554 3758 596 3818 vis
616 3758 745 3837 ingruat,
766 3755 873 3836 aliquid
893 3757 1019 3818 fortasse
1036 3760 1095 3838 pati
1116 3775 1240 3819 necesse
1259 3759 1327 3837 erit,
