3184 4409
325 470 386 534 228
638 485 1006 550 munnoumumrana,

282 639 450 719 coplurimis
470 638 602 699 versibus
622 657 680 699 non
699 639 888 700 fastidierunt.
932 637 1035 716 Neque
1051 647 1096 698 est
1117 638 1247 716 ignobile
1267 658 1321 700 ex·

326 723 464 802 emplum,
485 722 630 800 Megarios
646 723 681 782 ab
695 723 935 798 Atheniensibus,
958 740 1022 781 cum
1039 723 1076 781 de
1091 724 1235 783 Salamine
1249 742 1321 783 cou-

324 808 490 882 tenderent,
512 810 606 866 victos
620 803 741 867 Homeri·
750 820 853 882 versu,
870 806 924 884 qui
938 814 1034 865 tamen
1047 807 1111 884 ipse
1125 824 1182 866 uon
1196 808 1225 865 in
1243 809 1322 867 omni

326 892 450 951 editione
463 892 622 969 reperitur,
642 890 823 968 signilicaus,
840 889 960 951 Aiacem
974 907 1063 948 naves
1078 906 1145 949 suas
1161 891 1320 952 Athenien·

283 974 402 1034 alsibus
423 975 559 1032 iunxisse.
603 973 646 1034 Ea
665 991 797 1052 quoque,
820 991 894 1052 quae
909 974 997 1049 vulgo
1017 983 1137 1051 recepta
1158 984 1239 1050 sunt,
1262 975 1322 1034 hoo

325 1059 407 1136 ipso,
430 1057 507 1136 quod
526 1059 664 1117 incertum
685 1067 832 1117 auctorem
850 1057 971 1132 habent,
991 1057 1072 1115 velut
1093 1059 1216 1117 omnium
1234 1058 1319 1132 liunt:

326 1142 412 1219 quale
433 1151 494 1217 est,
530 1139 587 1202 Udi
602 1142 710 1216 amici,
731 1143 775 1203 a'da'
788 1160 881 1220 opca,·
902 1149 948 1215 et,
973 1137 1163 1202 Conscientia
1177 1143 1259 1204 mille
1275 1150 1320 1205 te·

324 1234 404 1295 stem·
433 1233 462 1284 et
484 1225 558 1302 apud
580 1222 765 1301 Ciceronem,
793 1221 891 1286 Parca
911 1231 1011 1286 uatem
1031 1223 1078 1303 (ot
1100 1233 1146 1286 cat
1165 1227 1198 1285 t'a
1216 1235 1322 1287 octcrc

321 1310 498 1388 proverbio)
529 1327 596 1370 cum
621 1310 754 1387 poribus
785 1310 918 1370 mociano
946 1316 1191 1386 cmtqrepaatar5
1223 1326 1321 1388 neque

326 1393 400 1451 enim
421 1392 571 1452 durassent
591 1391 664 1451 llaec
686 1393 715 1450 in
735 1400 898 1467 aeteruum,
920 1391 974 1450 nisi
994 1409 1065 1452 vera
1088 1392 1218 1451 omuibus
1238 1393 1320 1452 uide·

285 1477 430 1535 licentur.
475 1475 592 1535 Ponitur
612 1494 628 1534 a
644 1475 813 1553 quibusdam
827 1484 856 1534 et
871 1475 986 1554 quidem
1000 1477 1029 1534 iu
1044 1485 1127 1553 parte
1143 1477 1234 1554 prima
1249 1476 1320 1536 deo·

326 1578 387 1620 rum
407 1561 578 1634 auctoritas,
601 1576 674 1636 qnae
696 1567 741 1618 est
766 1577 804 1618 ex
823 1561 988 1636 responsis,
1010 1567 1057 1634 ut,
1079 1559 1230 1621 Socraten
1252 1578 1322 1621 ecce

325 1645 588 1722 sapientissimam.
633 1642 664 1701 ld
685 1660 779 1703 rarum
794 1651 910 1702 estnon
925 1643 987 1701 sine
1004 1661 1057 1701 usu
1077 1652 1179 1703 tamen.
1223 1642 1322 1702 Utitur

326 1745 362 1786 co
379 1725 483 1786 Cicero
499 1727 527 1784 in
542 1725 616 1785 libro
632 1726 667 1785 de
682 1729 845 1805 aruspicum
856 1745 903 1785 res
927 1727 1005 1785 onsis
1020 1735 1050 1785 et
1063 1728 1091 1785 in
1102 1725 1237 1786 contione
1249 1744 1320 1786 con·

325 1820 367 1869 tra
381 1807 546 1885 Catilinam,
568 1799 631 1869 oum
646 1811 757 1886 signnm
771 1809 849 1869 lovis
865 1745 1192 1888 codduuacimpositum
1206 1809 1321 1889 populo

325 1894 465 1961 ostendit;
490 1902 519 1952 et
534 1910 587 1971 pro
601 1893 731 1969 Ligario,
752 1912 815 1954 cum
829 1911 944 1953 causam
960 1891 993 1952 G.
1008 1891 1141 1953 Caesaris
1156 1894 1320 1969 meliorem,

325 1979 391 2055 quia
407 1977 463 2036 hoc
479 1978 516 2036 dii
532 1978 732 2053 iudicaverint,
753 1977 913 2037 confitetur.
942 1975 1024 2050 Quae
1041 1996 1104 2037 cnm
1120 1978 1237 2056 propria
1251 1995 1320 2036 cau·

326 2078 376 2121 sae
392 2069 472 2137 sunt,
497 2061 590 2121 divina
605 2061 766 2121 testimonia
782 2069 936 2127 uocantum
958 2078 1021 2119 cum
1037 2061 1151 2120 aliunde
1168 2078 1321 2119 arcessun-

283 2153 317 2206 43
325 2153 386 2219 tur,
409 2154 585 2221 argumenta.
629 2143 836 2224 Nonnunquam
858 2145 996 2220 contingit
1015 2145 1117 2204 iudicis
1139 2161 1255 2222 quoque
1272 2152 1322 2202 aut

324 2229 482 2288 adversarii
499 2238 547 2288 aut
568 2230 647 2304 eius,
670 2230 718 2306 qui
740 2247 777 2288 ex
797 2229 913 2288 diverso
929 2229 1004 2304 agit,
1028 2228 1132 2287 dictum
1147 2222 1322 2305 aliquidaut

324 2311 430 2371 factum
447 2330 594 2371 assumere
612 2313 648 2372 ad
664 2324 778 2388 eorum,
802 2330 876 2390 quae
893 2310 1077 2387 intendimus,
1101 2310 1195 2370 fidem.

408 2395 531 2473 Propter
548 2397 624 2473 quod
642 2396 771 2471 luerunt,
796 2398 844 2473 qni
861 2395 994 2472 exempla
1011 2403 1041 2454 et
1058 2394 1109 2456 has
1131 2395 1320 2454 auctoritates

325 2478 541 2538 inartificialium
563 2479 761 2558 probationum
782 2497 849 2539 esse
871 2479 1091 2553 arbitrarentur,
1117 2478 1194 2557 quod
1211 2495 1245 2537 ea
1263 2495 1321 2536 non

282 2563 464 2622 deinveniret
479 2572 578 2621 orator
594 2562 646 2622 sed
664 2565 820 2640 acciperet.
851 2563 1004 2622 Plurimum
1018 2572 1111 2620 autem
1122 2561 1222 2620 refert.
1248 2561 1322 2620 Nam

325 2647 407 2702 testis
424 2654 452 2703 et
467 2647 598 2723 quaestio
615 2655 644 2705 et
658 2647 701 2705 his
718 2647 819 2705 similia
831 2645 871 2706 de.
880 2647 943 2723 ipsa
954 2663 1002 2721 re,
1020 2663 1094 2722 quae
1106 2646 1134 2703 iu
1145 2646 1250 2704 iudicio
1263 2653 1321 2719 est,

325 2731 519 2806 pronuntiant;
538 2738 618 2789 extra
630 2731 736 2807 petita,
752 2730 806 2788 nisi
817 2728 854 2788 ad
864 2730 986 2807 aliquam
1000 2731 1162 2806 praesentis
1175 2730 1321 2807 discepta-

325 2813 410 2870 tionis
426 2811 575 2872 utilitatem
590 2815 705 2890 ingenio
721 2813 912 2891 applicantur,
934 2813 1003 2872 nihil
1018 2831 1072 2891 per
1087 2831 1121 2872 se
1134 2813 1243 2872 valent.

610 2964 654 3014 DE
671 2964 734 3016 USU
751 2964 1031 3020 anoumunuoltun.

408 3060 471 3121 XII.
515 3061 595 3121 llaec
618 3062 680 3121 lere
702 3064 738 3122 de
759 3063 930 3142 probatione
951 3061 1001 3122 vel
1023 3061 1058 3121 ab
1074 3060 1137 3120 aliis
1154 3059 1256 3119 tradita
1272 3059 1323 3118 vel

323 3163 376 3204 usu
399 3155 539 3224 percepta
561 3148 588 3205 in
608 3145 665 3205 hoc
690 3155 802 3225 tempus
827 3145 964 3207 sciebam.
1009 3144 1112 3223 Neque
1133 3144 1199 3202 mihi
1218 3141 1323 3203 liducia

323 3238 384 3304 est,
409 3239 439 3288 ut
462 3249 496 3289 ea
512 3230 575 3290 sola
591 3249 657 3290 esse
673 3230 859 3306 contendam,
879 3230 1046 3308 quinimmo
1062 3229 1164 3287 hortor
1181 3225 1216 3285 ad
1232 3244 1323 3303 quae·

323 3312 441 3371 rendum
457 3322 485 3372 et
502 3315 622 3373 inveniri
637 3332 726 3393 posse
742 3314 851 3381 lateor;
875 3332 950 3394 quae
965 3323 1060 3374 tamen
1075 3311 1187 3371 adiecta
1203 3310 1322 3385 luerint,

242 3390 253 3413 ‘
323 3414 380 3454 non
403 3397 519 3457 multum
544 3398 579 3458 ab
605 3398 649 3457 his
676 3398 878 3458 abhorrebunt.
928 3396 1012 3456 Nunc
1035 3396 1174 3467 breviter,
1199 3411 1323 3471 quem·

297 3479 507 3542 aadmodum
529 3483 575 3540 sit
596 3483 765 3542 utendum
785 3483 857 3556 eis,
881 3480 1058 3558 subiungam.
1096 3477 1242 3538 Traditum
1257 3477 1322 3536 lere

324 3573 384 3637 est,
407 3572 602 3639 argumentum
618 3575 754 3643 oportere
773 3583 840 3624 esse
856 3565 1035 3632 confessum
1055 3562 1147 3623 dubiis
1164 3562 1237 3620 enim
1253 3578 1321 3639 pro·

323 3647 385 3707 bari
401 3646 484 3707 dubia
500 3649 548 3726 qui
563 3646 703 3725 possunt?
727 3647 873 3722 Quaedam
888 3657 997 3723 tamen,
1015 3664 1089 3726 quae
1103 3647 1131 3704 in
1143 3645 1263 3706 alterins
1278 3645 1321 3703 rei

314 3730 523 3810 probationem
539 3730 681 3810 ducimus,
704 3733 767 3812 ipsa
782 3731 931 3813 probanda
945 3740 1020 3792 suut.
1048 3729 1197 3793 Occidisti
1208 3729 1320 3804 vitum,
