3184 4409
643 444 1059 515 mer.onsn0n.n1c.1‚s.
1306 437 1346 498 31

260 640 306 691 „t
354 603 533 666 recentiores
554 602 735 662 instituerunt
755 602 873 662 Graecis
894 602 1054 663 nominibus
1073 603 1200 665 Graecas
1221 605 1347 667 deelina-

246 717 305 776 Μ
354 691 446 749 tiones
463 689 559 766 potius
576 685 661 762 dare,
686 687 762 765 quod
778 697 871 746 tamen
891 688 983 765 ipsum
999 704 1056 746 nou
1078 706 1193 767 semper
1214 689 1275 749 lieri
1295 707 1346 769 po·

247 810 303 858 um
354 781 419 832 test.
454 770 524 830 Mihi
543 779 637 830 autem
658 771 755 850 placet
769 771 896 830 Latinam
913 773 1053 830 rationem
1074 775 1172 850 sequi,
1197 791 1348 853 quousque

246 904 261 942 1
284 891 308 940 a
356 859 478 936 patietur
492 855 592 914 decor.
621 853 723 932 Neque
739 858 813 913 enim
827 856 882 914 iam
898 853 1096 934 Calypsonem
1110 856 1229 917 dixerim
1246 867 1277 917 ut
1293 857 1348 920 lu-

252 987 309 1026 ffl
356 959 476 1016 mem,
506 956 666 1016 quanquam
692 948 811 998 secutus
833 941 966 1017 antiquos
991 936 1023 997 G.
1047 936 1155 999 Caesar
1181 943 1269 1001 utitur
1293 943 1348 1002 hac

246 1020 310 1109 'iffi
357 1027 464 1085 ratione
483 1022 653 1083 declinandi.
693 1023 751 1083 Sed
767 1025 967 1082 auctoritatem
990 1025 1168 1083 consuetudo
1191 1028 1359 1103 superarier

246 1104 312 1193 'pst
357 1106 384 1168 ln
404 1108 530 1183 ceteris,
551 1125 625 1184 quae
647 1115 782 1185 poterunt
801 1115 925 1184 utroque
946 1107 1031 1166 modo
1051 1124 1108 1166 non
1124 1109 1291 1170 indecenter
1306 1111 1348 1169 el-

246 1235 312 1276 „m
357 1191 438 1268 ferri,
457 1192 506 1270 qui
528 1189 666 1251 Graecam
681 1192 801 1268 liguram
819 1193 901 1269 sequi
918 1190 1021 1264 malet,
1042 1208 1098 1250 non
1116 1192 1214 1251 Latine
1234 1195 1348 1270 quidem

246 1264 313 1360 [m
359 1276 404 1337 sed
425 1285 521 1336 tamon
541 1277 612 1334 citra
631 1275 887 1353 reprehensionem
909 1275 1053 1352 loquetur.
1107 1345 1109 1349 Ι

247 1387 314 1445 ΜΒ
437 1359 590 1437 Simplices
609 1376 699 1418 voees
718 1361 808 1436 prima
826 1361 971 1436 positione
986 1358 1015 1419 id
1030 1368 1075 1417 est
1091 1354 1191 1420 natura
1212 1377 1263 1420 sua
1280 1377 1359 1420 con-1

255 1469 314 1528 Sep
360 1451 444 1519 ιιιιιιι,
468 1443 647 1521 compositae
670 1452 718 1502 aut
738 1442 1000 1521 praepositionibus
1023 1443 1231 1521 subiunguntur
1250 1453 1280 1503 ut
1300 1446 1348 1504 la-

246 1573 314 1631 w
358 1546 482 1605 nocens,
506 1526 646 1587 interdum
663 1526 888 1605 repugnantibus
910 1529 984 1586 inter
1000 1545 1033 1584 se
1049 1527 1174 1603 duabus,
1197 1529 1282 1606 quale
1303 1537 1348 1588 est

259 1634 314 1696 ρει
359 1612 596 1691 imperterritum
616 1611 723 1689 alioqui
738 1620 860 1692 possunt
878 1610 1031 1689 aliquando
1048 1613 1206 1671 continuari
1226 1612 1299 1672 duae
1318 1621 1349 1672 ut

268 1723 315 1780 dp
359 1696 582 1775 incommodius,
602 1696 779 1756 reconditus
796 1703 840 1769 et,
865 1712 921 1773 quo
939 1692 1043 1754 Cicero
1059 1698 1160 1771 utitur,
1181 1698 1347 1758 subabsur-

269 1805 315 1864 ffl,
361 1780 445 1848 dean
465 1787 515 1839 aut
535 1796 551 1837 e
571 1777 682 1838 duobus
703 1780 785 1856 quasi
808 1779 979 1858 corporibus
1000 1780 1183 1855 coalescunt,
1204 1789 1234 1839 ut
1252 1781 1347 1842 malc-

246 1906 316 1948 θη,
360 1861 438 1938 ficus.
473 1861 546 1944 Nam
569 1880 606 1921 ex
632 1862 723 1922 trihus
745 1871 862 1922 nostrae
888 1865 986 1941 utique
1009 1863 1124 1940 linguae
1146 1881 1204 1923 non
1225 1881 1359 1927 conces-l

246 1991 317 2032 ‚m
361 1948 439 2007 serim
444 1969 452 2015 ;
468 1949 597 2024 quamvis
610 1948 715 2024 copule
726 1944 832 2005 Cicero
847 1947 923 2007 dicat
936 1951 1125 2025 compositum
1141 1967 1207 2021 esse
1221 1967 1258 2007 ex
1270 1968 1349 2028 cape

246 2026 318 2116 qum
361 2032 455 2107 dcis,
479 2039 509 2090 et
528 2032 707 2089 inveniantur
721 2032 769 2108 qui
783 2029 971 2109 Lupercalia
987 2049 1081 2110 aeque
1095 2041 1155 2090 tres
1170 2041 1268 2110 partes
1283 2051 1347 2095 ora-

246 2194 248 2199 ,
274 2142 317 2199 hg
361 2114 437 2175 tionis
461 2132 530 2175 esse
551 2116 740 2189 contendant,
764 2116 846 2192 quasi
865 2116 951 2175 luere
968 2132 1027 2192 per
1043 2134 1191 2194 cuprum
1212 2115 1359 2178 nense-1

246 2226 320 2284 ,ὡς
361 2199 501 2261 murtea
525 2201 580 2258 iam
607 2216 776 2277 persuasum
799 2207 932 2257 estesse
954 2197 1197 2274 Soooctourils'c‚
1226 2209 1256 2259 et
1277 2219 1347 2260 sane

246 2329 261 2367 ¹
285 2309 319 2366 p*
362 2283 394 2342 ita
405 2300 438 2343 se
451 2282 540 2343 habet
555 2300 683 2359 sacrum,
706 2281 791 2360 quale
810 2282 885 2360 apud
899 2282 1051 2341 Homerum
1068 2300 1184 2361 quoque
1201 2293 1255 2342 est.
1289 2284 1348 2345 Sed

246 2395 321 2451 {tug-
362 2363 427 2426 haec
446 2384 505 2427 non
527 2376 584 2426 tam
611 2366 760 2426 extribus
782 2384 867 2444 quam
889 2385 926 2425 ex
947 2367 1097 2444 particulis
1125 2369 1207 2450 trium
1230 2378 1346 2428 coeunt.

246 2493 322 2535 ‚m
364 2446 489 2511 Ceterum
511 2452 596 2510 etiam
618 2469 656 2509 ex
677 2452 894 2528 praepositione
920 2458 949 2510 et
970 2449 1082 2510 duobus
1103 2451 1255 2512 vocabulis
1276 2453 1347 2512 dure

250 2577 323 2638 qast
363 2533 465 2594 ridetur
483 2536 626 2595 struxisse
647 2533 786 2594 Pacuvius
802 2532 896 2596 Nerei
911 2537 1191 2614 repondirostrum,
1211 2538 1347 2599 trecorei—

246 2655 273 2702 [-
300 2652 324 2701 g
365 2620 508 2681 cmoicum
526 2637 632 2698 pecus.
674 2617 831 2695 Iunguntur
858 2627 953 2679 autem
975 2627 1022 2678 aut
1044 2638 1082 2679 ex
1103 2620 1215 2679 duobus
1241 2620 1359 2682 hatinies

250 2692 323 2805 que
365 2699 472 2780 irtegris
492 2710 526 2762 ut
546 2702 703 2782 superfusi,
723 2703 894 2781 muoterfupl
914 2703 1091 2781 (quanquam
1112 2722 1149 2764 ex
1171 2706 1291 2782 integris
1312 2723 1348 2765 an

246 2809 325 2888 quoq
366 2787 513 2866 composita
538 2787 594 2846 sint
622 2788 800 2865 quaeritur),
823 2796 871 2846 aut
898 2805 936 2846 ex
960 2789 1073 2863 integro
1102 2797 1132 2846 et
1159 2798 1295 2867 corrupto
1317 2798 1349 2849 ιι

249 2897 326 2954 ide,
365 2871 534 2946 motus,
557 2880 605 2929 aut
627 2889 665 2930 ex
683 2878 821 2947 corrupto
845 2879 875 2930 et
896 2873 1010 2948 integro
1033 2880 1064 2930 ut
1083 2875 1277 2951 noctivagas,
1300 2882 1348 2933 aut

246 2987 325 3036 tecm
365 2950 463 3015 dotus
484 2956 628 3033 corruptis
648 2963 680 3014 ut
695 2955 875 3032 pedisecos,
897 2964 944 3014 aut
966 2973 1004 3014 ex
1023 2966 1123 3015 nostro
1141 2965 1170 3016 et
1189 2958 1346 3036 peregrino

246 3061 325 3120 neb-⁰
366 3038 573 3113 coeuntem,
596 3047 643 3097 aut
665 3047 765 3098 contra
786 3047 817 3097 ιιι
835 3039 998 3118 epitogium
1017 3048 1046 3098 et
1059 3037 1219 3114 Anticato,
1241 3051 1289 3102 aut
1310 3059 1348 3101 ex

246 3114 326 3222 'apud
365 3118 462 3182 hobus
484 3123 648 3202 peregrinis
671 3131 701 3181 ut
718 3124 899 3199 epiredt'um.
932 3123 1004 3183 Nam
1026 3141 1089 3184 cum
1108 3127 1145 3184 sit
1166 3127 1346 3204 praepositio

246 3245 325 3286 om„
363 3200 479 3282 drueca,
499 3209 580 3267 redo
593 3205 746 3266 Gallicum:
769 3224 864 3284 neque
879 3205 1005 3267 Graecus
1024 3218 1118 3267 tamen
1139 3227 1232 3286 neque
1248 3209 1347 3269 Gallus

246 3329 318 3370 ma,
361 3290 436 3351 utitor
450 3291 630 3369 composito;
654 3290 773 3350 Romani
792 3309 873 3349 suum
891 3309 929 3350 ex
946 3292 1041 3351 alieno
1061 3301 1184 3370 utroque
1204 3293 1345 3353 iecerunt.

250 3353 324 3452 mm*
356 3367 532 3454 Frequenter
547 3384 641 3434 autern
660 3376 893 3453 praepositiones
910 3393 1025 3453 quoque
1046 3377 1193 3453 copulatio
1213 3380 1267 3437 ista
1284 3394 1359 3437 eor-t

255 3495 320 3535 affl.
354 3462 468 3538 rumpit:
492 3458 712 3533 indeciduam,
734 3460 872 3539 aufugit,
894 3462 1011 3537 amisit,
1032 3478 1095 3519 cum
1115 3463 1293 3538 praepositio
1310 3463 1348 3521 sit

246 3561 316 3617 lnge
351 3543 387 3605 ud
409 3543 492 3612 solc;
523 3553 552 3603 et
576 3544 651 3620 coil,
675 3561 737 3603 curn
763 3545 799 3602 sit
823 3545 1001 3621 praepositio
1029 3564 1106 3613 con;
1128 3546 1170 3604 sic
1190 3546 1296 3624 lyncei
1318 3553 1348 3604 et

246 3643 310 3699 pm,
348 3636 453 3708 erepet
469 3635 499 3687 et
515 3616 626 3688 siinilia.
662 3627 720 3687 Sed
736 3646 784 3688 res
804 3636 864 3687 tota
885 3629 975 3703 magis
992 3627 1120 3688 Graecos
1137 3630 1239 3704 decet,
1261 3628 1359 3688 nohis'.

246 3721 307 3780 lunc
345 3715 436 3775 ninus
461 3711 611 3788 succedit,
633 3729 688 3772 nec
710 3712 739 3772 id
762 3712 826 3772 fieri
847 3721 946 3772 natura
967 3721 1053 3792 puto,
1076 3713 1128 3772 sed
1146 3714 1247 3773 alienis
1265 3713 1345 3772 lave·
