3184 4409
563 465 652 513 msa.
676 465 824 515 ounroa.
845 466 914 513 ura.
937 459 1033 531 v1,4.
1234 449 1295 511 285

301 620 343 680 ris
365 620 394 680 in
414 627 561 698 posterum
578 621 642 698 spei
670 635 726 678 nou
748 626 811 678 erat
829 618 914 678 ratio.
950 618 1046 694 Idem,
1073 636 1135 677 oum
1158 619 1323 685 offensam&

301 713 464 780 vereretur,
480 707 504 763 si
524 703 690 779 obiurgaret
707 703 807 782 populi
822 703 972 778 segnitiam
989 705 1017 761 in
1036 704 1191 763 asserenda
1210 703 1295 763 liber·

301 797 361 847 tate
379 789 422 846 rei
441 787 590 866 publicae,
613 789 749 846 maiorum
765 785 849 846 laude
867 787 906 844 uti
923 786 1037 859 maluit,
1060 788 1106 864 qui
1128 806 1188 845 rem
1203 788 1295 865 puhli-

303 883 366 930 cam
381 871 537 930 fortissime
553 872 808 932 administrassent.
838 869 910 928 Nam
926 879 954 928 et
969 869 1070 928 faciles
1085 869 1183 930 habuit
1199 890 1296 947 aures,

302 964 332 1014 et
348 964 446 1014 natura
469 955 659 1033 sequebatur,
681 964 711 1014 ut
731 954 852 1014 meliora
873 953 1028 1032 probantes
1051 955 1181 1030 peiorum
1196 958 1296 1032 poeni-

301 1048 387 1098 teret.
432 1036 581 1098 Ciceronis
604 1038 717 1116 quidem
746 1038 796 1099 vel
820 1055 875 1097 una
901 1054 954 1114 pro
983 1035 1115 1096 Cluentio
1142 1039 1324 1114 quamlibettt

300 1122 397 1181 multis
414 1123 555 1200 exemplis
568 1121 692 1181 sufficiet
710 1123 813 1182 oratio.
850 1120 921 1180 Nam
946 1120 1022 1198 quod
1043 1123 1072 1180 in
1092 1137 1128 1179 eo
1147 1122 1297 1182 consilium

300 1208 423 1266 maxime
438 1204 544 1266 mirer?
568 1208 722 1284 primamne
741 1206 967 1283 expositionem,
984 1222 1039 1281 qua
1054 1206 1151 1279 matri,
1169 1207 1248 1265 cuius
1264 1207 1296 1265 fi·

300 1290 371 1350 lium
390 1290 538 1368 premebat
562 1292 735 1364 auotoritas,
760 1289 877 1350 abstulit
898 1284 1003 1348 fidem?
1024 1307 1076 1363 an,
1101 1289 1178 1366 quod
1201 1291 1297 1350 iudicii

302 1375 431 1451 corrupti
454 1375 560 1433 crimen
581 1373 738 1432 transferre
759 1374 787 1431 in
808 1373 1001 1432 adversarium
1023 1373 1121 1431 maluit
1144 1391 1226 1450 quam
1246 1392 1296 1432 ne·

300 1475 375 1534 gare
390 1466 510 1536 propter
526 1461 729 1531 inveteratam,
745 1465 776 1515 ut
793 1459 857 1534 ipse
877 1456 954 1530 dicit,
975 1453 1136 1515 infamiam?
1152 1475 1202 1531 an,
1220 1458 1296 1535 quod

299 1545 331 1601 in
347 1559 378 1599 re
398 1541 538 1601 invidiosa
559 1541 634 1618 legis
650 1541 756 1600 auxilio
772 1543 927 1599 novissime
943 1549 988 1599 est
1003 1538 1092 1598 ususl
1114 1558 1171 1618 quo
1187 1559 1297 1617 genere

301 1624 479 1685 defensionis
501 1626 585 1685 etiam
609 1624 777 1685 offendisset
802 1624 925 1683 nondum
954 1624 1151 1702 praemollitas
1174 1624 1296 1694 iudicum

300 1718 429 1774 mentes:
451 1727 501 1784 an,
525 1709 601 1787 quod
623 1727 656 1767 se
679 1710 771 1786 ipsum
791 1709 879 1767 invito
900 1706 1032 1767 Cluentio
1054 1707 1153 1768 faeere
1174 1719 1296 1769 testatus

302 1790 371 1851 est?
403 1792 478 1865 Quid
496 1810 549 1871 pro
565 1790 695 1852 Milone?
711 1792 787 1870 quod
805 1809 862 1850 non
877 1799 941 1850 ante
957 1794 1096 1866 narravit,
1113 1811 1197 1869 quam
1213 1803 1338 1873 prae-10

300 1876 415 1936 iudiciis
432 1875 561 1935 omnibus
577 1875 656 1935 reum
673 1873 833 1935 liberaret?
854 1874 930 1952 quod
945 1875 1107 1936 insitfiarum
1124 1876 1253 1936 invidiam
1269 1881 1297 1936 in

302 1957 433 2019 Clodium
444 1961 540 2035 vertit,
560 1978 719 2039 quanquam
730 1977 833 2018 revera
849 1959 941 2017 fuerat
957 1977 1052 2037 pugna
1067 1958 1203 2019 fortuita?
1220 1961 1297 2039 quod

301 2045 410 2103 factum
427 2053 456 2103 et
471 2045 596 2105 laudavit
612 2053 750 2102 ettamen
767 2043 915 2102 voluntate
929 2041 1044 2101 Milonis
1060 2041 1201 2102 removit?
1219 2046 1297 2122 quod

300 2127 344 2187 illi
365 2146 470 2205 preces
486 2145 542 2186 non
560 2127 638 2187 dedit
660 2137 688 2186 et
706 2127 734 2185 in
750 2126 957 2186 carumlocum
976 2127 1039 2204 ipse
1059 2125 1221 2186 successit?
1251 2123 1295 2188 lu·

302 2212 411 2271 linitum
433 2221 477 2271 est
498 2229 682 2285 enumerare,
700 2219 731 2269 ut
748 2209 850 2270 Cottae
867 2210 1024 2269 detraxerit
1041 2212 1249 2286 auctoritatem,
1266 2221 1297 2271 ut

301 2311 357 2373 pro
374 2294 487 2371 Ligario
505 2313 538 2354 se
555 2295 740 2373 opposuerit,
760 2290 923 2352 Cornelium
939 2295 1002 2373 ipsa
1019 2294 1211 2353 confessionis
1227 2295 1296 2355 fidu·

301 2379 347 2438 cia
365 2381 512 2457 eripuerit.
548 2379 622 2439 lllud
645 2379 742 2439 dicere
758 2379 828 2436 satis
843 2375 954 2452 haheo,
970 2377 1040 2437 nihil
1057 2396 1195 2437 essenon
1211 2379 1336 2438 modoll

300 2464 330 2521 in
349 2464 457 2522 orando
474 2464 525 2523 sed
541 2466 569 2522 in
585 2463 660 2522 omni
675 2464 733 2521 vita
748 2463 827 2539 prius
843 2461 981 2536 consilio,
1004 2461 1167 2540 frustraque
1181 2464 1243 2522 sine
1259 2482 1296 2524 eo

300 2547 375 2605 tradi
397 2556 510 2606 ceteras
533 2557 627 2621 artes,
656 2546 780 2625 plusque
806 2544 854 2603 vel
881 2545 943 2603 sine
970 2545 1099 2606 doctrina
1119 2547 1297 2623 prudentiam

301 2648 386 2708 quam
402 2633 464 2689 sine
481 2631 630 2708 pmdentia
649 2631 748 2689 facere
764 2629 932 2688 doctrinam.
963 2628 1073 2706 Aptare
1089 2632 1173 2689 etiam
1189 2633 1295 2691 oratio·

300 2732 367 2772 nem
383 2713 467 2790 locis,
484 2714 672 2793 temporibus,
689 2713 823 2792 personis
836 2713 1017 2772 esteiusdem
1028 2714 1150 2772 virtutis.
1180 2716 1238 2775 Sed
1250 2716 1296 2775 hic

301 2799 368 2874 quia
385 2797 468 2856 latius
489 2799 569 2857 fusus
585 2807 629 2857 est
645 2798 727 2857 locus
745 2797 907 2872 mixtusque
920 2814 983 2855 cum
999 2796 1177 2860 elocutione:
1191 2808 1294 2860 tracta·

300 2880 388 2958 bitur,
409 2899 471 2941 cum
487 2884 658 2963 praecipere
674 2881 710 2940 de
728 2889 795 2959 apte
810 2879 933 2939 dicendo
952 2883 1142 2960 coeperimus
