3184 4409
471 479 472 484 ’
530 539 533 543 .
583 505 671 556 mor.
685 505 993 573 ouuron.n1o.1,o.
1246 495 1286 557 37

248 648 254 693 ¹
295 665 373 726 libris
398 665 546 744 complexi
568 672 648 737 sunt,
675 664 788 721 nomina
810 679 861 721 sua
883 663 938 741 ipsi
960 664 1179 741 inscripsemnt;
1206 668 1285 742 inge·
1326 720 1328 724 .

247 740 254 777 l
248 752 436 858 nioseque
460 751 539 809 visus
568 756 614 807 est
638 747 743 808 Gavius
763 748 894 808 coelibes
922 747 1019 807 dicere
1041 748 1130 807 veluti
1155 751 1285 823 coelites,

247 824 369 926 quod
385 851 477 898 onere
489 833 659 910 gravissimo
671 839 784 904 vacent,
800 829 886 908 idque
899 831 1010 890 Graeco
1023 843 1190 932 argumento
1205 835 1285 909 iuvit,

247 907 416 995 ἠϊθέους
436 919 511 976 enim
537 916 637 975 eadem
659 916 695 974 de
717 932 804 974 causa
828 915 884 973 dici
906 914 1035 973 affirmat.
1075 915 1137 976 Neo
1160 918 1188 975 ei
1210 919 1286 977 cedit

294 1001 467 1062 Modestus
457 1002 621 1060 rnventione
630 1017 742 1074 ,nam,
751 1000 815 1077 quia
829 997 918 1059 Coelo
932 999 1069 1057 Saturnus
1086 1002 1221 1075 genitalia
1236 1002 1285 1060 ab·

294 1086 430 1160 sciderit,
456 1084 513 1145 boc
534 1086 648 1143 nomine
672 1082 853 1160 appellatos,
883 1084 930 1160 qui
955 1099 1045 1141 uxore
1074 1093 1206 1159 careant,
1236 1088 1283 1144 ait.

293 1169 395 1228 Aelius
413 1171 571 1247 pituitam,
594 1169 658 1246 quia
672 1176 756 1245 petat
774 1169 876 1229 citam.
914 1167 971 1226 Sed
995 1169 1039 1225 cui
1058 1184 1114 1225 non
1136 1178 1202 1245 post
1215 1169 1326 1231 Van-37

247 1267 249 1294 ἱ
292 1271 394 1312 ronem
415 1255 452 1312 sit
469 1255 568 1327 venia,
593 1252 640 1330 qui
655 1267 780 1330 ugrum,
804 1253 909 1328 quiein
926 1267 961 1309 eo
984 1261 1096 1329 agatur
1111 1252 1232 1329 aliquid,
1256 1262 1285 1313 et

290 1337 453 1414 graculos,
482 1339 548 1415 quia
567 1337 718 1415 qreqota'nt
740 1334 855 1410 volent,
883 1335 975 1394 dictos
997 1336 1088 1395 voluit
1109 1336 1285 1413 persuadere

293 1419 431 1480 Ciceroni
449 1421 500 1498 (ad
519 1439 583 1480 eum
601 1423 674 1480 enim
693 1418 826 1498 scribit),
847 1436 910 1477 cum
927 1420 1047 1478 alterum
1067 1438 1104 1479 ex
1120 1420 1230 1479 Graeco
1248 1423 1285 1480 sit

291 1505 473 1565 manilestum
494 1503 559 1564 duci
580 1504 701 1564 alterum
723 1522 760 1562 ex
779 1502 900 1561 vocibus
921 1500 1033 1562 avium?
1064 1505 1122 1563 Sed
1141 1505 1198 1563 hoc
1217 1506 1327 1567 tanti38

292 1588 346 1648 luit
366 1597 501 1662 vertere,
523 1596 554 1647 ut
576 1591 713 1663 merulo,
735 1589 801 1670 quia
825 1587 889 1646 sola
911 1588 1006 1662 volat,
1027 1590 1108 1666 quasi
1128 1607 1214 1649 merc
1231 1608 1285 1649 oo-

293 1674 367 1733 tane
388 1673 591 1731 nominaretur.
641 1673 760 1746 Quidam
785 1689 842 1730 non
870 1670 1069 1732 dubitaverunt
1092 1673 1285 1750 etymologiae

292 1755 439 1815 subiicere
456 1774 569 1816 omnem
586 1759 705 1815 nominis
724 1774 852 1816 causam:
870 1764 899 1813 ut
917 1774 954 1814 ex
971 1754 1084 1830 babitu,
1103 1759 1284 1833 quemadmo-

293 1840 358 1899 dum
382 1841 456 1914 dixi,
484 1838 606 1919 Longus
629 1850 659 1899 et
680 1839 794 1920 Rufus,
825 1857 863 1898 ex
884 1856 957 1897 sono
978 1847 1121 1918 stertere,
1150 1859 1284 1902 murmu·

292 1943 387 1991 rore,·
409 1926 494 1982 etiam
513 1923 650 1998 derivata,
672 1932 703 1982 ut
720 1925 908 1985 aoetocttote
926 1923 1028 1982 dicitur
1040 1926 1138 2000 oelou,
1160 1933 1189 1983 et
1208 1942 1284 1984 com·

292 2008 387 2085 posita
402 2008 544 2086 pluraque
561 2008 605 2067 his
622 2008 733 2084 similia,
754 2025 828 2084 quae
842 2008 904 2065 sine
920 2006 1005 2066 dubio
1019 2008 1132 2067 aliunde
1146 2011 1285 2084 originem

292 2093 400 2151 ducunt
418 2092 470 2151 sed
488 2100 549 2151 arte
567 2110 625 2152 non
644 2100 746 2168 egent,
766 2093 846 2150 cuius
863 2093 891 2149 in
907 2089 964 2148 hoc
978 2108 1068 2168 opere
1085 2108 1143 2150 non
1160 2102 1205 2151 est
1216 2111 1284 2150 usus

293 2177 347 2234 nisi
368 2175 395 2232 in
418 2175 519 2234 dubiis.

376 2259 473 2319 Verba
494 2277 510 2319 a
525 2267 713 2318 vetustate
730 2258 854 2335 repetita
874 2274 930 2315 non
947 2258 1039 2317 solum
1052 2274 1172 2334 magnos
1190 2269 1325 2323 asser-39

291 2353 374 2402 tores
390 2342 497 2402 habent
517 2343 570 2402 sed
588 2345 673 2402 etiam
690 2342 811 2404 allerunt
829 2343 950 2400 orationi
967 2345 1144 2402 maiestatem
1162 2342 1284 2419 aliquam

291 2444 349 2486 non
372 2429 435 2486 sine
457 2427 666 2493 delectatione;
690 2445 752 2485 nam
774 2429 1022 2485 etauctoritatem
1044 2428 1216 2504 antiquitatis
1234 2427 1283 2487 ha·

290 2511 361 2570 bent
379 2519 424 2585 et,
448 2513 513 2588 quia
531 2513 690 2569 intermissa
711 2519 791 2586 sunt,
814 2512 933 2586 gratiam
953 2513 1070 2569 novitati
1090 2511 1210 2569 similem
1233 2530 1283 2588 pa·

290 2603 363 2654 rant.
396 2595 456 2654 Sed
472 2612 545 2672 opus
564 2604 609 2653 est
625 2596 727 2670 modo,
751 2602 781 2653 ut
795 2611 891 2670 neque
909 2594 1010 2653 crebra
1028 2598 1083 2653 sint
1099 2595 1172 2654 baec
1189 2605 1326 2673 nequeoo

290 2679 452 2753 manifesta,
470 2681 536 2756 quia
554 2678 623 2737 nihil
643 2686 687 2737 est
704 2679 833 2738 odiosius
850 2677 1042 2753 affectatione,
1060 2696 1115 2737 nec
1132 2681 1230 2756 utique
1247 2678 1283 2738 ab

291 2763 397 2823 ultimis
420 2771 450 2821 et
469 2765 523 2822 ium
544 2762 717 2823 oblitteratis
740 2764 863 2840 repetita
885 2762 1078 2840 temporibus,
1102 2763 1197 2840 qualia
1219 2771 1284 2821 sunt

290 2857 398 2926 topper
420 2855 449 2906 et
464 2848 618 2926 antegerio
640 2856 669 2906 et
690 2849 859 2909 coronatore
881 2855 910 2904 et
928 2847 1077 2924 procopio
1096 2855 1126 2905 et
1142 2847 1283 2906 Saliorum

291 2933 417 2991 carmina
439 2933 487 2990 vix
505 2931 705 2990 sacerdotibus
723 2933 781 2989 suis
799 2930 868 2988 satis
885 2930 1041 2990 intellecta.
1074 2931 1132 2990 Sed
1153 2931 1201 2990 illa
1223 2949 1281 2990 mu·
1290 2940 1323 2994 41

291 3017 343 3075 tari
365 3023 447 3075 vetat
468 3014 572 3091 religio
597 3023 626 3073 et
649 3017 827 3074 consecratis
847 3013 981 3074 utendum
1004 3023 1063 3081 est;
1087 3017 1179 3074 oratio
1199 3031 1282 3088 vero,

292 3101 372 3157 cuius
402 3117 509 3158 summa
530 3101 620 3157 virtus
649 3107 693 3158 est
714 3099 922 3178 perspicuitaS,
951 3117 1032 3176 quam
1054 3099 1090 3157 sit
1111 3101 1231 3172 vitiosa,
1258 3100 1283 3157 si

291 3191 378 3258 egeat
398 3184 566 3260 interprete.
603 3182 699 3258 Ergo,
721 3191 753 3241 ut
773 3197 914 3240 novorum
932 3186 1038 3261 optima
1060 3192 1142 3241 erunt
1162 3183 1284 3243 maxime

290 3275 408 3341 vetera,
431 3268 469 3325 ita
491 3276 621 3326 veterum
642 3268 762 3326 maxime
783 3283 867 3325 nora.

375 3350 482 3410 Similis
503 3352 579 3409 circa
600 3353 861 3410 auctoritatem
883 3351 967 3408 ratio.
1006 3349 1077 3410 Nam
1099 3350 1209 3410 etiamsi
1230 3360 1324 3429 poet

290 3443 346 3493 test
361 3435 454 3493 videri
473 3433 541 3493 nihil
562 3452 702 3512 peccare,
725 3437 772 3513 qui
790 3436 877 3493 utitur
892 3432 936 3492 bis
957 3433 1071 3508 verbis,
1092 3452 1165 3510 quae
1183 3437 1282 3494 summi

291 3527 426 3578 auctores
443 3519 635 3591 tradiderunt,
656 3519 772 3577 multum
788 3527 882 3577 tamen
904 3516 995 3576 relert
1010 3534 1068 3576 non
1085 3519 1193 3593 solnm,
1215 3518 1282 3596 quid

291 3601 414 3662 dixerint
443 3602 495 3661 sed
517 3603 601 3661 etiam
623 3601 690 3679 quid
711 3603 918 3680 persuaserint.
956 3601 1058 3680 Neque
1081 3605 1155 3662 enim
1175 3604 1282 3664 tubur-

291 3687 518 3748 rlu'uobuudum
542 3694 571 3745 et
593 3686 869 3749 lurchinabundum
896 3687 951 3745 iam
970 3686 999 3744 in
1025 3686 1107 3746 nobis
1134 3689 1282 3764 quisquam

291 3768 380 3848 ierat,
405 3769 474 3829 licet
492 3767 564 3830 cato
584 3771 621 3830 sit
637 3779 753 3856 auctor,
775 3787 831 3830 neo
850 3770 906 3832 boo
922 3771 1057 3849 lodices,
1077 3767 1288 3850 quanquamid
