3184 4409
349 464 408 524 174
649 473 1014 549 uramwnmmm

347 629 472 707 aliquid,
493 629 570 708 quod
596 647 634 688 ex
654 628 774 704 invidia,
798 647 882 709 quam
904 626 1049 705 expositio
1075 627 1231 688 adversarii
1253 628 1337 706 iecit,

348 713 457 773 detrahi
471 714 580 791 possit,
605 730 668 771 eum
685 714 769 771 etiam
789 714 868 772 servi
882 712 973 770 nostri
993 711 1029 770 de
1044 712 1173 790 peccatis
1188 711 1248 770 suis
1263 712 1338 773 mol·

252 870 254 877 Ι
306 797 402 860 itlius
418 796 578 875 loquantur.
618 795 765 869 Quaedam
786 798 861 856 euim
881 795 963 874 quasi
980 811 1037 853 non
1058 802 1205 854 narrantes
1224 794 1338 873 mitiga·

347 880 452 939 bimus:
474 879 542 941 Non
556 881 695 957 quidem,
716 887 750 940 nt
762 879 965 942 admonetur
983 879 1071 952 dicit,
1091 879 1247 941 mntem
1259 879 1339 958 farti

346 965 534 1042 intemptans
549 964 664 1038 attolit,
684 982 742 1023 neo
757 964 811 1024 diu
827 963 961 1042 captavit
977 963 1105 1022 eiceret
1123 970 1259 1044 tempas,-
1279 965 1339 1024 aod

346 1050 507 1109 occasione
518 1054 547 1110 et
560 1047 699 1108 absentia
713 1048 870 1107 custodum
882 1053 1048 1123 comptus
1057 1055 1087 1107 et
1097 1046 1243 1123 pecunia,
1257 1063 1339 1123 qaae

346 1133 470 1192 nimiam
490 1131 522 1191 t'n
539 1131 650 1191 animm
670 1131 821 1200 lominum
837 1136 951 1208 pateat,
972 1130 1072 1190 ot‘atrtr
1092 1137 1145 1192 est.
1182 1127 1263 1202 Quia
1284 1149 1337 1191 re-

344 1215 428 1293 fert?
439 1214 584 1293 peccavit
595 1221 623 1277 et
633 1213 688 1291 sar
700 1221 754 1288 act,
770 1222 799 1273 et
809 1214 884 1274 nihil
893 1214 999 1274 attinet
1012 1215 1046 1273 id
1060 1213 1234 1291 defendere,
1249 1216 1339 1274 auiae

305 1309 336 1364 71
346 1316 475 1376 paenam
486 1316 547 1359 aon
560 1315 748 1358 recusamus.
781 1296 896 1355 Interim
914 1297 995 1373 quasi
1010 1297 1172 1356 damnemus
1187 1297 1258 1374 ipsi:
1287 1295 1339 1358 Via

346 1383 489 1443 tadicum
502 1380 571 1441 aino
584 1381 767 1458 impulsam?
782 1399 888 1441 errare
902 1382 1043 1457 lapsam?
1057 1389 1146 1442 noete
1156 1381 1339 1458 deceptam?

345 1482 422 1527 aera
436 1472 506 1525 rant
519 1466 580 1525 teta
591 1465 743 1542 sortasse,·
759 1473 790 1524 ta
802 1472 902 1525 tamen
912 1465 1074 1542 inpenaam
1084 1466 1241 1544 stuprasti,
1255 1467 1339 1526 soloe

347 1551 452 1610 decent
470 1548 564 1609 milia.
597 1546 805 1624 Nonnunquam
824 1547 1025 1626 propositione
1046 1547 1218 1625 praemuniri
1238 1556 1337 1625 potest

305 1643 339 1699 72
349 1650 450 1706 causa,
466 1631 570 1691 deinde
586 1632 701 1710 exponi.
729 1628 878 1691 Contraria
895 1639 960 1689 sunt
975 1633 1067 1689 omnia
1083 1631 1172 1690 tribus
1188 1631 1271 1707 attis,
1289 1633 1338 1710 qui

347 1718 376 1775 in
389 1724 510 1774 mortem
525 1716 614 1794 patris
632 1715 829 1774 coniurarant:
851 1715 945 1774 sortiti
967 1723 1053 1773 nocte
1069 1715 1174 1791 singuli
1192 1732 1246 1792 per
1261 1717 1337 1776 ordi·

348 1817 412 1857 nem
436 1817 499 1858 aum
521 1799 599 1858 ferro
623 1798 784 1859 cubiculum
805 1800 945 1859 intrarunt
967 1807 1050 1876 patre
1072 1797 1245 1866 dormiente;
1273 1817 1337 1858 oum

306 1893 339 1947 ta
348 1883 486 1942 occidere
502 1900 566 1942 eum
580 1900 664 1941 nemo
680 1883 839 1961 potuisset,
856 1883 983 1941 excitato
999 1883 1092 1940 omnia
1108 1880 1277 1941 indicarunt.
1306 1885 1337 1942 Si

347 1975 442 2025 tamen
462 1975 561 2045 pater,
580 1968 627 2043 qui
647 1967 742 2025 divisit
764 1967 961 2044 patrimonium
983 1975 1013 2024 et
1033 1981 1101 2024 reos
1121 1965 1266 2044 parricidii
1287 1967 1336 2026 de-

348 2050 453 2126 lendit,
476 2051 519 2109 sic
535 2058 616 2126 agat:
640 2049 727 2123 Quod
742 2057 851 2111 coatm
867 2052 962 2128 tepent
981 2050 1112 2130 saffica,
1130 2049 1336 2127 parrtetatam

347 2135 490 2196 atttettar
503 2135 678 2211 iuvenibus,
694 2151 822 2212 quorum
834 2142 925 2212 pater
937 2134 1010 2195 aicit
1023 2135 1219 2211 mperatum
1233 2133 1337 2194 liberta

347 2220 414 2279 raia
427 2219 527 2280 adest.
552 2215 696 2280 Ordinem
708 2220 755 2279 rei
768 2235 905 2280 narrare
918 2219 994 2295 qaid
1006 2236 1131 2278 maesse
1144 2225 1198 2293 est,
1214 2236 1284 2277 aum
1293 2218 1336 2277 ad

347 2303 442 2380 lepem
461 2303 536 2364 ntttt
551 2304 729 2380 pertineat?
756 2303 813 2363 red
831 2303 860 2362 ει·
881 2303 1098 2380 conformarem
1120 2303 1230 2379 culpae
1252 2319 1337 2361 meae

347 2386 488 2464 eripitis.-
506 2386 555 2464 [αἱ
573 2393 663 2463 pater
680 2388 778 2446 doras
794 2392 825 2446 et
835 2386 1026 2465 patrimonii,
1048 2386 1128 2462 qaod
1148 2385 1211 2444 iam
1229 2381 1338 2444 melias

348 2470 388 2531 ab
408 2469 456 2529 lia
475 2471 687 2530 administrari
704 2477 842 2547 poterat,
865 2477 958 2530 tertam
977 2476 1099 2540 cortou
1126 2466 1229 2527 deindo
1250 2466 1336 2525 subii-

307 2553 436 2614 iacitur:
459 2550 635 2614 stimulatos
652 2553 691 2614 ab
713 2554 769 2628 tir,
793 2568 920 2628 quoram
937 2553 1174 2631 indalpentiores
1192 2559 1338 2629 parentes

347 2644 451 2710 erant,
467 2654 587 2714 semper
601 2644 700 2696 tamen
714 2636 856 2697 tabuisse
869 2655 936 2697 eam
951 2638 1100 2712 animam,
1115 2637 1168 2714 qai
1178 2636 1218 2696 aa't
1231 2642 1338 2696 eomtta

348 2718 569 2797 deprehensas,
583 2730 616 2781 ot
629 2721 775 2782 occidere
781 2728 904 2797 patrem
916 2739 976 2782 oon
986 2729 1119 2799 parcent,
1140 2718 1247 2796 Neque
1259 2719 1338 2778 etaim

346 2802 547 2865 iureiurando
560 2823 636 2882 apae
652 2804 766 2882 satam,
783 2804 813 2864 εἰ
831 2805 946 2881 alioqui
959 2805 1016 2865 lae
1029 2805 1137 2865 mendo
1150 2803 1336 2876 latuissent,

346 2905 405 2948 neo
418 2895 516 2963 sorte,
531 2889 591 2948 atsi
606 2889 688 2965 quod
701 2906 735 2948 re
750 2888 877 2966 palaque
891 2889 984 2949 caina
996 2888 1136 2949 valuerit:
1157 2885 1248 2945 omnia
1263 2884 1337 2944 haec

349 2970 557 3049 qualiacunque
574 2971 779 3049 placidioribus
800 2972 899 3032 animis
919 2973 1098 3050 accipientur
1115 2970 1165 3030 illa
1179 2968 1261 3027 brevi
1278 2969 1337 3045 pri·

307 3063 412 3120 tanae
429 3057 636 3134 propositionis
654 3055 824 3115 defensioue
840 3055 958 3115 mollita.
988 3054 1026 3114 dt
1041 3072 1105 3114 oum
1119 3054 1275 3133 quaeritur,
1292 3051 1338 3110 An

348 3139 453 3197 lactum
469 3136 527 3198 sit?
555 3139 621 3214 vel,
645 3137 738 3211 Quale
755 3139 861 3199 iactum
878 3135 936 3198 sit?
962 3138 1032 3198 licet
1052 3139 1146 3197 omnia
1162 3144 1261 3195 contra
1283 3151 1337 3194 nos

348 3224 418 3282 siat:
441 3223 584 3302 quomodo
607 3231 702 3282 tamen
717 3225 827 3282 evitare
842 3224 1054 3301 expositionem
1071 3221 1152 3281 salva
1168 3236 1274 3279 causae
1291 3236 1337 3278 ra-

348 3307 426 3364 tione
449 3304 624 3385 possumne?
662 3306 795 3366 Narravit
819 3314 973 3367 accusator
997 3323 1093 3384 neque
1108 3307 1160 3364 'ita
1184 3312 1232 3379 ut,
1262 3320 1338 3380 quae

349 3399 449 3448 esseut
462 3399 537 3466 acta,
554 3400 661 3451 tantum
676 3390 830 3459 indicaret:
850 3389 903 3450 sed
918 3390 1023 3449 adiecit
1037 3389 1179 3461 invidiam,
1196 3405 1256 3446 rem
1272 3403 1337 3445 ver·

348 3471 393 3532 bis
410 3475 608 3552 exasperavit,
625 3482 813 3534 accesserunt
828 3474 1032 3552 probationes,
1049 3473 1198 3551 peroratio
1212 3469 1341 3530 incendit

307 3565 379 3621 laet
402 3555 505 3634 plenos
527 3559 588 3618 irae
609 3558 735 3634 reliquit.
780 3557 925 3636 Expectat
947 3556 1115 3617 naturaliter
1137 3555 1242 3629 iudex,
1270 3551 1339 3632 puta

350 3648 483 3700 narretur
502 3640 627 3700 anobis.
664 3643 695 3701 Si
715 3640 785 3703 nilril
805 3643 991 3720 exponimus:
1013 3641 1063 3700 illa
1085 3658 1168 3715 esse,
1192 3655 1265 3717 quae
1287 3634 1337 3695 ad-

347 3726 495 3786 versarius
520 3725 606 3803 dixit,
630 3734 659 3784 et
679 3724 773 3801 talia,
792 3725 887 3804 qualia
909 3726 994 3802 dixit,
1018 3725 1116 3784 credat
1136 3740 1260 3783 necesse
1280 3727 1337 3780 est.
