3184 4409
574 470 1013 541 ruso.onxu01e.u1a.11,1t.
1249 462 1289 524 95

307 632 370 691 enim
385 641 463 693 artes
478 633 556 691 aiunt
573 630 682 690 bebere
698 631 875 705 materiam,
900 630 976 708 quod
998 639 1043 689 est
1055 649 1170 700 verum;
1192 630 1289 690 rheto-

303 717 508 779 noesseltum
528 733 595 774 esse
615 717 791 794 propriam,
816 714 892 792 quod
914 732 981 773 esse
997 714 1100 775 salsum
1119 719 1147 775 in
1167 734 1290 793 sequen·

303 800 370 860 tibus
386 801 528 879 probabo.
564 799 665 859 Altera
684 808 729 858 est
744 800 899 872 calumnia,
922 797 1027 857 nullam
1042 809 1132 859 artem
1147 800 1229 860 falsis
1245 819 1290 860 as·
1300 806 1332 860 18

301 886 394 944 sentiri
408 883 609 963 opinionibus,
632 885 698 962 quia
714 884 849 942 constitui
868 884 930 941 sine
945 885 1135 960 perceptione
1150 902 1208 944 non
1222 903 1290 963 pos·

251 1034 253 1051 ι
300 971 345 1045 sit,
369 988 445 1048 quae
461 987 576 1046 semper
590 986 659 1027 vera
675 970 725 1035 sit;
748 969 921 1028 rhetoricen
941 969 1087 1028 assentiri
1105 970 1211 1046 falsis,
1233 987 1290 1028 uon

300 1072 360 1113 csse
379 1056 468 1131 igitur
482 1061 581 1112 artem.
609 1051 690 1128 Ego,
709 1052 875 1111 rhetoricen
890 1068 1089 1128 nonnunquam
1104 1053 1203 1112 dicere
1218 1053 1291 1113 falsa
1299 1059 1332 1112 19

298 1156 345 1216 pro
365 1139 471 1212 veris,
487 1136 663 1202 confitebor3
686 1136 738 1195 sed
764 1153 822 1194 non
845 1135 911 1194 ideo
934 1137 963 1193 iu
987 1135 1061 1195 falsa
1086 1153 1201 1213 quoque
1223 1154 1290 1197 esse

297 1225 431 1302 opinione
453 1220 625 1294 concedam,
645 1222 710 1297 quia
732 1219 820 1296 longe
842 1220 986 1279 diversum
1008 1229 1070 1294 est,
1089 1222 1144 1298 ipsi
1162 1222 1228 1298 quid
1249 1223 1290 1280 vi·

296 1308 353 1367 deri
377 1315 424 1381 et,
444 1313 476 1364 ut
497 1305 546 1363 alii
561 1305 709 1376 videatur,
732 1304 862 1363 efficere.
896 1303 968 1363 Nam
988 1314 1017 1363 et
1037 1306 1193 1381 imperator
1208 1305 1290 1365 falsis

295 1395 380 1452 utitur
396 1408 505 1467 saepe,
524 1398 555 1447 ut
574 1387 732 1462 Hannibal,
753 1407 816 1448 cum
837 1388 964 1447 inclusus
979 1406 996 1447 a
1011 1387 1118 1464 Fabio,
1139 1391 1308 1448 sarmentis.

296 1479 402 1535 circum
429 1491 536 1534 cornua
560 1468 647 1531 boum
667 1472 800 1548 deligatis
826 1475 1027 1551 incensisque,
1056 1485 1242 1550 pernoctem
1262 1476 1290 1532 in

295 1561 436 1620 adversos
451 1566 562 1617 montes
579 1575 669 1633 egens
685 1567 811 1616 armenta
826 1559 955 1635 speciem
970 1557 1046 1616 hosti
1061 1558 1190 1618 abeuntis
1206 1577 1290 1618 exer·
1342 1565 1349 1582 '

295 1646 365 1703 citus
383 1642 480 1718 dedit,
500 1641 553 1700 sed
574 1641 653 1700 illum
671 1641 792 1708 lelellit3
812 1644 894 1719 ipse,
914 1641 981 1719 quid
1001 1660 1101 1701 verum
1116 1652 1211 1720 esset,
1233 1660 1290 1701 non

295 1729 447 1805 ignoravit.
483 1725 546 1785 Nec
560 1742 631 1784 vero
648 1725 853 1803 Theopompus
870 1726 1130 1802 Lacedaemonius,
1147 1745 1210 1786 cum
1225 1735 1333 1805 per-20

295 1821 400 1872 mutato
417 1829 481 1870 cum
496 1827 588 1869 uxore
604 1809 700 1869 habitu
710 1829 734 1868 -e
749 1811 879 1870 custodia
894 1820 924 1869 ut
938 1811 1040 1870 mulier
1060 1815 1167 1887 evasit,
1189 1810 1291 1871 salsam

296 1897 327 1964 de
344 1915 380 1956 se
397 1896 562 1972 opinionem
583 1893 681 1953 habuit
698 1895 750 1954 sed
770 1895 937 1955 custodibus
959 1895 1100 1972 praebuit.
1134 1895 1206 1955 ltem
1226 1914 1290 1956 ora·

294 1989 354 2056 tor,
376 1998 441 2040 cum
461 1978 536 2038 falso
558 1981 646 2037 utitur
665 1996 719 2056 pro
739 1997 828 2053 vero,
848 1981 904 2037 scit
926 1997 993 2037 esse
1014 1979 1117 2038 falsum
1139 1997 1235 2056 eoque
1257 1999 1291 2039 se

294 2083 346 2142 pro
357 2080 433 2124 vero
449 2065 504 2132 uti3
520 2079 576 2121 non
593 2080 664 2139 ergo
680 2062 782 2122 salsam
797 2062 883 2121 habet
898 2064 961 2139 ipse
975 2065 1138 2140 opinionem
1150 2064 1202 2122 sed
1217 2063 1291 2123 fallit

294 2150 390 2209 alium.
425 2146 489 2206 Nec
510 2144 632 2221 Cicero,
653 2166 716 2206 cum
737 2164 771 2204 se
792 2146 927 2205 tenebras
945 2147 1083 2206 offudisse
1102 2146 1244 2206 iudicibus
1263 2150 1332 2208 intl

294 2251 382 2293 causa
399 2229 524 2291 Cluentii
540 2232 681 2307 gloriatus
698 2239 758 2305 est,
778 2230 847 2290 nihil
863 2233 926 2308 ipse
941 2231 1020 2289 vidit.
1055 2230 1092 2290 Et
1106 2232 1211 2308 pictor,
1228 2249 1291 2291 cum

293 2319 320 2375 ri
337 2318 410 2376 artis
425 2333 494 2375 suae
511 2315 615 2390 efficit,
634 2323 665 2373 ut
681 2315 820 2392 quaedam
841 2317 966 2374 eminere
981 2317 1009 2373 in
1025 2331 1132 2392 opere,
1152 2315 1291 2393 quaedam

292 2402 459 2460 recessisse
475 2400 642 2474 credamus,
660 2401 725 2477 ipse
746 2417 780 2458 ea
802 2399 886 2476 plana
908 2416 1047 2458 essenon
1068 2401 1170 2458 nescit.
1204 2399 1332 2460 Aiunttt

293 2487 398 2559 etiam,
417 2503 520 2545 omnes
532 2491 616 2544 artes
630 2483 744 2544 babere
760 2484 850 2561 pineto
872 2485 1004 2562 aliquem
1017 2485 1225 2562 propositum,
1248 2485 1292 2545 ad

293 2587 385 2647 quem
400 2569 545 2642 tenderem
563 2568 645 2629 burte
661 2570 749 2629 modo
763 2570 879 2629 uallum
894 2588 961 2629 esse
974 2570 1007 2628 in
1021 2570 1189 2643 rhetorice,
1204 2568 1292 2630 modo

292 2673 352 2715 uon
364 2654 527 2732 praestari
540 2670 624 2727 eum,
643 2654 695 2729 qui
706 2655 911 2731 promittatur.
942 2651 1129 2720 Mentiuntur;
1148 2669 1201 2710 nos
1217 2653 1291 2711 enim

295 2757 362 2797 esse
379 2737 465 2796 finem
479 2738 534 2795 iam
549 2736 735 2811 ostendimus,
753 2745 783 2796 et
799 2738 862 2815 quis
878 2745 957 2795 esset
972 2737 1103 2795 diximus.
1130 2736 1334 2797 Praestabittb

295 2821 370 2882 bunc
388 2839 505 2900 semper
522 2829 638 2896 orator,
660 2839 777 2898 semper
799 2822 874 2879 enim
894 2820 1072 2880 benedicet.
1104 2819 1228 2880 Firmum
1242 2839 1290 2880 ao·

295 2915 350 2966 tem
372 2904 448 2980 boc,
479 2904 556 2982 quod
578 2906 748 2984 opponitur,
769 2905 908 2964 adversus
935 2922 987 2964 eos
1014 2906 1138 2965 fortasse
1164 2907 1215 2979 sit,
1243 2906 1291 2981 qui

296 2990 474 3067 persuadere
495 2989 580 3047 linem
600 2998 780 3066 putaverunt.
813 2987 922 3048 Noster
943 2999 1041 3048 orator
1055 3007 1160 3066 arsque
1176 3007 1192 3048 a
1206 2988 1291 3047 nobis

296 3073 372 3134 linita
387 3090 445 3132 nou
460 3082 525 3132 sunt
538 3074 633 3150 posita
648 3075 676 3130 iu
691 3082 806 3132 eventu.
838 3073 940 3132 Tendit
956 3073 1068 3152 quidem
1081 3073 1115 3131 ad
1130 3074 1290 3146 victoriam,

296 3161 341 3236 qni
359 3158 445 3225 dieit;
465 3156 518 3216 sed
536 3175 598 3216 cum
615 3157 690 3216 bene
708 3157 794 3232 dixit,
816 3160 998 3216 etiamsinon
1019 3160 1128 3231 vincat,
1149 3156 1194 3230 id,
1214 3156 1291 3234 quod

294 3251 355 3301 arte
373 3244 553 3315 continetur,
579 3241 685 3300 effecit.
719 3241 793 3315 Nam¹
807 3251 836 3300 et
853 3241 1030 3318 gubernator
1044 3241 1105 3300 vult
1120 3241 1201 3300 salva
1218 3240 1333 3300 nave24

293 3329 320 3384 in
341 3335 458 3405 portum
477 3327 645 3403 pervenire;
673 3327 697 3384 si
718 3334 813 3384 tamen
837 3335 1009 3403 tempestate
1032 3325 1118 3384 luerit
1141 3324 1290 3403 abreptus,

293 3428 351 3469 non
368 3411 435 3470 ideo
458 3411 548 3468 minus
569 3412 624 3469 erit
643 3409 822 3486 gubernator
843 3411 978 3489 dicetque
993 3419 1090 3469 notum
1105 3409 1192 3485 illud,
1210 3408 1291 3471 Dum

293 3497 416 3556 clauum
440 3503 556 3554 rectum
575 3501 703 3555 teneam.
739 3493 776 3552 Et
795 3493 923 3553 medicus
946 3496 1095 3554 sanitatem
1116 3511 1206 3570 aegro
1225 3505 1332 3572 pro-25

291 3581 391 3645 mittit;
418 3580 442 3636 si
469 3586 562 3636 tamen
587 3586 635 3636 aut
658 3577 829 3639 valetudinis
849 3580 878 3636 ri
899 3586 947 3637 aot
970 3580 1187 3656 intemperantia
1210 3579 1291 3653 aegri

291 3664 391 3723 aliove
407 3678 465 3738 quo
480 3679 548 3720 casu
564 3680 670 3720 summa
685 3680 741 3720 non
757 3664 906 3739 contingit,
923 3662 988 3722 dum
1002 3664 1066 3740 ipse
1081 3664 1173 3721 omnia
1189 3679 1290 3720 secun·

292 3748 359 3808 dum
371 3747 517 3806 rationem
536 3745 655 3821 lecerit,
676 3747 835 3807 medicinae
856 3747 912 3806 line
932 3764 990 3806 non
1006 3746 1132 3808 excidet.
1165 3744 1213 3805 ltu
1227 3761 1293 3803 ona·
1314 3768 1316 3770 ·
