<?xml version="1.0" encoding="UTF-8"?>
<!DOCTYPE html PUBLIC "-//W3C//DTD XHTML 1.0 Transitional//EN"
    "http://www.w3.org/TR/xhtml1/DTD/xhtml1-transitional.dtd">
<html xmlns="http://www.w3.org/1999/xhtml" xml:lang="en" lang="en">
 <head>
  <title>
</title>
<meta http-equiv="Content-Type" content="text/html;charset=utf-8" />
  <meta name='ocr-system' content='tesseract 3.04.00' />
  <meta name='ocr-capabilities' content='ocr_page ocr_carea ocr_par ocr_line ocrx_word'/>
</head>
<body>
  <div class='ocr_page' id='page_1' title='image "./mfabiiquintilia02quingoog_0534.png"; bbox 0 0 3184 4409; ppageno 0'>
   <div class='ocr_carea' id='block_1_1' title="bbox 336 445 1046 514">
    <p class='ocr_par' dir='ltr' id='par_1_1' title="bbox 336 445 1046 514">
     <span class='ocr_line' id='line_1_1' title="bbox 336 445 1046 514; baseline -0.011 -7"><span class='ocrx_word' id='word_1_1' title='bbox 336 445 399 507; x_wconf 72' lang='lat' dir='ltr'><strong>tot</strong></span> <span class='ocrx_word' id='word_1_2' title='bbox 683 456 720 503; x_wconf 83' lang='lat' dir='ltr'><strong>u.</strong></span> <span class='ocrx_word' id='word_1_3' title='bbox 736 454 815 502; x_wconf 74' lang='lat' dir='ltr'><strong>san.</strong></span> <span class='ocrx_word' id='word_1_4' title='bbox 827 451 1046 514; x_wconf 78' lang='lat' dir='ltr'><strong>Qumnmmnn</strong></span> 
     </span>
    </p>
   </div>
   <div class='ocr_carea' id='block_1_2' title="bbox 334 607 1326 1027">
    <p class='ocr_par' dir='ltr' id='par_1_2' title="bbox 334 607 1326 1027">
     <span class='ocr_line' id='line_1_2' title="bbox 334 607 1325 692; baseline -0.001 -19"><span class='ocrx_word' id='word_1_5' title='bbox 334 613 501 692; x_wconf 81' lang='lat' dir='ltr'><strong>simplicitas</strong></span> <span class='ocrx_word' id='word_1_6' title='bbox 523 611 573 671; x_wconf 89' lang='lat' dir='ltr'><strong>illa</strong></span> <span class='ocrx_word' id='word_1_7' title='bbox 595 617 624 671; x_wconf 94' lang='lat' dir='ltr'><strong>et</strong></span> <span class='ocrx_word' id='word_1_8' title='bbox 642 609 724 669; x_wconf 87' lang='lat' dir='ltr'><strong>relut</strong></span> <span class='ocrx_word' id='word_1_9' title='bbox 746 610 886 669; x_wconf 75' lang='lat' dir='ltr'><strong>securitas</strong></span> <span class='ocrx_word' id='word_1_10' title='bbox 906 607 1089 668; x_wconf 82' lang='lat' dir='ltr'><strong>inaffectatae</strong></span> <span class='ocrx_word' id='word_1_11' title='bbox 1112 611 1260 670; x_wconf 85' lang='lat' dir='ltr'><strong>orationis</strong></span> <span class='ocrx_word' id='word_1_12' title='bbox 1274 613 1325 672; x_wconf 85' lang='lat' dir='ltr'><strong>nin</strong></span> 
     </span>
     <span class='ocr_line' id='line_1_3' title="bbox 334 691 1325 773; baseline -0.001 -16"><span class='ocrx_word' id='word_1_13' title='bbox 334 708 435 758; x_wconf 89' lang='lat' dir='ltr'><strong>tenues</strong></span> <span class='ocrx_word' id='word_1_14' title='bbox 452 714 553 756; x_wconf 80' lang='lat' dir='ltr'><strong>causas</strong></span> <span class='ocrx_word' id='word_1_15' title='bbox 570 694 671 770; x_wconf 86' lang='lat' dir='ltr'><strong>decet,</strong></span> <span class='ocrx_word' id='word_1_16' title='bbox 692 693 848 754; x_wconf 87' lang='lat' dir='ltr'><strong>maioribus</strong></span> <span class='ocrx_word' id='word_1_17' title='bbox 867 692 938 752; x_wconf 93' lang='lat' dir='ltr'><strong>illud</strong></span> <span class='ocrx_word' id='word_1_18' title='bbox 959 691 1127 752; x_wconf 82' lang='lat' dir='ltr'><strong>admirabile</strong></span> <span class='ocrx_word' id='word_1_19' title='bbox 1150 694 1271 755; x_wconf 90' lang='lat' dir='ltr'><strong>dicendi</strong></span> <span class='ocrx_word' id='word_1_20' title='bbox 1290 714 1325 773; x_wconf 78' lang='lat' dir='ltr'><strong>ge</strong></span> 
     </span>
     <span class='ocr_line' id='line_1_4' title="bbox 334 773 1326 858; baseline 0 -18"><span class='ocrx_word' id='word_1_21' title='bbox 334 801 386 840; x_wconf 90' lang='lat' dir='ltr'><strong>nus</strong></span> <span class='ocrx_word' id='word_1_22' title='bbox 409 783 499 857; x_wconf 85' lang='lat' dir='ltr'><strong>magis</strong></span> <span class='ocrx_word' id='word_1_23' title='bbox 523 782 667 839; x_wconf 81' lang='lat' dir='ltr'><strong>convenit.</strong></span> <span class='ocrx_word' id='word_1_24' title='bbox 703 777 735 838; x_wconf 91' lang='lat' dir='ltr'><strong>ln</strong></span> <span class='ocrx_word' id='word_1_25' title='bbox 756 788 879 856; x_wconf 89' lang='lat' dir='ltr'><strong>utroque</strong></span> <span class='ocrx_word' id='word_1_26' title='bbox 902 778 1007 836; x_wconf 89' lang='lat' dir='ltr'><strong>emin&#39;et</strong></span> <span class='ocrx_word' id='word_1_27' title='bbox 1022 773 1148 844; x_wconf 78' lang='lat' dir='ltr'><strong>Cicero:</strong></span> <span class='ocrx_word' id='word_1_28' title='bbox 1179 797 1221 838; x_wconf 85' lang='lat' dir='ltr'><strong>ex</strong></span> <span class='ocrx_word' id='word_1_29' title='bbox 1243 781 1326 858; x_wconf 81' lang='lat' dir='ltr'><strong>quiin</strong></span> 
     </span>
     <span class='ocr_line' id='line_1_5' title="bbox 334 861 1326 943; baseline -0.001 -18"><span class='ocrx_word' id='word_1_30' title='bbox 334 866 454 925; x_wconf 89' lang='lat' dir='ltr'><strong>alterum</strong></span> <span class='ocrx_word' id='word_1_31' title='bbox 477 867 600 942; x_wconf 89' lang='lat' dir='ltr'><strong>imperiti</strong></span> <span class='ocrx_word' id='word_1_32' title='bbox 622 882 656 924; x_wconf 89' lang='lat' dir='ltr'><strong>se</strong></span> <span class='ocrx_word' id='word_1_33' title='bbox 677 880 766 942; x_wconf 92' lang='lat' dir='ltr'><strong>posse</strong></span> <span class='ocrx_word' id='word_1_34' title='bbox 789 862 929 940; x_wconf 85' lang='lat' dir='ltr'><strong>consequi</strong></span> <span class='ocrx_word' id='word_1_35' title='bbox 955 861 1091 937; x_wconf 85' lang='lat' dir='ltr'><strong>credent,</strong></span> <span class='ocrx_word' id='word_1_36' title='bbox 1118 864 1326 943; x_wconf 79' lang='lat' dir='ltr'><strong>neutrnm‚qn&#39;</strong></span> 
     </span>
     <span class='ocr_line' id='line_1_6' title="bbox 334 950 506 1027; baseline -0.012 -18"><span class='ocrx_word' id='word_1_37' title='bbox 334 950 506 1027; x_wconf 85' lang='lat' dir='ltr'><strong>intelligunt.</strong></span> 
     </span>
    </p>
   </div>
   <div class='ocr_carea' id='block_1_3' title="bbox 705 1080 926 1135">
    <p class='ocr_par' dir='ltr' id='par_1_3' title="bbox 705 1080 926 1135">
     <span class='ocr_line' id='line_1_7' title="bbox 705 1080 926 1135; baseline 0.014 -3"><span class='ocrx_word' id='word_1_38' title='bbox 705 1083 749 1132; x_wconf 87' lang='lat' dir='ltr'><strong>DE</strong></span> <span class='ocrx_word' id='word_1_39' title='bbox 767 1080 926 1135; x_wconf 77' lang='lat' dir='ltr'><strong>MEMORIA.</strong></span> 
     </span>
    </p>
   </div>
   <div class='ocr_carea' id='block_1_4' title="bbox 334 1188 1335 1528">
    <p class='ocr_par' dir='ltr' id='par_1_4' title="bbox 334 1188 1335 1528">
     <span class='ocr_line' id='line_1_8' title="bbox 417 1188 1331 1274; baseline 0.001 -18"><span class='ocrx_word' id='word_1_40' title='bbox 417 1195 453 1256; x_wconf 91' lang='grc' dir='ltr'><strong>Π.</strong></span> <span class='ocrx_word' id='word_1_41' title='bbox 469 1195 677 1255; x_wconf 89' lang='lat' dir='ltr'><strong>lllemoriam</strong></span> <span class='ocrx_word' id='word_1_42' title='bbox 695 1195 808 1274; x_wconf 90' lang='lat' dir='ltr'><strong>qnidam</strong></span> <span class='ocrx_word' id='word_1_43' title='bbox 829 1203 948 1255; x_wconf 83' lang='lat' dir='ltr'><strong>naturae</strong></span> <span class='ocrx_word' id='word_1_44' title='bbox 970 1192 1056 1253; x_wconf 90' lang='lat' dir='ltr'><strong>modo</strong></span> <span class='ocrx_word' id='word_1_45' title='bbox 1073 1210 1143 1252; x_wconf 89' lang='lat' dir='ltr'><strong>esse</strong></span> <span class='ocrx_word' id='word_1_46' title='bbox 1160 1188 1272 1255; x_wconf 84' lang='lat' dir='ltr'><strong>munus</strong></span> <span class='ocrx_word' id='word_1_47' title='bbox 1287 1197 1331 1257; x_wconf 81' lang='lat' dir='ltr'><strong>eni·</strong></span> 
     </span>
     <span class='ocr_line' id='line_1_9' title="bbox 334 1276 1333 1357; baseline 0.001 -17"><span class='ocrx_word' id='word_1_48' title='bbox 334 1283 530 1355; x_wconf 81' lang='lat' dir='ltr'><strong>elimaverunt,</strong></span> <span class='ocrx_word' id='word_1_49' title='bbox 547 1289 649 1357; x_wconf 88' lang='lat' dir='ltr'><strong>estque</strong></span> <span class='ocrx_word' id='word_1_50' title='bbox 665 1282 692 1338; x_wconf 93' lang='lat' dir='ltr'><strong>in</strong></span> <span class='ocrx_word' id='word_1_51' title='bbox 709 1297 743 1339; x_wconf 88' lang='lat' dir='ltr'><strong>ea</strong></span> <span class='ocrx_word' id='word_1_52' title='bbox 757 1296 815 1338; x_wconf 94' lang='lat' dir='ltr'><strong>non</strong></span> <span class='ocrx_word' id='word_1_53' title='bbox 828 1278 913 1339; x_wconf 89' lang='lat' dir='ltr'><strong>dubie</strong></span> <span class='ocrx_word' id='word_1_54' title='bbox 928 1276 1087 1356; x_wconf 84' lang='lat' dir='ltr'><strong>plurimum,</strong></span> <span class='ocrx_word' id='word_1_55' title='bbox 1104 1278 1159 1338; x_wconf 88' lang='lat' dir='ltr'><strong>sed</strong></span> <span class='ocrx_word' id='word_1_56' title='bbox 1172 1280 1243 1357; x_wconf 90' lang='lat' dir='ltr'><strong>ipsa</strong></span> <span class='ocrx_word' id='word_1_57' title='bbox 1260 1297 1333 1341; x_wconf 81' lang='lat' dir='ltr'><strong>exuo</strong></span> 
     </span>
     <span class='ocr_line' id='line_1_10' title="bbox 335 1361 1334 1440; baseline 0.001 -16"><span class='ocrx_word' id='word_1_58' title='bbox 335 1365 420 1424; x_wconf 93' lang='lat' dir='ltr'><strong>lendo</strong></span> <span class='ocrx_word' id='word_1_59' title='bbox 436 1366 510 1423; x_wconf 90' lang='lat' dir='ltr'><strong>sicut</strong></span> <span class='ocrx_word' id='word_1_60' title='bbox 525 1363 579 1423; x_wconf 92' lang='lat' dir='ltr'><strong>alia</strong></span> <span class='ocrx_word' id='word_1_61' title='bbox 595 1365 687 1423; x_wconf 91' lang='lat' dir='ltr'><strong>omnia</strong></span> <span class='ocrx_word' id='word_1_62' title='bbox 702 1373 838 1440; x_wconf 82' lang='lat' dir='ltr'><strong>augetur;</strong></span> <span class='ocrx_word' id='word_1_63' title='bbox 862 1371 892 1422; x_wconf 92' lang='lat' dir='ltr'><strong>et</strong></span> <span class='ocrx_word' id='word_1_64' title='bbox 908 1371 1000 1436; x_wconf 88' lang='lat' dir='ltr'><strong>totus,</strong></span> <span class='ocrx_word' id='word_1_65' title='bbox 1025 1361 1135 1439; x_wconf 90' lang='lat' dir='ltr'><strong>dequo</strong></span> <span class='ocrx_word' id='word_1_66' title='bbox 1151 1362 1284 1425; x_wconf 88' lang='lat' dir='ltr'><strong>diximus</strong></span> <span class='ocrx_word' id='word_1_67' title='bbox 1298 1364 1334 1424; x_wconf 81' lang='lat' dir='ltr'><strong>ad</strong></span> 
     </span>
     <span class='ocr_line' id='line_1_11' title="bbox 335 1444 1335 1528; baseline -0.001 -20"><span class='ocrx_word' id='word_1_68' title='bbox 335 1450 408 1523; x_wconf 85' lang='lat' dir='ltr'><strong>huc,</strong></span> <span class='ocrx_word' id='word_1_69' title='bbox 429 1448 518 1507; x_wconf 86' lang='lat' dir='ltr'><strong>inanis</strong></span> <span class='ocrx_word' id='word_1_70' title='bbox 540 1457 585 1506; x_wconf 91' lang='lat' dir='ltr'><strong>est</strong></span> <span class='ocrx_word' id='word_1_71' title='bbox 606 1448 705 1523; x_wconf 80' lang='lat' dir='ltr'><strong>labor,</strong></span> <span class='ocrx_word' id='word_1_72' title='bbox 729 1449 782 1506; x_wconf 86' lang='lat' dir='ltr'><strong>nisi</strong></span> <span class='ocrx_word' id='word_1_73' title='bbox 804 1455 921 1506; x_wconf 88' lang='lat' dir='ltr'><strong>ceterae</strong></span> <span class='ocrx_word' id='word_1_74' title='bbox 941 1455 1040 1524; x_wconf 89' lang='lat' dir='ltr'><strong>partes</strong></span> <span class='ocrx_word' id='word_1_75' title='bbox 1061 1444 1121 1505; x_wconf 87' lang='lat' dir='ltr'><strong>hoc</strong></span> <span class='ocrx_word' id='word_1_76' title='bbox 1139 1447 1231 1508; x_wconf 85' lang='lat' dir='ltr'><strong>velut</strong></span> <span class='ocrx_word' id='word_1_77' title='bbox 1246 1449 1335 1528; x_wconf 80' lang='lat' dir='ltr'><strong>spiriti</strong></span> 
     </span>
    </p>
   </div>
   <div class='ocr_carea' id='block_1_5' title="bbox 307 1529 1339 3787">
    <p class='ocr_par' dir='ltr' id='par_1_5' title="bbox 307 1529 1339 3787">
     <span class='ocr_line' id='line_1_12' title="bbox 336 1529 1335 1608; baseline 0.001 -16"><span class='ocrx_word' id='word_1_78' title='bbox 336 1535 525 1592; x_wconf 76' lang='lat' dir='ltr'><strong>continentum</strong></span> <span class='ocrx_word' id='word_1_79' title='bbox 562 1529 633 1590; x_wconf 88' lang='lat' dir='ltr'><strong>Nam</strong></span> <span class='ocrx_word' id='word_1_80' title='bbox 650 1541 678 1591; x_wconf 90' lang='lat' dir='ltr'><strong>et</strong></span> <span class='ocrx_word' id='word_1_81' title='bbox 694 1533 783 1590; x_wconf 92' lang='lat' dir='ltr'><strong>omnis</strong></span> <span class='ocrx_word' id='word_1_82' title='bbox 800 1529 949 1608; x_wconf 90' lang='lat' dir='ltr'><strong>disciplina</strong></span> <span class='ocrx_word' id='word_1_83' title='bbox 965 1530 1101 1589; x_wconf 90' lang='lat' dir='ltr'><strong>memoria</strong></span> <span class='ocrx_word' id='word_1_84' title='bbox 1126 1541 1266 1608; x_wconf 85' lang='lat' dir='ltr'><strong>constat,</strong></span> <span class='ocrx_word' id='word_1_85' title='bbox 1288 1533 1335 1592; x_wconf 77' lang='lat' dir='ltr'><strong>tre</strong></span> 
     </span>
     <span class='ocr_line' id='line_1_13' title="bbox 335 1613 1336 1694; baseline -0.001 -19"><span class='ocrx_word' id='word_1_86' title='bbox 335 1626 453 1694; x_wconf 90' lang='lat' dir='ltr'><strong>straque</strong></span> <span class='ocrx_word' id='word_1_87' title='bbox 469 1615 624 1691; x_wconf 83' lang='lat' dir='ltr'><strong>docemur,</strong></span> <span class='ocrx_word' id='word_1_88' title='bbox 644 1617 668 1674; x_wconf 93' lang='lat' dir='ltr'><strong>si</strong></span> <span class='ocrx_word' id='word_1_89' title='bbox 685 1615 820 1693; x_wconf 91' lang='lat' dir='ltr'><strong>quidquid</strong></span> <span class='ocrx_word' id='word_1_90' title='bbox 837 1615 963 1674; x_wconf 85' lang='lat' dir='ltr'><strong>audimus</strong></span> <span class='ocrx_word' id='word_1_91' title='bbox 976 1613 1181 1692; x_wconf 80' lang='lat' dir='ltr'><strong>praeterfluat3</strong></span> <span class='ocrx_word' id='word_1_92' title='bbox 1200 1625 1233 1675; x_wconf 92' lang='lat' dir='ltr'><strong>et</strong></span> <span class='ocrx_word' id='word_1_93' title='bbox 1248 1635 1336 1677; x_wconf 81' lang='lat' dir='ltr'><strong>exem</strong></span> 
     </span>
     <span class='ocr_line' id='line_1_14' title="bbox 336 1697 1337 1778; baseline -0.001 -19"><span class='ocrx_word' id='word_1_94' title='bbox 336 1701 459 1778; x_wconf 81' lang='lat' dir='ltr'><strong>plorum,</strong></span> <span class='ocrx_word' id='word_1_95' title='bbox 476 1698 583 1775; x_wconf 83' lang='lat' dir='ltr'><strong>legum,</strong></span> <span class='ocrx_word' id='word_1_96' title='bbox 605 1716 822 1777; x_wconf 85' lang='lat' dir='ltr'><strong>responsorum,</strong></span> <span class='ocrx_word' id='word_1_97' title='bbox 839 1697 979 1757; x_wconf 92' lang='lat' dir='ltr'><strong>dictorum</strong></span> <span class='ocrx_word' id='word_1_98' title='bbox 996 1698 1119 1776; x_wconf 87' lang='lat' dir='ltr'><strong>denique</strong></span> <span class='ocrx_word' id='word_1_99' title='bbox 1136 1699 1337 1778; x_wconf 84' lang='lat' dir='ltr'><strong>laetorumque</strong></span> 
     </span>
     <span class='ocr_line' id='line_1_15' title="bbox 335 1781 1337 1862; baseline 0 -20"><span class='ocrx_word' id='word_1_100' title='bbox 335 1784 416 1843; x_wconf 87' lang='lat' dir='ltr'><strong>velut</strong></span> <span class='ocrx_word' id='word_1_101' title='bbox 437 1783 573 1860; x_wconf 88' lang='lat' dir='ltr'><strong>quasdam</strong></span> <span class='ocrx_word' id='word_1_102' title='bbox 595 1785 710 1860; x_wconf 81' lang='lat' dir='ltr'><strong>copias,</strong></span> <span class='ocrx_word' id='word_1_103' title='bbox 732 1783 835 1861; x_wconf 88' lang='lat' dir='ltr'><strong>quibus</strong></span> <span class='ocrx_word' id='word_1_104' title='bbox 850 1781 994 1842; x_wconf 87' lang='lat' dir='ltr'><strong>abundare</strong></span> <span class='ocrx_word' id='word_1_105' title='bbox 1013 1799 1144 1860; x_wconf 91' lang='lat' dir='ltr'><strong>quasque</strong></span> <span class='ocrx_word' id='word_1_106' title='bbox 1160 1785 1191 1840; x_wconf 93' lang='lat' dir='ltr'><strong>in</strong></span> <span class='ocrx_word' id='word_1_107' title='bbox 1208 1793 1337 1862; x_wconf 79' lang='lat' dir='ltr'><strong>promptu</strong></span> 
     </span>
     <span class='ocr_line' id='line_1_16' title="bbox 336 1864 1336 1945; baseline -0.001 -18"><span class='ocrx_word' id='word_1_108' title='bbox 336 1885 452 1945; x_wconf 81' lang='lat' dir='ltr'><strong>semper</strong></span> <span class='ocrx_word' id='word_1_109' title='bbox 465 1866 573 1925; x_wconf 90' lang='lat' dir='ltr'><strong>habere</strong></span> <span class='ocrx_word' id='word_1_110' title='bbox 588 1866 676 1926; x_wconf 88' lang='lat' dir='ltr'><strong>debet</strong></span> <span class='ocrx_word' id='word_1_111' title='bbox 694 1877 809 1942; x_wconf 82' lang='lat' dir='ltr'><strong>orator,</strong></span> <span class='ocrx_word' id='word_1_112' title='bbox 831 1866 932 1925; x_wconf 88' lang='lat' dir='ltr'><strong>eadem</strong></span> <span class='ocrx_word' id='word_1_113' title='bbox 946 1864 995 1925; x_wconf 91' lang='lat' dir='ltr'><strong>illa</strong></span> <span class='ocrx_word' id='word_1_114' title='bbox 1009 1867 1053 1924; x_wconf 83' lang='lat' dir='ltr'><strong>vis</strong></span> <span class='ocrx_word' id='word_1_115' title='bbox 1071 1876 1257 1943; x_wconf 88' lang='lat' dir='ltr'><strong>praesentat.</strong></span> <span class='ocrx_word' id='word_1_116' title='bbox 1287 1867 1336 1928; x_wconf 80' lang='lat' dir='ltr'><strong>Ne</strong></span> 
     </span>
     <span class='ocr_line' id='line_1_17' title="bbox 307 1948 1336 2029; baseline 0.003 -21"><span class='ocrx_word' id='word_1_117' title='bbox 307 1957 391 2029; x_wconf 72' lang='lat' dir='ltr'><strong>tque</strong></span> <span class='ocrx_word' id='word_1_118' title='bbox 415 1951 554 2009; x_wconf 91' lang='lat' dir='ltr'><strong>immerito</strong></span> <span class='ocrx_word' id='word_1_119' title='bbox 579 1952 741 2012; x_wconf 76' lang='lat' dir='ltr'><strong>thesaurus</strong></span> <span class='ocrx_word' id='word_1_120' title='bbox 761 1951 808 2010; x_wconf 88' lang='lat' dir='ltr'><strong>hie</strong></span> <span class='ocrx_word' id='word_1_121' title='bbox 829 1951 1015 2029; x_wconf 83' lang='lat' dir='ltr'><strong>eloquentiae</strong></span> <span class='ocrx_word' id='word_1_122' title='bbox 1042 1948 1157 2008; x_wconf 89' lang='lat' dir='ltr'><strong>dicitur.</strong></span> <span class='ocrx_word' id='word_1_123' title='bbox 1198 1951 1263 2011; x_wconf 89' lang='lat' dir='ltr'><strong>Sed</strong></span> <span class='ocrx_word' id='word_1_124' title='bbox 1287 1968 1336 2010; x_wconf 86' lang='lat' dir='ltr'><strong>non</strong></span> 
     </span>
     <span class='ocr_line' id='line_1_18' title="bbox 336 2034 1335 2110; baseline 0.001 -17"><span class='ocrx_word' id='word_1_125' title='bbox 336 2036 415 2094; x_wconf 87' lang='lat' dir='ltr'><strong>firme</strong></span> <span class='ocrx_word' id='word_1_126' title='bbox 440 2044 548 2094; x_wconf 93' lang='lat' dir='ltr'><strong>tantum</strong></span> <span class='ocrx_word' id='word_1_127' title='bbox 576 2037 724 2094; x_wconf 89' lang='lat' dir='ltr'><strong>continere</strong></span> <span class='ocrx_word' id='word_1_128' title='bbox 749 2052 849 2093; x_wconf 84' lang='lat' dir='ltr'><strong>verum</strong></span> <span class='ocrx_word' id='word_1_129' title='bbox 875 2035 959 2092; x_wconf 92' lang='lat' dir='ltr'><strong>etiam</strong></span> <span class='ocrx_word' id='word_1_130' title='bbox 987 2034 1045 2092; x_wconf 90' lang='lat' dir='ltr'><strong>cito</strong></span> <span class='ocrx_word' id='word_1_131' title='bbox 1070 2034 1234 2110; x_wconf 85' lang='lat' dir='ltr'><strong>percipere</strong></span> <span class='ocrx_word' id='word_1_132' title='bbox 1256 2036 1335 2095; x_wconf 78' lang='lat' dir='ltr'><strong>multa</strong></span> 
     </span>
     <span class='ocr_line' id='line_1_19' title="bbox 336 2116 1334 2196; baseline -0.002 -18"><span class='ocrx_word' id='word_1_133' title='bbox 336 2128 452 2178; x_wconf 92' lang='lat' dir='ltr'><strong>acturos</strong></span> <span class='ocrx_word' id='word_1_134' title='bbox 479 2127 610 2196; x_wconf 83' lang='lat' dir='ltr'><strong>oportet,</strong></span> <span class='ocrx_word' id='word_1_135' title='bbox 636 2137 692 2177; x_wconf 90' lang='lat' dir='ltr'><strong>nec</strong></span> <span class='ocrx_word' id='word_1_136' title='bbox 714 2136 787 2196; x_wconf 91' lang='lat' dir='ltr'><strong>quae</strong></span> <span class='ocrx_word' id='word_1_137' title='bbox 812 2118 964 2196; x_wconf 85' lang='lat' dir='ltr'><strong>scripseris</strong></span> <span class='ocrx_word' id='word_1_138' title='bbox 984 2116 1070 2176; x_wconf 93' lang='lat' dir='ltr'><strong>modo</strong></span> <span class='ocrx_word' id='word_1_139' title='bbox 1090 2117 1197 2177; x_wconf 88' lang='lat' dir='ltr'><strong>iterata</strong></span> <span class='ocrx_word' id='word_1_140' title='bbox 1215 2118 1334 2180; x_wconf 86' lang='lat' dir='ltr'><strong>lectione</strong></span> 
     </span>
     <span class='ocr_line' id='line_1_20' title="bbox 336 2200 1334 2281; baseline -0.001 -19"><span class='ocrx_word' id='word_1_141' title='bbox 336 2202 490 2281; x_wconf 72' lang='lat' dir='ltr'><strong>complecti</strong></span> <span class='ocrx_word' id='word_1_142' title='bbox 512 2203 564 2261; x_wconf 90' lang='lat' dir='ltr'><strong>sed</strong></span> <span class='ocrx_word' id='word_1_143' title='bbox 588 2205 616 2261; x_wconf 95' lang='lat' dir='ltr'><strong>in</strong></span> <span class='ocrx_word' id='word_1_144' title='bbox 638 2203 772 2278; x_wconf 82' lang='lat' dir='ltr'><strong>cogitatis</strong></span> <span class='ocrx_word' id='word_1_145' title='bbox 796 2220 912 2280; x_wconf 92' lang='lat' dir='ltr'><strong>quoque</strong></span> <span class='ocrx_word' id='word_1_146' title='bbox 932 2219 1028 2261; x_wconf 92' lang='lat' dir='ltr'><strong>rerum</strong></span> <span class='ocrx_word' id='word_1_147' title='bbox 1048 2219 1083 2260; x_wconf 91' lang='lat' dir='ltr'><strong>ac</strong></span> <span class='ocrx_word' id='word_1_148' title='bbox 1097 2200 1262 2277; x_wconf 86' lang='lat' dir='ltr'><strong>verborum</strong></span> <span class='ocrx_word' id='word_1_149' title='bbox 1275 2220 1334 2264; x_wconf 84' lang='lat' dir='ltr'><strong>con</strong></span> 
     </span>
     <span class='ocr_line' id='line_1_21' title="bbox 336 2284 1333 2363; baseline -0.002 -17"><span class='ocrx_word' id='word_1_150' title='bbox 336 2295 444 2346; x_wconf 87' lang='lat' dir='ltr'><strong>textum</strong></span> <span class='ocrx_word' id='word_1_151' title='bbox 458 2286 552 2363; x_wconf 86' lang='lat' dir='ltr'><strong>sequi,</strong></span> <span class='ocrx_word' id='word_1_152' title='bbox 571 2296 600 2345; x_wconf 87' lang='lat' dir='ltr'><strong>et</strong></span> <span class='ocrx_word' id='word_1_153' title='bbox 618 2304 692 2363; x_wconf 92' lang='lat' dir='ltr'><strong>quae</strong></span> <span class='ocrx_word' id='word_1_154' title='bbox 708 2288 764 2345; x_wconf 88' lang='lat' dir='ltr'><strong>sint</strong></span> <span class='ocrx_word' id='word_1_155' title='bbox 781 2285 817 2344; x_wconf 90' lang='lat' dir='ltr'><strong>ab</strong></span> <span class='ocrx_word' id='word_1_156' title='bbox 833 2286 955 2345; x_wconf 87' lang='lat' dir='ltr'><strong>adversa</strong></span> <span class='ocrx_word' id='word_1_157' title='bbox 972 2294 1055 2362; x_wconf 86' lang='lat' dir='ltr'><strong>parte</strong></span> <span class='ocrx_word' id='word_1_158' title='bbox 1071 2284 1147 2344; x_wconf 90' lang='lat' dir='ltr'><strong>dicta</strong></span> <span class='ocrx_word' id='word_1_159' title='bbox 1161 2289 1333 2358; x_wconf 82' lang='lat' dir='ltr'><strong>meminisse,</strong></span> 
     </span>
     <span class='ocr_line' id='line_1_22' title="bbox 336 2369 1335 2448; baseline -0.004 -18"><span class='ocrx_word' id='word_1_160' title='bbox 336 2390 391 2430; x_wconf 92' lang='lat' dir='ltr'><strong>nec</strong></span> <span class='ocrx_word' id='word_1_161' title='bbox 405 2373 502 2448; x_wconf 92' lang='lat' dir='ltr'><strong>ntique</strong></span> <span class='ocrx_word' id='word_1_162' title='bbox 520 2387 564 2444; x_wconf 80' lang='lat' dir='ltr'><strong>ea,</strong></span> <span class='ocrx_word' id='word_1_163' title='bbox 582 2387 639 2447; x_wconf 94' lang='lat' dir='ltr'><strong>quo</strong></span> <span class='ocrx_word' id='word_1_164' title='bbox 656 2370 730 2428; x_wconf 88' lang='lat' dir='ltr'><strong>dicta</strong></span> <span class='ocrx_word' id='word_1_165' title='bbox 747 2379 812 2428; x_wconf 90' lang='lat' dir='ltr'><strong>sunt</strong></span> <span class='ocrx_word' id='word_1_166' title='bbox 827 2370 938 2443; x_wconf 79' lang='lat' dir='ltr'><strong>ordine,</strong></span> <span class='ocrx_word' id='word_1_167' title='bbox 953 2370 1081 2428; x_wconf 88' lang='lat' dir='ltr'><strong>relutare</strong></span> <span class='ocrx_word' id='word_1_168' title='bbox 1097 2369 1150 2427; x_wconf 90' lang='lat' dir='ltr'><strong>sed</strong></span> <span class='ocrx_word' id='word_1_169' title='bbox 1166 2371 1335 2448; x_wconf 87' lang='lat' dir='ltr'><strong>opportunis</strong></span> 
     </span>
     <span class='ocr_line' id='line_1_23' title="bbox 307 2451 1334 2532; baseline 0.003 -24"><span class='ocrx_word' id='word_1_170' title='bbox 307 2454 410 2514; x_wconf 82' lang='lat' dir='ltr'><strong>3locis</strong></span> <span class='ocrx_word' id='word_1_171' title='bbox 427 2470 546 2532; x_wconf 87' lang='lat' dir='ltr'><strong>ponere.</strong></span> <span class='ocrx_word' id='word_1_172' title='bbox 585 2451 679 2526; x_wconf 80' lang='lat' dir='ltr'><strong>Quid?</strong></span> <span class='ocrx_word' id='word_1_173' title='bbox 696 2453 903 2531; x_wconf 88' lang='lat' dir='ltr'><strong>extemporalis</strong></span> <span class='ocrx_word' id='word_1_174' title='bbox 918 2455 1011 2513; x_wconf 90' lang='lat' dir='ltr'><strong>oratio</strong></span> <span class='ocrx_word' id='word_1_175' title='bbox 1026 2471 1081 2511; x_wconf 90' lang='lat' dir='ltr'><strong>nec</strong></span> <span class='ocrx_word' id='word_1_176' title='bbox 1100 2451 1158 2512; x_wconf 92' lang='lat' dir='ltr'><strong>alio</strong></span> <span class='ocrx_word' id='word_1_177' title='bbox 1175 2454 1248 2515; x_wconf 83' lang='lat' dir='ltr'><strong>milri</strong></span> <span class='ocrx_word' id='word_1_178' title='bbox 1263 2453 1334 2513; x_wconf 84' lang='lat' dir='ltr'><strong>vide·</strong></span> 
     </span>
     <span class='ocr_line' id='line_1_24' title="bbox 337 2536 1334 2617; baseline -0.001 -20"><span class='ocrx_word' id='word_1_179' title='bbox 337 2548 382 2597; x_wconf 88' lang='lat' dir='ltr'><strong>tur</strong></span> <span class='ocrx_word' id='word_1_180' title='bbox 402 2539 503 2596; x_wconf 89' lang='lat' dir='ltr'><strong>mentis</strong></span> <span class='ocrx_word' id='word_1_181' title='bbox 526 2538 629 2613; x_wconf 87' lang='lat' dir='ltr'><strong>vigore</strong></span> <span class='ocrx_word' id='word_1_182' title='bbox 653 2547 796 2597; x_wconf 89' lang='lat' dir='ltr'><strong>constare.</strong></span> <span class='ocrx_word' id='word_1_183' title='bbox 838 2536 909 2596; x_wconf 92' lang='lat' dir='ltr'><strong>Nam</strong></span> <span class='ocrx_word' id='word_1_184' title='bbox 931 2537 995 2596; x_wconf 93' lang='lat' dir='ltr'><strong>dum</strong></span> <span class='ocrx_word' id='word_1_185' title='bbox 1017 2536 1072 2596; x_wconf 91' lang='lat' dir='ltr'><strong>alia</strong></span> <span class='ocrx_word' id='word_1_186' title='bbox 1097 2537 1240 2617; x_wconf 84' lang='lat' dir='ltr'><strong>dicimus,</strong></span> <span class='ocrx_word' id='word_1_187' title='bbox 1267 2553 1334 2617; x_wconf 85' lang='lat' dir='ltr'><strong>quae</strong></span> 
     </span>
     <span class='ocr_line' id='line_1_25' title="bbox 337 2619 1335 2697; baseline -0.003 -16"><span class='ocrx_word' id='word_1_188' title='bbox 337 2622 437 2681; x_wconf 88' lang='lat' dir='ltr'><strong>dicturi</strong></span> <span class='ocrx_word' id='word_1_189' title='bbox 452 2638 559 2694; x_wconf 84' lang='lat' dir='ltr'><strong>sumus,</strong></span> <span class='ocrx_word' id='word_1_190' title='bbox 575 2622 707 2680; x_wconf 89' lang='lat' dir='ltr'><strong>intuenda</strong></span> <span class='ocrx_word' id='word_1_191' title='bbox 724 2630 797 2680; x_wconf 89' lang='lat' dir='ltr'><strong>sunt.</strong></span> <span class='ocrx_word' id='word_1_192' title='bbox 825 2619 878 2696; x_wconf 84' lang='lat' dir='ltr'><strong>lta,</strong></span> <span class='ocrx_word' id='word_1_193' title='bbox 897 2638 959 2680; x_wconf 91' lang='lat' dir='ltr'><strong>oum</strong></span> <span class='ocrx_word' id='word_1_194' title='bbox 975 2637 1091 2697; x_wconf 86' lang='lat' dir='ltr'><strong>semper</strong></span> <span class='ocrx_word' id='word_1_195' title='bbox 1106 2621 1251 2696; x_wconf 83' lang='lat' dir='ltr'><strong>cogitatio</strong></span> <span class='ocrx_word' id='word_1_196' title='bbox 1268 2621 1335 2680; x_wconf 85' lang='lat' dir='ltr'><strong>ultra</strong></span> 
     </span>
     <span class='ocr_line' id='line_1_26' title="bbox 336 2703 1334 2782; baseline -0.002 -18"><span class='ocrx_word' id='word_1_197' title='bbox 336 2706 363 2764; x_wconf 91' lang='lat' dir='ltr'><strong>id</strong></span> <span class='ocrx_word' id='word_1_198' title='bbox 381 2703 457 2780; x_wconf 93' lang='lat' dir='ltr'><strong>quod</strong></span> <span class='ocrx_word' id='word_1_199' title='bbox 474 2713 519 2762; x_wconf 92' lang='lat' dir='ltr'><strong>est</strong></span> <span class='ocrx_word' id='word_1_200' title='bbox 541 2704 655 2779; x_wconf 86' lang='lat' dir='ltr'><strong>longius</strong></span> <span class='ocrx_word' id='word_1_201' title='bbox 676 2707 802 2782; x_wconf 79' lang='lat' dir='ltr'><strong>quaerit,</strong></span> <span class='ocrx_word' id='word_1_202' title='bbox 829 2703 964 2781; x_wconf 90' lang='lat' dir='ltr'><strong>quidquid</strong></span> <span class='ocrx_word' id='word_1_203' title='bbox 985 2705 1096 2762; x_wconf 91' lang='lat' dir='ltr'><strong>interim</strong></span> <span class='ocrx_word' id='word_1_204' title='bbox 1116 2707 1253 2781; x_wconf 87' lang='lat' dir='ltr'><strong>repperit</strong></span> <span class='ocrx_word' id='word_1_205' title='bbox 1271 2721 1334 2782; x_wconf 94' lang='lat' dir='ltr'><strong>quo·</strong></span> 
     </span>
     <span class='ocr_line' id='line_1_27' title="bbox 337 2787 1335 2866; baseline -0.003 -18"><span class='ocrx_word' id='word_1_206' title='bbox 337 2787 487 2848; x_wconf 90' lang='lat' dir='ltr'><strong>dammodo</strong></span> <span class='ocrx_word' id='word_1_207' title='bbox 513 2787 589 2864; x_wconf 90' lang='lat' dir='ltr'><strong>apud</strong></span> <span class='ocrx_word' id='word_1_208' title='bbox 615 2791 780 2848; x_wconf 89' lang='lat' dir='ltr'><strong>memoriam</strong></span> <span class='ocrx_word' id='word_1_209' title='bbox 803 2789 934 2866; x_wconf 56' lang='lat' dir='ltr'><strong>deponite</strong></span> <span class='ocrx_word' id='word_1_210' title='bbox 960 2787 1036 2864; x_wconf 93' lang='lat' dir='ltr'><strong>quod</strong></span> <span class='ocrx_word' id='word_1_211' title='bbox 1060 2787 1109 2844; x_wconf 90' lang='lat' dir='ltr'><strong>illa</strong></span> <span class='ocrx_word' id='word_1_212' title='bbox 1136 2789 1222 2864; x_wconf 92' lang='lat' dir='ltr'><strong>quasi</strong></span> <span class='ocrx_word' id='word_1_213' title='bbox 1249 2787 1335 2847; x_wconf 80' lang='lat' dir='ltr'><strong>media</strong></span> 
     </span>
     <span class='ocr_line' id='line_1_28' title="bbox 338 2871 1334 2949; baseline -0.003 -20"><span class='ocrx_word' id='word_1_214' title='bbox 338 2872 477 2949; x_wconf 90' lang='lat' dir='ltr'><strong>quaedam</strong></span> <span class='ocrx_word' id='word_1_215' title='bbox 501 2889 600 2930; x_wconf 89' lang='lat' dir='ltr'><strong>manus</strong></span> <span class='ocrx_word' id='word_1_216' title='bbox 627 2881 778 2948; x_wconf 89' lang='lat' dir='ltr'><strong>acceptum</strong></span> <span class='ocrx_word' id='word_1_217' title='bbox 807 2872 842 2931; x_wconf 94' lang='lat' dir='ltr'><strong>ab</strong></span> <span class='ocrx_word' id='word_1_218' title='bbox 869 2873 1024 2931; x_wconf 88' lang='lat' dir='ltr'><strong>intentione</strong></span> <span class='ocrx_word' id='word_1_219' title='bbox 1052 2871 1135 2929; x_wconf 89' lang='lat' dir='ltr'><strong>tradit</strong></span> <span class='ocrx_word' id='word_1_220' title='bbox 1167 2871 1334 2932; x_wconf 87' lang='lat' dir='ltr'><strong>elocutioni.</strong></span> 
     </span>
     <span class='ocr_line' id='line_1_29' title="bbox 308 2953 1336 3033; baseline -0.003 -18"><span class='ocrx_word' id='word_1_221' title='bbox 308 2953 401 3016; x_wconf 80' lang='lat' dir='ltr'><strong>4Non</strong></span> <span class='ocrx_word' id='word_1_222' title='bbox 416 2955 539 3014; x_wconf 88' lang='lat' dir='ltr'><strong>arbitror</strong></span> <span class='ocrx_word' id='word_1_223' title='bbox 556 2963 650 3013; x_wconf 89' lang='lat' dir='ltr'><strong>autem</strong></span> <span class='ocrx_word' id='word_1_224' title='bbox 665 2955 731 3014; x_wconf 92' lang='lat' dir='ltr'><strong>mihi</strong></span> <span class='ocrx_word' id='word_1_225' title='bbox 747 2957 774 3013; x_wconf 96' lang='lat' dir='ltr'><strong>in</strong></span> <span class='ocrx_word' id='word_1_226' title='bbox 788 2955 845 3014; x_wconf 92' lang='lat' dir='ltr'><strong>hoc</strong></span> <span class='ocrx_word' id='word_1_227' title='bbox 860 2955 1078 3028; x_wconf 77' lang='lat' dir='ltr'><strong>immorandum,</strong></span> <span class='ocrx_word' id='word_1_228' title='bbox 1101 2953 1170 3030; x_wconf 92' lang='lat' dir='ltr'><strong>quid</strong></span> <span class='ocrx_word' id='word_1_229' title='bbox 1185 2955 1241 3030; x_wconf 89' lang='lat' dir='ltr'><strong>sit,</strong></span> <span class='ocrx_word' id='word_1_230' title='bbox 1264 2953 1336 3033; x_wconf 90' lang='lat' dir='ltr'><strong>quod</strong></span> 
     </span>
     <span class='ocr_line' id='line_1_30' title="bbox 337 3037 1337 3118; baseline -0.004 -19"><span class='ocrx_word' id='word_1_231' title='bbox 337 3040 501 3099; x_wconf 87' lang='lat' dir='ltr'><strong>memoriam</strong></span> <span class='ocrx_word' id='word_1_232' title='bbox 511 3039 611 3104; x_wconf 76' lang='lat' dir='ltr'><strong>iaciat:</strong></span> <span class='ocrx_word' id='word_1_233' title='bbox 624 3056 783 3117; x_wconf 90' lang='lat' dir='ltr'><strong>quanquam</strong></span> <span class='ocrx_word' id='word_1_234' title='bbox 796 3039 928 3118; x_wconf 90' lang='lat' dir='ltr'><strong>plerique</strong></span> <span class='ocrx_word' id='word_1_235' title='bbox 938 3040 1057 3116; x_wconf 89' lang='lat' dir='ltr'><strong>imprimi</strong></span> <span class='ocrx_word' id='word_1_236' title='bbox 1065 3037 1205 3116; x_wconf 92' lang='lat' dir='ltr'><strong>quaedam</strong></span> <span class='ocrx_word' id='word_1_237' title='bbox 1215 3039 1337 3114; x_wconf 77' lang='lat' dir='ltr'><strong>vestigia</strong></span> 
     </span>
     <span class='ocr_line' id='line_1_31' title="bbox 337 3122 1336 3198; baseline -0.007 -14"><span class='ocrx_word' id='word_1_238' title='bbox 337 3126 447 3198; x_wconf 75' lang='lat' dir='ltr'><strong>animo,</strong></span> <span class='ocrx_word' id='word_1_239' title='bbox 470 3122 549 3182; x_wconf 90' lang='lat' dir='ltr'><strong>velut</strong></span> <span class='ocrx_word' id='word_1_240' title='bbox 565 3124 593 3179; x_wconf 94' lang='lat' dir='ltr'><strong>in</strong></span> <span class='ocrx_word' id='word_1_241' title='bbox 609 3125 684 3181; x_wconf 88' lang='lat' dir='ltr'><strong>ceris</strong></span> <span class='ocrx_word' id='word_1_242' title='bbox 700 3124 848 3182; x_wconf 89' lang='lat' dir='ltr'><strong>anulorum</strong></span> <span class='ocrx_word' id='word_1_243' title='bbox 866 3125 948 3198; x_wconf 86' lang='lat' dir='ltr'><strong>signa</strong></span> <span class='ocrx_word' id='word_1_244' title='bbox 972 3132 1139 3195; x_wconf 80' lang='lat' dir='ltr'><strong>serventur,</strong></span> <span class='ocrx_word' id='word_1_245' title='bbox 1162 3123 1336 3182; x_wconf 88' lang='lat' dir='ltr'><strong>existimant.</strong></span> 
     </span>
     <span class='ocr_line' id='line_1_32' title="bbox 336 3205 1336 3285; baseline -0.003 -19"><span class='ocrx_word' id='word_1_246' title='bbox 336 3207 439 3285; x_wconf 91' lang='lat' dir='ltr'><strong>Neque</strong></span> <span class='ocrx_word' id='word_1_247' title='bbox 454 3224 504 3265; x_wconf 90' lang='lat' dir='ltr'><strong>ero</strong></span> <span class='ocrx_word' id='word_1_248' title='bbox 520 3216 576 3265; x_wconf 88' lang='lat' dir='ltr'><strong>tam</strong></span> <span class='ocrx_word' id='word_1_249' title='bbox 593 3207 744 3281; x_wconf 82' lang='lat' dir='ltr'><strong>credulus,</strong></span> <span class='ocrx_word' id='word_1_250' title='bbox 761 3216 802 3282; x_wconf 84' lang='lat' dir='ltr'><strong>ut,</strong></span> <span class='ocrx_word' id='word_1_251' title='bbox 818 3225 903 3285; x_wconf 92' lang='lat' dir='ltr'><strong>quum</strong></span> <span class='ocrx_word' id='word_1_252' title='bbox 919 3205 1042 3266; x_wconf 87' lang='lat' dir='ltr'><strong>arbitrer</strong></span> <span class='ocrx_word' id='word_1_253' title='bbox 1058 3205 1215 3264; x_wconf 87' lang='lat' dir='ltr'><strong>tardiorem</strong></span> <span class='ocrx_word' id='word_1_254' title='bbox 1233 3206 1336 3265; x_wconf 89' lang='lat' dir='ltr'><strong>lirmio·</strong></span> 
     </span>
     <span class='ocr_line' id='line_1_33' title="bbox 307 3288 1337 3368; baseline -0.001 -20"><span class='ocrx_word' id='word_1_255' title='bbox 307 3288 323 3339; x_wconf 85' lang='lat'>5</span> <span class='ocrx_word' id='word_1_256' title='bbox 337 3309 454 3368; x_wconf 89' lang='lat' dir='ltr'><strong>remque</strong></span> <span class='ocrx_word' id='word_1_257' title='bbox 468 3292 631 3349; x_wconf 88' lang='lat' dir='ltr'><strong>memoriam</strong></span> <span class='ocrx_word' id='word_1_258' title='bbox 655 3290 732 3365; x_wconf 79' lang='lat' dir='ltr'><strong>steri,</strong></span> <span class='ocrx_word' id='word_1_259' title='bbox 757 3300 785 3349; x_wconf 94' lang='lat' dir='ltr'><strong>et</strong></span> <span class='ocrx_word' id='word_1_260' title='bbox 806 3300 901 3368; x_wconf 88' lang='lat' dir='ltr'><strong>putem</strong></span> <span class='ocrx_word' id='word_1_261' title='bbox 924 3299 1014 3349; x_wconf 89' lang='lat' dir='ltr'><strong>artem</strong></span> <span class='ocrx_word' id='word_1_262' title='bbox 1029 3291 1147 3367; x_wconf 89' lang='lat' dir='ltr'><strong>proprie</strong></span> <span class='ocrx_word' id='word_1_263' title='bbox 1163 3290 1199 3349; x_wconf 88' lang='lat' dir='ltr'><strong>ad</strong></span> <span class='ocrx_word' id='word_1_264' title='bbox 1216 3292 1337 3348; x_wconf 86' lang='lat' dir='ltr'><strong>animun</strong></span> 
     </span>
     <span class='ocr_line' id='line_1_34' title="bbox 338 3373 1337 3452; baseline -0.002 -20"><span class='ocrx_word' id='word_1_265' title='bbox 338 3377 493 3452; x_wconf 87' lang='lat' dir='ltr'><strong>pertinere.</strong></span> <span class='ocrx_word' id='word_1_266' title='bbox 527 3373 618 3450; x_wconf 84' lang='lat' dir='ltr'><strong>Magis</strong></span> <span class='ocrx_word' id='word_1_267' title='bbox 640 3375 772 3433; x_wconf 90' lang='lat' dir='ltr'><strong>admirari</strong></span> <span class='ocrx_word' id='word_1_268' title='bbox 795 3383 922 3435; x_wconf 88' lang='lat' dir='ltr'><strong>naturam</strong></span> <span class='ocrx_word' id='word_1_269' title='bbox 940 3374 1031 3449; x_wconf 81' lang='lat' dir='ltr'><strong>subit,</strong></span> <span class='ocrx_word' id='word_1_270' title='bbox 1047 3392 1096 3432; x_wconf 89' lang='lat' dir='ltr'><strong>res</strong></span> <span class='ocrx_word' id='word_1_271' title='bbox 1112 3381 1245 3432; x_wconf 85' lang='lat' dir='ltr'><strong>vetustas</strong></span> <span class='ocrx_word' id='word_1_272' title='bbox 1261 3383 1337 3433; x_wconf 92' lang='lat' dir='ltr'><strong>tanto</strong></span> 
     </span>
     <span class='ocr_line' id='line_1_35' title="bbox 338 3457 1338 3535; baseline -0.001 -19"><span class='ocrx_word' id='word_1_273' title='bbox 338 3476 375 3516; x_wconf 88' lang='lat' dir='ltr'><strong>ex</strong></span> <span class='ocrx_word' id='word_1_274' title='bbox 392 3457 544 3516; x_wconf 86' lang='lat' dir='ltr'><strong>intervallo</strong></span> <span class='ocrx_word' id='word_1_275' title='bbox 560 3459 698 3535; x_wconf 90' lang='lat' dir='ltr'><strong>repetitas</strong></span> <span class='ocrx_word' id='word_1_276' title='bbox 714 3457 838 3519; x_wconf 89' lang='lat' dir='ltr'><strong>reddere</strong></span> <span class='ocrx_word' id='word_1_277' title='bbox 859 3477 892 3516; x_wconf 93' lang='lat' dir='ltr'><strong>se</strong></span> <span class='ocrx_word' id='word_1_278' title='bbox 908 3466 937 3517; x_wconf 89' lang='lat' dir='ltr'><strong>et</strong></span> <span class='ocrx_word' id='word_1_279' title='bbox 952 3458 1074 3525; x_wconf 83' lang='lat' dir='ltr'><strong>offerre;</strong></span> <span class='ocrx_word' id='word_1_280' title='bbox 1096 3474 1151 3515; x_wconf 90' lang='lat' dir='ltr'><strong>nec</strong></span> <span class='ocrx_word' id='word_1_281' title='bbox 1166 3465 1278 3516; x_wconf 87' lang='lat' dir='ltr'><strong>tantum</strong></span> <span class='ocrx_word' id='word_1_282' title='bbox 1295 3475 1338 3516; x_wconf 84' lang='lat' dir='ltr'><strong>re</strong></span> 
     </span>
     <span class='ocr_line' id='line_1_36' title="bbox 338 3539 1339 3619; baseline 0 -21"><span class='ocrx_word' id='word_1_283' title='bbox 338 3540 514 3618; x_wconf 90' lang='lat' dir='ltr'><strong>quireutibus</strong></span> <span class='ocrx_word' id='word_1_284' title='bbox 536 3541 587 3600; x_wconf 91' lang='lat' dir='ltr'><strong>sed</strong></span> <span class='ocrx_word' id='word_1_285' title='bbox 612 3544 696 3601; x_wconf 91' lang='lat' dir='ltr'><strong>etiam</strong></span> <span class='ocrx_word' id='word_1_286' title='bbox 718 3551 821 3619; x_wconf 89' lang='lat' dir='ltr'><strong>sponte</strong></span> <span class='ocrx_word' id='word_1_287' title='bbox 845 3543 972 3618; x_wconf 84' lang='lat' dir='ltr'><strong>interim,</strong></span> <span class='ocrx_word' id='word_1_288' title='bbox 1000 3560 1055 3600; x_wconf 90' lang='lat' dir='ltr'><strong>nec</strong></span> <span class='ocrx_word' id='word_1_289' title='bbox 1078 3540 1267 3617; x_wconf 78' lang='lat' dir='ltr'><strong>vigilantibus</strong></span> <span class='ocrx_word' id='word_1_290' title='bbox 1288 3539 1339 3599; x_wconf 83' lang='lat' dir='ltr'><strong>sed</strong></span> 
     </span>
     <span class='ocr_line' id='line_1_37' title="bbox 310 3623 1339 3704; baseline 0 -21"><span class='ocrx_word' id='word_1_291' title='bbox 310 3627 426 3690; x_wconf 73' lang='lat' dir='ltr'><strong>uetiam</strong></span> <span class='ocrx_word' id='word_1_292' title='bbox 452 3624 547 3702; x_wconf 89' lang='lat' dir='ltr'><strong>quiete</strong></span> <span class='ocrx_word' id='word_1_293' title='bbox 570 3627 746 3703; x_wconf 89' lang='lat' dir='ltr'><strong>compositis.</strong></span> <span class='ocrx_word' id='word_1_294' title='bbox 776 3625 821 3684; x_wconf 88' lang='lat' dir='ltr'><strong>Eo</strong></span> <span class='ocrx_word' id='word_1_295' title='bbox 841 3629 948 3701; x_wconf 76' lang='lat' dir='ltr'><strong>magis,</strong></span> <span class='ocrx_word' id='word_1_296' title='bbox 971 3625 1048 3704; x_wconf 93' lang='lat' dir='ltr'><strong>quod</strong></span> <span class='ocrx_word' id='word_1_297' title='bbox 1069 3624 1117 3684; x_wconf 93' lang='lat' dir='ltr'><strong>illa</strong></span> <span class='ocrx_word' id='word_1_298' title='bbox 1140 3641 1260 3704; x_wconf 90' lang='lat' dir='ltr'><strong>quoque</strong></span> <span class='ocrx_word' id='word_1_299' title='bbox 1282 3623 1339 3683; x_wconf 88' lang='lat' dir='ltr'><strong>ani·</strong></span> 
     </span>
     <span class='ocr_line' id='line_1_38' title="bbox 337 3708 1339 3787; baseline -0.001 -17"><span class='ocrx_word' id='word_1_300' title='bbox 337 3709 438 3783; x_wconf 85' lang='lat' dir='ltr'><strong>maiia,</strong></span> <span class='ocrx_word' id='word_1_301' title='bbox 460 3727 533 3786; x_wconf 90' lang='lat' dir='ltr'><strong>quae</strong></span> <span class='ocrx_word' id='word_1_302' title='bbox 550 3726 650 3770; x_wconf 89' lang='lat' dir='ltr'><strong>canere</strong></span> <span class='ocrx_word' id='word_1_303' title='bbox 668 3709 819 3769; x_wconf 88' lang='lat' dir='ltr'><strong>intellectu</strong></span> <span class='ocrx_word' id='word_1_304' title='bbox 832 3708 980 3787; x_wconf 83' lang='lat' dir='ltr'><strong>videntur,</strong></span> <span class='ocrx_word' id='word_1_305' title='bbox 996 3710 1184 3770; x_wconf 89' lang='lat' dir='ltr'><strong>meminerunt</strong></span> <span class='ocrx_word' id='word_1_306' title='bbox 1201 3720 1232 3770; x_wconf 91' lang='lat' dir='ltr'><strong>et</strong></span> <span class='ocrx_word' id='word_1_307' title='bbox 1249 3725 1339 3787; x_wconf 74' lang='lat' dir='ltr'><strong>agno·</strong></span> 
     </span>
    </p>
   </div>
   <div class='ocr_carea' id='block_1_6' title="bbox 0 0 1604 4409">
    <p class='ocr_par' dir='ltr' id='par_1_6' title="bbox 0 0 1604 4409">
     <span class='ocr_line' id='line_1_39' title="bbox 0 0 1604 4409; baseline 0 0"><span class='ocrx_word' id='word_1_308' title='bbox 0 0 1604 4409; x_wconf 95' lang='lat' dir='ltr'><strong> </strong></span> 
     </span>
    </p>
   </div>
  </div>
 </body>
</html>
