3184 4409
258 559 273 577 ,
348 499 405 563 118
658 510 1016 573 momenmentum

345 667 438 727 diator
454 665 571 726 Clodius
593 667 718 745 ideoque
739 669 802 725 iure
823 665 992 726 interiectus
1013 659 1181 725 ostenditur.
1220 666 1258 726 Et
1276 667 1335 730 hoc

345 759 400 825 est,
420 751 496 828 quod
510 761 575 811 ante
591 754 683 811 omnia
699 752 913 811 constituerem
925 751 1018 809 animo
1033 766 1086 807 suo
1102 749 1207 810 debeat
1222 762 1332 823 orator,

345 836 454 894 etiarnsi
475 853 528 913 pro
553 853 639 895 causa
660 834 741 914 plura
764 835 891 894 dictams
912 842 972 908 est,
994 832 1061 911 quid
1082 836 1203 893 maxime
1219 835 1333 914 liquere

344 919 429 978 iudici
451 920 531 978 velit.
568 919 652 993 Quod
673 927 783 993 tamen,
803 926 834 976 ut
853 919 972 997 primum
994 917 1192 995 cogitandum,
1215 920 1255 978 ita
1275 937 1334 981 non

344 1005 441 1080 utique
456 1005 574 1081 primum
589 1003 738 1063 dicendum
754 1003 817 1062 erit.

681 1155 782 1207 UNDE
801 1153 992 1206 DUGATUR.

303 1252 336 1306 13
425 1249 484 1309 Alii
499 1259 602 1311 statum
617 1251 799 1312 crediderunt
812 1253 928 1330 primam
944 1253 1017 1325 eius,
1033 1267 1096 1309 cum
1112 1267 1169 1328 qno
1183 1260 1333 1328 ageretur,

343 1333 585 1410 deprecationem.
620 1335 711 1408 Quam
726 1336 896 1396 sententiam
910 1334 954 1394 his
968 1333 1066 1394 verbis
1083 1332 1187 1394 Cicero
1203 1334 1333 1413 comple·

343 1420 441 1477 ctitur:
463 1420 495 1478 in
511 1435 569 1497 quo
583 1421 713 1498 primum
728 1421 839 1481 insistit
856 1420 945 1497 quusi
958 1420 1003 1480 ad
1016 1419 1249 1497 repugnandum
1263 1438 1334 1480 con-

337 1519 451 1580 pressa
466 1504 610 1581 defensio.
641 1502 722 1563 Unde
738 1521 837 1563 rursus
852 1503 907 1563 alia
923 1504 1070 1581 quaestio,
1087 1519 1122 1562 an
1138 1520 1202 1561 eum
1216 1520 1336 1580 semper

342 1587 368 1643 is
388 1584 490 1659 iaciat,
513 1590 560 1664 qui
580 1587 747 1665 respondet.
785 1585 838 1647 Cui
857 1589 900 1646 rei
923 1589 1079 1664 praecipue
1101 1595 1244 1664 repugnat
1260 1585 1334 1645 Cor·

343 1669 435 1727 nelius
462 1667 565 1729 Celsus
586 1671 702 1747 diceus,
731 1687 788 1730 non
812 1688 828 1731 a
851 1670 1021 1749 depulsione
1045 1671 1117 1728 sumi
1145 1667 1200 1728 sed
1220 1668 1255 1728 ab
1282 1687 1332 1745 eo,

344 1753 392 1829 qui
406 1756 634 1831 propositionem
649 1772 728 1816 suam
749 1755 911 1823 confirmem
934 1763 981 1830 ut,
1001 1755 1026 1813 si
1043 1754 1186 1813 hominem
1202 1754 1334 1812 occisum

342 1854 410 1894 reus
425 1846 527 1915 negat,
549 1845 639 1898 status
653 1839 687 1898 ab
704 1847 873 1900 accusatore
889 1847 1037 1914 nascatur,
1058 1839 1124 1915 quia
1139 1840 1163 1897 is
1177 1836 1248 1895 velit
1263 1854 1332 1914 pro-

343 1919 427 1987 bare;
451 1922 557 1982 silure
581 1924 708 1982 occisum
728 1941 795 1983 reus
817 1923 901 1997 dicit,
921 1922 1057 1981 translata
1080 1921 1256 2000 probationis
1281 1939 1333 1978 ne·

302 2002 481 2064 licessitate
497 2007 605 2067 idema
625 2024 677 2067 reo
698 2007 761 2083 liat,
785 2015 815 2067 et
837 2008 874 2067 sit
891 2005 953 2065 eius
971 2008 1100 2066 intentio.
1135 2003 1187 2064 Oui
1202 2021 1262 2063 non
1283 2022 1332 2064 ac·

344 2089 418 2148 cedo
442 2091 587 2169 equidem;
614 2109 677 2151 uam
703 2101 747 2151 est
767 2108 838 2151 vero
858 2091 978 2169 propius
999 2088 1076 2169 quod
1098 2097 1196 2149 contra
1218 2087 1332 2164 dicitur,

342 2173 447 2233 nullam
464 2193 531 2234 esse
547 2175 641 2250 litem,
664 2178 689 2235 si
704 2178 746 2252 is,
767 2194 830 2235 cum
847 2191 904 2254 quo
924 2182 1039 2250 agatur,
1059 2174 1128 2233 nihil
1143 2172 1331 2250 respondeat,

301 2258 467 2335 liideoque
493 2259 554 2318 lieri
579 2269 681 2319 statum
705 2279 721 2320 ιι
745 2259 950 2338 respondente.
984 2256 1050 2318 Mea
1072 2266 1167 2316 tamen
1190 2257 1334 2315 sententia

341 2343 449 2401 varium
467 2342 495 2402 id
515 2352 574 2418 est,
595 2353 624 2402 et
645 2343 747 2403 accidit
767 2361 821 2421 pro
843 2343 1012 2403 condicione
1034 2358 1198 2415 causarum,
1221 2342 1288 2417 quia
1303 2348 1333 2399 et

341 2425 433 2484 videri
451 2434 548 2503 potest
564 2429 725 2505 propositio
742 2426 895 2504 aliquando
916 2434 1019 2486 statum
1034 2426 1148 2499 iacere,
1170 2425 1245 2483 utin
1263 2441 1332 2483 con·

341 2509 527 2568 iecturalibus
551 2513 661 2578 causis;
681 2511 768 2568 utitur
792 2512 865 2570 enim
887 2511 1052 2570 coniectura
1072 2511 1163 2586 magis
1187 2509 1235 2584 qui
1257 2508 1331 2584 egit;

343 2592 416 2669 (quo
438 2594 507 2651 moti
528 2594 640 2670 quidam
662 2595 783 2654 eundem
803 2613 819 2654 a
840 2611 892 2654 reo
914 2593 1071 2671 infitialem
1093 2610 1160 2651 esse
1182 2590 1331 2668 dixerunt)

344 2685 372 2734 et
393 2676 421 2733 in
442 2676 613 2752 syllogismo
637 2686 696 2737 tota
718 2680 898 2738 ratiocinatio
920 2678 956 2737 ab
978 2694 1014 2736 eo
1037 2685 1098 2750 est,
1126 2677 1174 2754 qui
1201 2675 1331 2735 intendit.

301 2759 334 2812 16
344 2758 401 2818 Sed
418 2761 483 2835 quia
503 2761 616 2820 videtur
636 2762 692 2820 illis
714 2778 831 2839 quoque
852 2763 1056 2821 necessitatem
1078 2759 1132 2819 hos
1154 2767 1244 2818 status
1263 2775 1333 2817 exe-

344 2841 447 2920 quendi
462 2843 561 2903 iacere
576 2846 624 2922 qui
639 2855 742 2921 negat,
765 2847 806 2923 (is
827 2847 901 2905 enim
916 2847 941 2904 si
956 2844 1046 2919 dicat,
1067 2863 1127 2905 nors
1147 2843 1225 2922 feci,
1245 2850 1334 2919 coget

343 2927 537 2987 adversarium
558 2930 722 2988 coniectura
745 2932 800 2998 uti;
824 2931 899 2989 etsi
920 2929 1010 3003 dicat,
1031 2947 1093 2989 con
1112 2928 1208 2988 trades
1224 2928 1332 3002 legem,

302 3028 304 3033 ·
343 3010 530 3090 syllogismo)
549 3013 739 3073 concedamus
753 3032 790 3072 ex
806 3013 977 3091 depulsione
988 3013 1068 3071 nasci
1084 3020 1197 3070 statum.
1221 3009 1333 3068 Nihilo-

343 3096 433 3153 minus
457 3098 530 3155 enim
551 3116 599 3156 res
621 3115 657 3157 eo
674 3107 854 3172 revertetur,
876 3106 907 3156 ιιι
927 3095 1012 3156 modo
1032 3097 1058 3155 is
1079 3095 1127 3174 qui
1148 3095 1222 3170 agit,
1245 3092 1333 3152 modo

302 3181 333 3235 17
342 3180 366 3236 is
389 3197 451 3240 cnm
475 3198 531 3259 quo
552 3183 659 3258 agitur,
683 3190 785 3240 statum
805 3182 901 3241 iaciat.
932 3182 975 3239 Sit
997 3178 1269 3240 enim'accusatoris
1292 3178 1334 3234 in-

343 3265 447 3339 tentio,
462 3263 618 3327 Hominem
633 3267 781 3327 occidisti.
812 3266 843 3324 Si
857 3273 946 3341 neget
962 3282 1046 3338 reus,
1065 3263 1153 3322 iaciat
1165 3269 1269 3320 statum
1285 3260 1336 3337 qui

343 3355 438 3422 negat.
488 3348 561 3421 Quid
582 3351 606 3408 si
630 3350 782 3409 confitetur
801 3349 854 3409 sed
880 3351 949 3410 iure
968 3366 990 3408 a
1009 3367 1043 3408 sc
1064 3347 1238 3409 adulterum
1265 3344 1335 3404 dicit

343 3432 499 3491 occisum?
531 3451 634 3512 nempe
659 3433 756 3510 legem
783 3451 851 3492 esse
874 3442 984 3492 certum
1001 3440 1054 3490 ‘est
1080 3447 1155 3509 quae
1177 3429 1333 3507 permittat.

342 3513 404 3572 Nisi
424 3512 530 3592 aliquid
554 3527 706 3578 accusator
725 3516 898 3595 respondet,
914 3514 999 3591 ,nulla
1022 3514 1057 3574 lis
1081 3523 1135 3574 est.
1177 3511 1245 3573 Non
1263 3512 1334 3589 fcit,

341 3599 448 3675 inquit,
468 3600 608 3672 adoher,-
627 3619 698 3678 ergo
715 3600 848 3678 depulsio
865 3601 965 3678 incipit
982 3616 1049 3657 esse
1066 3598 1191 3671 actoris,
1208 3595 1260 3656 ille
1276 3604 1333 3654 sta·

342 3691 399 3742 tum
414 3683 510 3743 faciet.
545 3683 588 3744 lta
606 3686 659 3744 erit
677 3684 790 3762 quidem
807 3691 897 3742 status
912 3701 949 3742 ex
964 3684 1054 3760 prima
1070 3681 1258 3759 depulsione,
1280 3677 1334 3738 sed

292 3772 373 3826 laea
386 3767 442 3827 det
454 3767 492 3828 ab
506 3778 679 3830 accusatore
694 3785 751 3829 non
765 3785 781 3827 a
794 3784 857 3828 reo.
880 3763 975 3841 Quid?
991 3766 1067 3844 quud
1082 3765 1183 3826 eadem
1199 3763 1334 3842 quaestio
