3184 4409
339 437 404 500 256
656 451 786 501 ranae.
799 450 1025 513 eumenum
1134 460 1137 465 ·

340 624 441 670 omnes
456 612 571 684 crater,
592 607 727 686 idemque
744 614 857 686 perenm
871 604 951 667 illum
971 604 1177 685 eloquentiae·
1192 624 1260 669 snae

338 700 430 752 tarem
452 708 509 752 nen
530 692 615 752 etiam
637 691 736 770 piratis
751 688 909 768 patefaciet
923 691 1115 769 duceturque
1138 692 1172 753 in
1190 691 1316 753 admenta

311 787 405 839 enen
421 775 543 835 mamma
558 793 656 836 causa.
682 774 928 847 Quoniamtamen
939 789 1056 850 omnes,
1074 774 1133 855 qui
1145 792 1208 837 nen
1226 776 1233 791 '
1289 846 1291 855 Ι

340 858 501 936 litigabunt,
519 876 640 939 querum
655 865 735 919 certe
753 856 830 919 bena
844 874 913 936 pars
928 865 989 933 est,
1006 859 1167 921 sustinere
1183 876 1244 921 nen

339 961 429 1003 nnus:
456 942 564 1021 aliquid
581 950 611 1003 et
626 940 883 1002 commendantium
898 941 1035 1021 persenia
1050 940 1143 1003 dabit
1162 952 1196 1005 et
1215 932 1317 1023 ipsu

339 1028 387 1106 qui
402 1025 509 1086 iudicio
529 1026 703 1102 decernent,
727 1033 758 1084 et
780 1025 880 1103 optimi
890 1026 1039 1105 cuiusque
1055 1025 1221 1089 uoluntate

311 1119 399 1179 6ιιιι;
420 1127 543 1188 namque
558 1109 613 1170 lues
628 1119 657 1169 et
674 1109 863 1170 amicissimos
879 1106 998 1169 hebebit
1010 1109 1058 1169 vir
1072 1108 1191 1171 benna.

336 1193 459 1255 rendum
472 1210 545 1253 vere
561 1202 606 1253 est
619 1202 770 1271 utrumque
786 1191 909 1253 ambitus
920 1209 1014 1270 genus
1024 1191 1075 1253 rel
1089 1192 1269 1273 petentibus

336 1288 382 1339 tra
392 1277 515 1338 humiles
529 1277 695 1338 venditandi
709 1293 830 1356 eperanr
841 1293 920 1337 suam
934 1274 984 1337 rel
998 1274 1070 1337 illud
1087 1279 1185 1339 etiem
1199 1278 1230 1340 ia
1284 1277 1305 1294 ''

338 1364 465 1422 minores
484 1361 584 1440 utique
607 1369 707 1421 centra
725 1360 892 1437 dignitatem
908 1358 1070 1420 attollendi.
1105 1358 1180 1423 Non
1200 1364 1277 1423 enim

337 1455 404 1507 tuna
422 1462 526 1506 causas
540 1444 590 1505 uel
605 1445 695 1505 iustas
708 1442 758 1504 uel
774 1442 923 1523 improbae
933 1442 1012 1503 feeit.
1041 1440 1248 1525 disquerere

337 1529 452 1605 elestet,
475 1545 532 1608 que
549 1529 642 1589 miuus
656 1536 836 1606 susceptam,
859 1545 923 1588 cunr
931 1525 1042 1587 melier
1057 1528 1242 1608 uideretur,
1261 1530 1325 1601 iiten

338 1614 454 1691 cognita
475 1613 549 1671 iuter
571 1611 789 1690 disceptandum
808 1611 974 1691 iniquitate,
998 1606 1145 1691 dimittat,
1179 1632 1250 1675 cnm
1269 1614 1325 1696 pr'!

311 1698 477 1775 ilitigateri
493 1695 598 1756 dixerit
612 1713 722 1756 rerem.
755 1693 829 1756 Nara
844 1697 873 1755 in
888 1694 946 1755 hec
961 1694 1135 1774 maximum,
1160 1698 1188 1759 si
1206 1698 1327 1779 nequi}

267 1808 272 1815 ·
336 1782 420 1843 dices
434 1797 549 1856 semus,
573 1779 747 1840 beneficium
763 1787 827 1856 est,
850 1787 882 1839 ut
896 1794 954 1839 nen
967 1776 1103 1841 ldlames
1119 1798 1202 1843 uana
1224 1779 1328 1863 spelit'·

336 1873 460 1944 gentem.
497 1861 602 1943 Neque
626 1871 670 1924 est
689 1863 793 1941 dignus
815 1879 907 1943 epera
931 1863 1062 1943 patroni,
1094 1866 1151 1943 qui
1173 1882 1239 1928 nen
1264 1866 1329 1929 ιιΕι

338 1948 471 2009 consilio.
499 1944 537 2009 ie
552 1956 633 2009 certe
650 1963 709 2007 nen
724 1948 859 2008 conuenit
875 1947 920 2024 ei,
936 1964 1022 2026 quem
1037 1956 1196 2011 eraderem
1212 1964 1329 2013 auem

338 2032 450 2108 leneus,
471 2031 575 2092 iniusta
590 2033 664 2092 tueri
682 2031 834 2092 sedentem.
866 2028 939 2092 Nam
954 2031 979 2090 si
998 2047 1037 2091 ex
1058 2029 1140 2109 illis,
1165 2051 1245 2113 quas
1260 2048 1330 2115 πμ

337 2117 475 2192 diximus,
498 2117 592 2177 eaesis
608 2114 711 2176 falsum
725 2114 866 2175 tuebitur:
883 2115 945 2177 erit
958 2122 1055 2177 tanen
1068 2112 1254 2198 incussum,
1270 2112 1329 2201 φά
1358 2114 1359 2120 '

451 2218 518 2259 cre.

310 2219 401 2346 &lpse
419 2202 523 2345 {gregi
531 2302 595 2343 sue
612 2283 639 2343 ei
651 2300 769 2362 semper
779 2282 921 2361 agendum
932 2283 1110 2360 slt,traetarl
1121 2293 1241 2365 petest.
1264 2258 1331 2361 M

338 2369 489 2447 exprime
510 2369 604 2428 statim
621 2367 717 2426 fronte
738 2367 913 2444 diiudicare,
935 2365 1162 2446 imprudentium
1184 2379 1245 2431 est.
1275 2366 1329 2431 it·

338 2453 403 2532 quis
418 2453 548 2529 ignorat,
573 2454 640 2531 quin
656 2451 686 2510 id
701 2450 789 2529 lenge
805 2452 842 2510 sit
858 2449 1090 2513 honestissimum
1113 2469 1154 2513 ac
1173 2452 1330 2538 liberales

336 2536 497 2613 disciplinis
513 2545 542 2595 et
556 2536 626 2612 illo,
649 2518 735 2614 quiem
750 2536 907 2612 exigImns,
925 2537 1018 2596 anime
1035 2533 1265 2615 dignissimum,
1288 2550 1331 2597 att

337 2619 466 2679 uendere
492 2636 611 2698 operam
635 2637 692 2679 nee
718 2619 837 2680 elevare
859 2619 930 2680 tanti
954 2616 1091 2695 beneficii
1119 2623 1331 2683 auctoritem:

338 2721 401 2762 eum
416 2703 558 2781 pleraque
573 2703 630 2763 hec
647 2704 711 2782 ipse
727 2704 840 2782 possint
853 2703 945 2764 videri
957 2702 1035 2777 vilia,
1054 2701 1136 2780 qued
1150 2706 1283 2784 pretium
1293 2702 1332 2763 m

308 2783 427 2850 libent?
449 2784 555 2846 Cascis
566 2787 639 2862 hcc,
656 2796 685 2846 ut
702 2789 796 2862 aiunt,
813 2788 883 2847 satis
898 2786 1007 2847 clarem
1021 2793 1082 2862 est,
1096 2803 1160 2848 nee

337 2871 386 2949 qui
406 2870 579 2930 sufficientia
602 2871 657 2930 sibi
679 2871 815 2949 (modica
836 2879 931 2931 aetem
951 2869 1026 2932 haee
1048 2871 1139 2950 sunt)
1165 2869 1331 2952 possidete

336 2955 412 3015 herne
428 2965 577 3033 quaestum
595 2956 656 3014 sine
672 2955 790 3014 crimine
806 2953 933 3015 sordium
947 2952 1061 3015 iecerit.
1091 2951 1132 3013 Aa
1149 2957 1177 3016 ei
1193 2974 1248 3017 ree
1264 2952 1331 3017 ln'r

336 3039 415 3098 lieris
432 3038 675 3117 ampliusaliquid
693 3039 729 3099 ad
745 3057 816 3099 usus
830 3039 1015 3100 necessarios
1037 3037 1157 3115 exiget:
1182 3038 1330 3101 semem

337 3124 460 3182 emnium
483 3124 652 3202 sapientium
667 3122 752 3199 leges
766 3123 894 3201 patietur
913 3121 968 3183 sibi
983 3121 1105 3199 gretiam
1119 3122 1254 3202 referri,
1279 3137 1330 3183 eu

337 3215 366 3266 et
379 3207 494 3266 Socrati
510 3206 646 3267 collatum
661 3207 698 3266 sit
713 3205 749 3266 ad
764 3207 886 3282 vietum,
903 3215 933 3267 et
948 3205 1040 3281 zena,
1056 3202 1234 3284 cleanthes,
1252 3206 1328 3279 ciu-

296 3290 437 3368 lesippus
454 3291 608 3350 mercedes
624 3308 640 3351 a
657 3288 807 3367 discipulis
823 3289 1049 3368 acceptaverint.
1078 3286 1188 3368 Neque
1207 3292 1283 3352 enin
1295 3288 1326 3347 ri

336 3372 411 3448 dee,
446 3392 521 3452 quae
541 3374 644 3434 iustior
672 3372 842 3451 acquirendi
864 3375 938 3434 ratie
960 3390 1044 3452 quam
1068 3390 1107 3433 ex
1128 3372 1325 3437 lcumena

335 3454 438 3516 labere
454 3466 483 3516 et
499 3457 534 3516 eb
550 3459 602 3533 iis,
618 3457 655 3518 de
672 3456 774 3535 quihus
792 3458 900 3536 optime
915 3457 1088 3532 meruerint,
1107 3458 1241 3539 quique,
1257 3455 1322 3519 sin'r

335 3538 375 3598 hil
390 3541 513 3599 invicem
528 3549 693 3618 praestent,
711 3541 820 3618 indigni
837 3541 944 3601 fuerint
957 3539 1139 3601 defensione.
1173 3537 1320 3619 eccequi

336 3622 401 3682 dem
416 3641 473 3682 nen
488 3626 589 3684 iustum
607 3624 692 3684 mede
709 3625 762 3685 sed
776 3626 974 3686 necessarium
992 3626 1078 3685 etiam
1094 3632 1157 3701 est,
1178 3642 1247 3685 cunr
1261 3623 1318 3685 lest

335 3708 398 3784 ipsa
414 3725 505 3787 opera
519 3716 691 3788 tempusque
707 3726 791 3770 omna
806 3709 908 3770 alienis
918 3709 1045 3787 negotiis
1055 3706 1152 3790 datum
1168 3708 1316 3771 taedere·
