3184 4409
537 453 787 503 momentanee.
802 440 949 521 cumbe.
1125 460 1134 472 “
1203 445 1241 504 17

327 606 409 668 llaec
424 625 488 667 cnm
503 607 749 684 animadverterit,
769 611 928 687 perspiciat
942 609 1097 687 deinceps,
1117 622 1266 688 quoneme

282 691 330 751 tdo
345 691 512 751 tractandus
527 693 564 750 sit
574 691 712 751 discentis
727 693 844 753 animus.
869 694 940 752 Sunt
953 693 1075 771 quidam,
1091 695 1144 752 nisi
1160 697 1237 754 insti·

282 777 327 850 ris,
341 776 472 849 remissi,
488 775 600 852 quidam
617 776 735 854 imperia
750 776 941 852 indignantur,
959 777 1097 854 quosdam
1112 780 1239 837 continet

282 868 337 917 etus
356 858 497 936 quosdam
515 857 662 934 debilitat,
682 859 755 919 alios
773 861 949 919 continuatio
965 860 1108 935 extundit,
1130 862 1159 919 in
1174 862 1238 921 aliis

282 961 311 1000 us
326 944 449 1019 impetus
470 940 548 1000 iacit.
580 941 648 1001 Mihi
663 943 714 1002 ille
730 942 814 1002 detur
829 961 919 1020 puer,
939 961 1023 1020 quem
1040 943 1103 1003 laus
1119 946 1264 1020 excitet?

282 1044 330 1083 rem
344 1026 439 1100 gloria
454 1026 548 1100 iuvet,
568 1027 615 1102 qui
633 1028 726 1085 victus
742 1026 819 1086 fleat.
847 1026 900 1086 llic
917 1030 971 1085 erit
985 1027 1104 1086 alendus
1121 1027 1238 1104 ambitu,

282 1126 320 1167 unc
333 1107 477 1167 mordebit
495 1108 674 1186 obiurgatio,
695 1110 771 1170 bunc
790 1110 883 1169 honor
901 1109 1055 1185 excitabit,
1073 1111 1102 1168 in
1116 1110 1172 1170 boc
1188 1111 1236 1171 de·

282 1192 345 1252 liam
360 1209 503 1268 nunquam
518 1192 653 1252 verebor.

328 1275 429 1335 Danda
450 1284 495 1334 est
516 1284 611 1335 tamen
632 1275 761 1336 omnibus
783 1277 879 1354 aliqua
898 1278 1046 1344 remissio;
1066 1294 1124 1336 non
1144 1279 1262 1342 sctums

282 1361 312 1418 tia
326 1359 404 1419 nulla
424 1377 472 1417 res
490 1368 549 1435 est,
573 1378 646 1438 quae
661 1360 792 1438 perferre
807 1361 901 1439 possit
915 1362 1076 1420 continuum
1098 1360 1236 1437 laborem,

282 1460 332 1519 que
354 1461 389 1502 ea
411 1458 542 1520 quoque,
566 1461 640 1521 quae
660 1462 748 1504 seusu
770 1453 799 1503 et
821 1445 912 1504 anima
935 1453 1049 1521 carent,
1067 1454 1099 1507 ut
1118 1463 1237 1504 servare

282 1544 304 1583 nn
326 1545 405 1585 snam
430 1528 561 1603 possint,
591 1528 672 1587 velut
697 1528 793 1607 quiete
821 1527 930 1587 alterna
956 1526 1156 1597 retenduntur;
1185 1529 1237 1588 sed

282 1609 323 1668 rod
338 1610 604 1681 studiumdisoendi
618 1610 780 1686 voluntate,
798 1629 872 1688 quae
888 1613 954 1687 cogi
969 1629 1025 1670 non
1040 1621 1152 1690 potest,
1169 1629 1236 1672 con·

282 1703 314 1751 at.
345 1692 446 1770 ltaque
468 1701 497 1751 et
517 1695 620 1754 virium
641 1696 706 1774 plus
727 1695 848 1754 afferunt
869 1695 904 1755 ad
923 1696 1089 1755 discendum
1105 1698 1261 1759 renovati9

282 1785 431 1836 :recentes
447 1787 476 1835 et
496 1779 637 1837 aeriorem
652 1781 785 1853 animum,
807 1780 855 1857 qui
876 1779 939 1838 lere
955 1779 1175 1839 necessitatibus
1191 1798 1235 1838 re·

282 1870 363 1935 ignat.
389 1859 452 1918 Neo
463 1880 508 1920 me
524 1862 675 1922 offenderit
691 1863 770 1922 lusus
783 1863 813 1920 in
823 1865 937 1940 pueris;
953 1872 1043 1922 est-et
1054 1863 1110 1925 hoc
1126 1865 1236 1939 signnm
1245 1874 1279 1925 10

282 1946 419 2011 acuitatis;
437 1962 530 2022 neque
547 1946 624 2005 illum
639 1948 749 2005 tristem
764 1964 936 2024 semperque
951 1946 1103 2006 demissum
1117 1965 1236 2024 sperare

282 2030 355 2087 ›ssim
371 2037 488 2087 erectae
507 2030 583 2088 circa
598 2030 690 2089 studia
706 2029 904 2104 mentisiore,
924 2032 1030 2089 cumin
1050 2030 1106 2089 hoc
1122 2047 1237 2107 quoque

282 2113 367 2170 anime
383 2113 504 2171 naturali
526 2113 666 2172 aetatibus
684 2113 741 2175 illis
761 2115 867 2191 impetu
885 2115 988 2172 iaceat.
1021 2112 1123 2173 Modus
1144 2123 1278 2174 tamenll

282 2203 289 2252 t
309 2195 540 2271 remissionibus,
563 2215 599 2256 ne
621 2190 669 2257 aut
689 2197 783 2257 odium
804 2195 961 2255 studiorum
986 2196 1092 2255 faciant
1112 2205 1236 2272 negatae

282 2286 297 2335 tt
310 2280 359 2337 otii
375 2280 609 2339 consuetudinem
623 2282 735 2340 nimiae.
766 2280 837 2340 Sunt
858 2281 942 2339 etiam
957 2279 1085 2339 nonnulli
1100 2279 1235 2339 acuendis

282 2379 400 2420 renonum
422 2364 543 2438 ingeniis
566 2379 623 2423 non
643 2365 759 2424 inutiles
781 2364 878 2438 lusus,
905 2381 968 2422 cum
991 2365 1093 2445 positis
1115 2365 1236 2422 invicem

282 2444 442 2522 uiuscunque
458 2450 574 2522 generis
591 2448 814 2526 quaestiunculis
829 2448 1014 2507 aemulantur.
1051 2446 1148 2513 Mones
1165 2463 1234 2524 quo·

282 2546 307 2587 re
326 2547 359 2588 se
379 2532 453 2588 inter
474 2530 625 2591 ludendum
646 2532 803 2610 simplicius
821 2531 975 2607 detegunt;
997 2531 1082 2591 modo
1103 2529 1277 2590 nnllam-12

282 2620 347 2673 stur
368 2622 448 2673 aetas
469 2623 525 2674 tam
547 2615 669 2689 infirma,
694 2633 767 2692 qnae
789 2632 846 2673 non
867 2616 1013 2693 protinus,
1038 2614 1104 2692 quid
1126 2622 1236 2672 neotum

282 2711 422 2774 avumque
436 2699 483 2772 sit,
500 2698 605 2766 discat;
625 2707 682 2758 tum
697 2699 744 2758 vel
759 2699 879 2757 maxime
894 2697 1055 2772 formanda,
1072 2717 1135 2758 cum
1150 2699 1235 2756 simu-

282 2779 322 2838 ndi
341 2783 441 2839 nescia
461 2791 506 2840 est
527 2792 555 2841 et
577 2782 821 2861 praecipientibus
841 2781 976 2841 facillime
992 2781 1078 2841 cedit.
1108 2780 1235 2856 Frangas

282 2864 321 2922 um
346 2866 429 2923 citius
455 2881 538 2942 quam
563 2867 710 2943 corrigas,
742 2883 816 2943 quae
842 2867 871 2924 in
896 2883 1014 2943 pravum
1039 2863 1234 2924 induruerunt.

282 2940 378 3007 rotinus
399 2965 487 3024 erge,
510 2968 547 3008 ne
568 2949 635 3027 quid
656 2949 778 3027 cupide,
803 2949 924 3026 nequid
945 2947 1090 3025 improbe,
1113 2967 1149 3007 ne
1170 2946 1236 3024 quid
1244 2953 1277 3006 13

282 3039 420 3107 tpotenter
433 3032 530 3108 faciat,
543 3032 700 3093 monendus
716 3041 760 3092 est
775 3051 860 3111 puer;
876 3031 1093 3109 habendumque
1104 3033 1132 3090 in
1145 3033 1235 3090 animo

282 3131 362 3192 emper
374 3115 443 3176 illud
458 3115 659 3196 virgilianum:
679 3113 767 3185 Adeo¹
779 3118 812 3176 iat
826 3118 938 3178 teucro
952 3134 1151 3177 consuescere
1164 3115 1237 3174 mut-

282 3216 311 3256 uo
327 3206 380 3259 eet.

332 3280 422 3342 Caedi
446 3300 518 3341 vero
542 3282 717 3361 discipulos,
747 3282 902 3361 quamlibet
925 3292 954 3342 et
979 3291 1127 3361 receptum
1149 3284 1186 3340 sit
1209 3291 1237 3340 ct

282 3360 425 3444 lrpsippus
440 3383 498 3424 non
513 3367 671 3444 improbet,
690 3369 803 3426 minime
818 3367 915 3426 velim.
951 3367 1087 3441 Primum,
1108 3366 1174 3442 quia
1188 3366 1236 3428 de·

282 3465 339 3508 unte
360 3459 447 3527 atque
469 3450 577 3509 servile
596 3460 685 3510 estet
706 3461 801 3526 certe,
825 3449 901 3528 qnod
922 3451 1055 3510 convenit
1075 3451 1099 3507 si
1115 3458 1237 3508 aetatem
1245 3460 1278 3512 14

282 3539 355 3608 utes,
371 3535 486 3601 iniuria:
506 3533 625 3610 deinde,
642 3535 734 3611 quod,
750 3536 775 3594 si
791 3536 836 3594 cui
851 3542 907 3592 tam
923 3543 968 3592 est
982 3551 1061 3592 mens
1076 3531 1235 3605 illiberalis,

294 3616 491 3693 obiurgatione
506 3634 563 3676 non
574 3620 745 3694 corrigatur,
761 3620 785 3677 is
803 3618 936 3677 etiamad
951 3617 1053 3695 plagas
1067 3624 1098 3675 ut
1113 3617 1237 3693 pessima

282 3715 378 3777 raeque
400 3702 541 3779 mancipia
562 3700 720 3771 decubitum
742 3710 907 3782 postremo,
933 3701 1009 3780 quod
1030 3717 1066 3760 no
1089 3715 1161 3778 epus
1183 3697 1238 3757 erit

291 3801 354 3842 mn
368 3803 481 3852 ouum.
549 3849 551 3853 ,
