3184 4409
318 515 326 529 ‚
354 459 394 522 98
670 473 707 521 m.
719 472 798 520 nnn.
810 425 1030 533 omanorum

313 625 441 772 defficit?
476 627 621 688 Adliciunt
635 625 696 702 bis,
717 628 765 704 qui
783 636 883 687 contra
897 629 1037 704 sentiunt,
1056 628 1133 706 qnod
1149 641 1257 707 saepe,
1274 647 1351 709 quae

394 712 457 773 aliis
474 712 570 771 litibus
585 714 785 789 impugnarunt
801 721 917 771 actores
933 730 1098 787 causamm,
1122 714 1224 772 eadem
1238 715 1267 773 iu
1283 716 1349 774 aliis

351 796 515 857 defendant.
562 795 647 868 Quod
668 812 725 853 non
745 797 815 854 artis
837 795 891 854 sed
910 795 1032 856 bominis
1053 805 1098 855 est
1117 799 1225 856 vitium.
1268 797 1350 860 Haec

351 889 416 939 sunt
430 882 605 959 praeprua‚
626 897 699 956 quae
717 888 817 938 contra
830 878 997 938 rhetoricen
1012 879 1158 950 dicantur;
1181 881 1237 941 alia
1253 890 1283 942 et
1296 887 1348 944 mi·

351 982 422 1025 nora
437 973 466 1023 et
481 973 575 1024 tamen
589 982 627 1023 ex
640 963 685 1023 bis
699 961 826 1023 fontibus
842 963 979 1023 deriuata.

309 1047 344 1102 ll
436 1046 626 1109 confirmatur
640 1055 734 1107 autem
749 1064 816 1106 esse
831 1056 922 1107 artem
936 1065 1000 1107 eam
1013 1047 1152 1108 breviter.
1184 1047 1257 1108 Nam
1272 1051 1347 1128 sive,

351 1142 382 1192 ut
397 1131 552 1192 Cleanthes
568 1131 676 1206 voluit,
694 1148 745 1206 'ars
761 1139 956 1210 estpotestate
973 1133 1072 1211 mom,
1093 1133 1122 1192 id
1143 1142 1188 1192 est
1205 1132 1348 1211 ordinem,

350 1217 506 1296 afficiens:
528 1234 595 1275 esse
615 1224 696 1276 certe
717 1217 792 1275 viam
815 1223 901 1293 atque
923 1216 1052 1277 ordinem
1074 1219 1103 1276 iu
1123 1216 1199 1276 bene
1222 1215 1347 1278 diceudo

350 1319 434 1361 nemo
458 1300 643 1368 dubitaverit;
670 1301 733 1359 sive
754 1299 806 1358 ille
826 1299 862 1358 ab
884 1299 1014 1359 omnibus
1035 1301 1099 1361 iere
1120 1300 1259 1379 probatus
1283 1302 1348 1362 linis

351 1385 540 1460 observatur,
566 1393 656 1443 artem
678 1392 811 1443 constare
840 1401 878 1442 ex
903 1385 1141 1462 perceptionibus
1163 1388 1347 1446 consentien-

350 1469 426 1528 tibus
443 1478 472 1528 et
489 1469 693 1529 coexercitatis
710 1467 745 1526 ad
760 1467 845 1526 linem
858 1467 958 1526 utilem
973 1470 1064 1528 vitae:
1091 1471 1145 1528 iam
1161 1469 1348 1529 ostendemus

275 1573 277 1577 ’
309 1553 420 1613 tunitii
441 1569 499 1611 non
519 1552 620 1612 borum
636 1552 664 1611 iu
677 1551 825 1610 rhetorice
845 1553 952 1611 inesse.
984 1549 1079 1626 Quid?
1100 1553 1178 1630 quod
1199 1561 1229 1612 et
1248 1555 1347 1632 iuspe-

352 1640 447 1698 ctione
462 1645 491 1696 et
506 1638 712 1696 exercitatione
725 1644 758 1694 ut
770 1643 848 1695 artes
865 1645 982 1696 ceterae
998 1633 1133 1696 constat?
1167 1636 1231 1696 Nec
1247 1647 1348 1716 potest

351 1740 398 1782 ars
412 1738 468 1780 uon
484 1739 566 1796 esse,
588 1721 611 1779 si
628 1729 672 1779 est
692 1737 738 1778 ars
757 1719 926 1794 dialectice,
950 1721 1027 1799 quod
1046 1721 1109 1780 lere
1127 1729 1257 1795 constat,
1283 1740 1346 1781 cum

351 1804 386 1866 ab
404 1824 437 1865 ea
452 1807 552 1882 specie
565 1807 655 1881 magis
670 1821 753 1882 quam
766 1821 877 1880 genere
893 1803 1015 1863 diderat.
1050 1805 1108 1865 Sed
1123 1822 1178 1865 nec
1198 1805 1248 1865 illa
1264 1809 1347 1865 omit·

351 1890 436 1950 tenda
452 1898 531 1964 sunt,
556 1906 611 1967 qua
631 1891 659 1948 in
678 1907 710 1947 re
729 1889 806 1948 alius
826 1905 859 1946 se
881 1883 1099 1949 inartificialiter
1119 1889 1191 1948 alius
1212 1890 1346 1949 artificia-

351 1973 418 2035 liter
432 1983 531 2051 gerat,
554 1976 582 2032 iu
598 1991 631 2032 ea
648 1990 714 2032 esse
730 1982 835 2040 artem
856 1981 885 2031 et
899 1975 928 2030 iu
943 1989 1000 2048 eo,¹
1020 1974 1115 2053 quod,
1139 1974 1187 2051 qui
1202 1973 1345 2049 didicerit,

310 2060 452 2120 romelius
475 2058 577 2133 iaciat,
606 2075 698 2135 quam·
712 2058 760 2135 qui
781 2073 839 2116 non
860 2057 1007 2132 didicerit,
1036 2076 1103 2118 esse
1123 2065 1223 2116 artem.
1257 2056 1347 2136 Atqui

350 2161 407 2203 non
422 2143 515 2202 solum
530 2143 632 2202 doctus
648 2141 792 2201 indoctum
807 2140 860 2200 sed
878 2143 962 2200 etiam
977 2141 1091 2200 doctior
1106 2142 1222 2201 doctum
1235 2141 1268 2200 iu
1280 2142 1345 2200 rbe-

350 2230 458 2288 torices
474 2244 564 2304 opere
580 2226 743 2305 superabit,
765 2243 861 2303 neque
876 2235 974 2285 esseut
995 2226 1080 2285 aliter
1099 2227 1162 2285 eius
1182 2233 1240 2283 tam
1259 2224 1346 2284 multa

350 2321 510 2392 praecepta
524 2322 639 2388 tamque
659 2311 769 2386 magni3
793 2311 841 2389 qui
856 2309 1010 2377 docerent;
1033 2310 1121 2388 idque
1137 2326 1200 2368 curn
1215 2308 1346 2368 omnibus

351 2396 541 2456 confitendum
563 2404 607 2454 est
627 2404 685 2453 tum
705 2393 788 2453 uobis
805 2396 979 2472 praecipue,
1002 2395 1051 2471 qni
1071 2396 1211 2454 rationem
1232 2393 1346 2452 dicendi

350 2499 367 2541 a
382 2480 459 2540 bono
474 2481 536 2538 viro
552 2495 609 2538 non
624 2495 800 2557 separamus.

641 2629 692 2680 nx
710 2610 1046 2689 onrnosunurnos

433 2723 537 2785 XVIII.
574 2723 644 2785 Cum
664 2727 719 2784 siut
741 2733 836 2786 autern
859 2729 959 2786 artium
980 2727 1054 2786 aliae
1072 2727 1186 2804 positae
1207 2727 1235 2784 iu
1249 2727 1346 2803 inspe-

352 2812 463 2885 ctione,
485 2808 514 2867 id
535 2818 580 2868 est
603 2812 768 2886 cognitione
786 2820 816 2869 et
837 2811 1036 2870 aestImatione
1057 2828 1168 2885 rerum,
1191 2809 1285 2887 qualis
1303 2817 1348 2868 est

350 2894 525 2970 astrologia,
541 2894 648 2954 nullum
662 2896 782 2970 exigens
799 2904 892 2954 actum
906 2895 982 2954 sed
974 2912 1038 2973 rpso
1053 2896 1111 2991 rei,
1128 2896 1208 2953 cuius
1225 2894 1348 2952 studIum

349 2979 455 3054 babet,
477 2979 627 3039 intellectu
648 2988 797 3078 contenta,
827 2997 901 3058 quae
923 2969 1090 3058 θεωρητικὴ
1109 2987 1246 3045 vocatur3
1273 2977 1347 3036 aliae

350 3065 380 3122 in
401 3062 531 3140 agendo,
555 3080 673 3141 quarum
694 3063 722 3121 iu
743 3062 800 3123 boo
820 3063 884 3122 fims
905 3073 950 3122 est
976 3072 1005 3122 et
1026 3065 1090 3141 Ipso
1112 3071 1178 3121 actu
1199 3061 1349 3163 perficitur

351 3147 479 3225 nibinue
495 3157 563 3226 post
583 3156 676 3207 actum
691 3149 790 3225 operis
805 3147 957 3226 relinquit,
980 3165 1054 3225 quae
1068 3167 1216 3226 repentina
1204 3141 1347 3217 dicitur,

327 3231 445 3309 aqualis
461 3232 576 3292 saltatio
592 3241 650 3300 est;
673 3232 770 3291 aliae’
761 3251 789 3291 rn
805 3233 922 3308 ellectu,
939 3250 1014 3310 quae
1030 3233 1144 3309 operis,
1162 3231 1238 3309 quod
1255 3229 1349 3289 oculis

352 3315 517 3392 subiicitur,
542 3319 785 3376 consummatione
807 3317 891 3376 finem
910 3318 1070 3394 accipiunt,
1094 3333 1177 3393 quarn
1192 3303 1350 3391 ποιητικὴν

353 3400 549 3500 appellamus,
565 3401 657 3478 qualis
675 3409 720 3460 est
733 3402 860 3479 pictura:
883 3400 946 3460 fere
968 3399 1148 3460 iudIcaudum
1168 3407 1228 3473 est,
1250 3398 1348 3457 rheto-

352 3485 433 3544 ricen
452 3487 480 3545 iu
500 3493 585 3544 actu
606 3487 782 3554 consistere;
813 3484 870 3544 boc
891 3487 982 3560 eninr,
1007 3484 1083 3563 quod
1107 3491 1153 3542 est
1178 3443 1267 3542 olbcii
1294 3481 1348 3555 sui,

353 3569 476 3647 perlicit.
515 3567 611 3646 Atque
627 3571 665 3628 ita
683 3568 718 3628 ab
735 3568 866 3628 omnibus
881 3568 985 3628 dictum
1002 3578 1056 3627 est.

330 3657 347 3710 3
437 3652 506 3713 blibi
521 3662 614 3712 autem
628 3652 742 3712 videtur
757 3655 841 3712 etiam
858 3670 895 3711 ex
913 3653 971 3711 illis
987 3653 1093 3712 ceteris
1110 3650 1218 3711 artibus
1233 3651 1350 3710 multum

338 3754 524 3801 ,assttmerea
551 3736 622 3796 Nam
642 3745 671 3796 et
686 3736 959 3816 potest'aliquando
980 3739 1043 3816 ipsa
1065 3752 1184 3814 uesper
1204 3751 1237 3792 se
1253 3736 1350 3814 Inspe-
