3184 4409
341 456 400 520 112
656 467 1021 529 meanwarorum

339 625 478 706 quaedam
493 624 567 684 ratio
581 615 739 700 succurrit,
756 622 833 702 quod
849 641 932 683 omne
949 623 1088 683 orationis
1103 622 1230 682 cilicium
1244 633 1294 684 aut
1308 627 1339 685 in

312 712 449 776 tiudieits
473 716 590 769 estant
617 717 700 767 extra
724 707 838 767 iudicia.
881 706 1004 783 Eorum,
1032 707 1068 767 de
1098 706 1201 786 quibus
1229 709 1337 769 iudicio

327 795 500 873 quaeritur,
523 792 703 851 manifestum
719 801 764 851 est
781 809 890 869 genum
917 808 969 867 ea,
994 809 1067 870 quae
1084 791 1119 850 ad
1140 791 1263 852 iudicem
1279 810 1338 852 non

337 881 472 952 veniunt,
492 885 540 937 aut
556 878 744 954 praeteritum
757 875 863 935 babent
877 883 1005 952 tempus,
1027 885 1076 936 aut
1090 875 1228 944 iuturum;
1251 895 1337 955 prae·

337 965 422 1022 terita
452 961 598 1020 laudamus
624 969 672 1020 aut
699 961 910 1038 vituperamus,
940 960 976 1020 de
1002 961 1105 1019 futuris
1130 959 1335 1021 deliberamus.

313 1047 408 1112 sltem
426 1048 535 1120 omnia,
558 1044 594 1104 de
611 1043 714 1123 quibus
730 1043 881 1104 dicendum
896 1052 957 1119 est,
980 1053 1028 1104 aut
1044 1053 1124 1104 certa
1140 1044 1197 1103 sint
1211 1063 1337 1105 necesse

338 1140 382 1191 est
400 1139 447 1190 aut
463 1129 557 1191 dubia.
593 1126 696 1204 Certa,
719 1137 749 1186 ut
766 1130 870 1206 cuique
886 1137 931 1188 est
951 1129 1075 1204 animus,
1098 1128 1195 1188 laudat
1210 1138 1258 1188 aut
1276 1130 1337 1190 cul-

336 1225 399 1294 pat;
423 1233 460 1273 ex
475 1213 568 1273 dubiis
583 1214 686 1291 partim
702 1211 816 1271 nobis
807 1214 878 1290 1psis
902 1212 937 1273 ad
953 1213 1127 1272 electionem
1143 1222 1208 1272 sunt
1231 1213 1336 1288 libera,

338 1300 374 1359 de
390 1299 434 1358 his
456 1297 647 1363 deliberatur:
671 1298 774 1375 partim
793 1297 915 1356 aliorum
932 1299 1092 1358 sententiae
1110 1299 1279 1376 commissa,
1301 1299 1338 1359 de

337 1384 381 1443 his
399 1383 450 1442 lite
467 1380 657 1441 contenditur.

313 1473 331 1528 9
422 1466 615 1525 Anaximenes
636 1465 815 1528 iudicialem
838 1473 867 1525 et
885 1465 1084 1526 contionalem
1098 1465 1256 1542 generales
1272 1484 1338 1545 par·

338 1561 382 1613 tes
404 1569 471 1610 esse
493 1550 602 1624 voluit,
630 1559 742 1628 septem
765 1557 860 1608 autem
883 1551 1017 1626 species:
1042 1549 1202 1627 ductandi,
1224 1552 1340 1613 debor-

337 1636 441 1710 tunda‘,
475 1594 643 1709 landualdi,
675 1633 886 1732 vituperandi,
920 1633 1107 1711 conteeant,
1141 1635 1340 1713 defendendi,

338 1720 538 1796 exquirendi,
568 1716 645 1796 quod
670 1709 850 1791 ἐξεταστικὸν
874 1718 958 1786 dicit;
987 1735 1105 1796 quarum
1126 1717 1200 1778 duae
1228 1721 1340 1797 primae

338 1803 534 1876 deliberativi,
552 1802 625 1861 duae
642 1811 800 1879 sequentes
815 1801 1040 1876 demonstrativi,
1056 1811 1117 1861 tres
1133 1803 1248 1862 ultimae
1264 1803 1338 1862 iudi-

297 1888 420 1948 10ciali's
435 1886 552 1963 generis
570 1893 635 1944 sunt
650 1894 758 1964 partes.
793 1886 972 1962 Protagoran
987 1896 1120 1962 transeo,
1144 1888 1192 1964 qui
1206 1889 1339 1948 interro-

336 1972 450 2051 gandi,
473 1971 695 2049 respondendi,
715 1971 901 2045 mundandi,
922 1973 1092 2050 precandi
1116 1970 1192 2049 quod
1208 1962 1342 2049 εὐχωλὴν

340 2056 421 2132 dixit,
440 2064 537 2133 partes
556 2054 635 2114 solas
652 2064 742 2134 putat.
773 2054 879 2115 Plato
870 2073 898 2114 ιιι
910 2056 1047 2155 Sophiste
1062 2056 1205 2116 iudicioli
1219 2064 1248 2114 et
1265 2076 1339 2117 con-

339 2141 445 2202 tinnuli
464 2141 576 2199 tertiam
590 2138 697 2199 adiecit
710 2130 974 2240 npopopatqraalpv,
998 2158 1081 2218 quam
1099 2157 1169 2198 sane
1190 2141 1338 2218 permitta-

338 2244 400 2284 mus
420 2224 503 2284 nobis
522 2224 620 2284 dicere
641 2225 941 2292 sermoncatncem·
963 2242 1037 2302 quae
1064 2224 1207 2284 elorensi
1223 2227 1338 2285 ratione

340 2311 509 2386 disiungitur
522 2318 550 2367 et
567 2318 611 2368 est
627 2308 842 2369 accommodata
856 2310 975 2386 privatis
987 2307 1238 2387 disputationibus,
1256 2311 1337 2367 cuius

300 2397 383 2454 uvis
405 2392 654 2471 eadem-profecto
673 2401 718 2452 est
742 2410 817 2470 quae
838 2393 1020 2453 dialecticae.
1056 2392 1202 2452 isocrates
1217 2394 1246 2451 in
1261 2393 1339 2452 omni

340 2495 450 2555 genere
466 2479 563 2535 inesse
579 2478 704 2538 taudem
723 2495 757 2536 ac
772 2479 1022 2556 vituperationem
1039 2478 1220 2536 existimavit.

312 2592 317 2604 ·
425 2560 516 2619 Nobis
534 2570 562 2620 et
578 2563 747 2620 tutissimum
764 2571 808 2621 est
824 2571 959 2621 auctores
976 2562 1116 2639 plurimos
1132 2561 1230 2638 sequi,
1254 2567 1284 2619 et
1299 2562 1339 2619 ita

299 2652 332 2703 12
340 2646 452 2705 videtur
468 2646 540 2703 ratio
558 2645 676 2704 dictare.
713 2644 766 2704 Est
781 2647 883 2721 igitur,
907 2655 937 2704 ut
952 2646 1025 2721 dixi,
1046 2663 1131 2704 unum
1148 2663 1255 2722 genus,
1279 2661 1339 2722 quo

340 2730 402 2788 laus
425 2747 459 2787 ac
480 2730 653 2806 vituperatio
677 2732 853 2805 continetur,
879 2729 931 2788 sed
954 2739 1000 2790 est
1020 2729 1195 2808 appellatum
1215 2747 1232 2788 a
1254 2737 1340 2807 parte

341 2813 462 2872 meliore
493 2812 725 2879 laudativum;
754 2814 829 2873 idem
851 2814 900 2872 alii
926 2816 1194 2876 demonstrativum
1219 2821 1338 2872 vocant.

339 2897 498 2974 Utrumque
516 2915 619 2956 nomen
635 2915 672 2956 ex
689 2897 802 2957 Graeco
817 2898 944 2957 creditur
961 2899 1096 2971 duxisse,
1113 2915 1177 2956 nam
1193 2895 1340 2994 ἕνκωμια

300 2992 332 3044 13
341 2999 439 3041 στικον
460 2991 508 3040 aut
531 2973 723 3043 ἐπιδεικτικὸν
744 2982 850 3041 dicunt.
893 2983 952 3042 Sed
971 2984 1038 3042 mihi
1060 2972 1254 3043 ἐπιδεικτικὸν
1281 2997 1341 3039 non

341 3075 398 3125 tam
420 3067 669 3127 demonstrationis
689 3067 746 3125 vim
766 3065 875 3126 habere
899 3084 982 3146 quam
1004 3067 1204 3126 ostentationis
1224 3064 1341 3124 videtur

342 3160 371 3209 et
393 3152 510 3210 multum
533 3149 569 3210 ab
595 3151 647 3211 illo
673 3148 892 3232 ἐγκωμιαστικῷ
912 3151 1047 3220 differre;
1071 3170 1134 3211 nam
1156 3158 1186 3208 ut
1211 3151 1342 3209 continet

342 3234 542 3294 laudativum
534 3255 562 3295 m
582 3254 614 3295 se
637 3253 747 3313 genus,
770 3239 809 3295 ita
830 3253 888 3297 non
908 3238 980 3297 intra
1000 3235 1058 3296 hoc
1080 3236 1173 3295 solum
1196 3230 1339 3294 consistit.

302 3319 385 3381 ltdn
419 3322 567 3403 quisquam
593 3321 744 3398 negaverit
775 3320 971 3399 Panegyricos
1004 3308 1219 3388 ἐκιὸεικτικνὸς
1250 3313 1341 3377 esse?

343 3403 430 3480 Atqui
457 3405 576 3462 lormam
598 3404 735 3469 suadendi
763 3404 869 3471 habent
893 3414 922 3465 et
948 3405 1090 3488 pleraque
1113 3404 1149 3463 de
1170 3401 1341 3462 utilitatibus

344 3485 482 3546 Graeciae
504 3489 666 3564 loquuntur.
699 3488 737 3548 Ut
758 3505 906 3549 causarum
927 3489 1041 3566 quidem
1063 3505 1172 3566 genera
1197 3489 1251 3546 tria
1273 3488 1340 3559 sint,

343 3571 396 3630 sed
414 3591 448 3631 ea
464 3581 521 3630 tum
536 3574 563 3629 ln
579 3576 703 3650 negotiis
720 3575 801 3632 tum
792 3592 821 3631 m
837 3575 1031 3632 ostentatione
1047 3575 1153 3651 posita
1182 3570 1245 3631 Nisi
1263 3570 1342 3630 iorte

314 3674 316 3683 ¹
343 3673 400 3715 non
418 3675 456 3714 ex
472 3655 583 3716 Graeco
604 3667 744 3717 mutantes
766 3659 1032 3719 demonstrativum
1049 3664 1170 3730 vocant,
1192 3673 1294 3714 verum
1313 3652 1343 3712 id

341 3751 517 3820 sequuntur,
541 3742 617 3820 quod
637 3743 700 3803 laus
723 3760 757 3801 ac
776 3743 951 3822 vituperatio
974 3741 1059 3820 quale
1078 3743 1115 3800 sit
1135 3740 1263 3819 quidque
1284 3738 1343 3799 de-
