3184 4409
572 478 662 526 msu.
684 477 833 527 ousuoa.
856 479 926 527 ms.
948 476 976 543 ι,
996 476 1038 527 ιο.
1264 463 1306 526 49

304 635 383 712 lyra:
414 635 496 694 cuius
520 651 583 693 cum
610 650 644 692 se
667 634 829 709 imperitum
851 632 1063 693 Themistocles
1086 634 1238 692 confessus
1259 650 1305 692 es·

304 728 367 796 set,
393 728 424 778 ut
445 717 544 778 verbis
568 714 717 777 Ciceronis
744 726 819 791 utar,
841 725 886 778 cst
907 717 1029 778 babitus
1049 720 1209 779 indoctior.
1250 718 1350 781 Sedto

305 813 439 863 veterum
466 819 584 879 quoquc
612 801 806 861 Romanorum
835 801 930 878 epulis
959 801 1030 860 fides
1053 821 1088 861 ac
1120 801 1204 861 tibias
1228 800 1306 860 adhi-

306 888 378 947 bere
402 889 491 946 moris
514 886 576 945 fuit.
612 884 723 945 Versus
746 902 862 962 quoque
886 886 1030 945 Saliorum
1052 885 1158 945 habeut
1181 903 1305 945 carmen.

308 972 391 1046 Quae
414 988 479 1030 cum
502 971 596 1030 omnia
620 971 676 1028 sint
698 989 715 1029 a
733 969 825 1028 Numa
842 987 913 1046 rege
931 971 1069 1044 instituta,
1091 970 1198 1029 iaciunt
1220 970 1306 1029 mani·

306 1056 431 1130 lcstum,
453 1072 490 1113 ne
512 1054 570 1113 illis
593 1054 723 1132 quidem,
753 1054 801 1130 qui
829 1055 916 1113 rudes
944 1072 979 1112 ac
1008 1052 1143 1112 bellicosi
1164 1054 1306 1128 uidentur,

308 1157 405 1200 curam
425 1140 562 1213 musices,
582 1147 715 1216 quantum
731 1137 781 1196 illa
799 1138 959 1215 recipiebat
974 1147 1065 1212 aetas,
1083 1137 1222 1196 defuisse.
1249 1137 1348 1200 tte-m

308 1225 394 1302 nique
418 1224 446 1282 in
469 1222 656 1301 prouerbium
676 1239 769 1299 usque
787 1221 964 1281 Graecorum
984 1216 1162 1280 celebratum
1176 1231 1232 1296 est,
1254 1219 1307 1282 Io-

308 1311 414 1370 doctos
426 1306 456 1368 'u
477 1305 576 1368 Maste
594 1315 685 1384 atque
704 1325 724 1367 o
743 1307 859 1366 Gratiis
880 1308 998 1368 abesse.

391 1392 500 1451 Verum
523 1391 590 1468 quid
613 1409 650 1450 ex
673 1408 707 1448 ea
729 1391 849 1468 proprie
871 1399 951 1468 petat
971 1391 1082 1449 futurus
1105 1399 1220 1465 orator,
1249 1390 1349 1452 dis-aa

308 1495 448 1536 seramus.
482 1474 634 1534 Numeros
654 1475 762 1533 musice
785 1474 918 1552 duplices
937 1474 1052 1534 habet
1037 1492 1072 1532 ιιι
1094 1474 1215 1533 vocibus
1236 1483 1266 1532 et
1280 1475 1307 1533 iu

309 1578 445 1640 corpore,
469 1561 617 1637 utriusque
640 1560 715 1617 enim
736 1560 779 1617 rei
802 1568 885 1636 aptus
904 1559 1017 1657 quidam
1035 1557 1137 1616 modus
1160 1558 1305 1617 desidera·

257 1684 260 1689 -
310 1652 361 1704 tur.
399 1644 512 1704 Vocis
531 1644 671 1702 rationem
688 1642 880 1701 Aristoxenus
895 1645 1020 1702 musicus
1035 1642 1175 1701 druidum
1189 1635 1307 1721 ῥυθμον

308 1739 336 1788 et
357 1727 453 1828 ιιέιος,
477 1744 597 1805 quorum
619 1727 739 1786 alterum
761 1726 973 1802 modulatione,
997 1727 1118 1786 alterum
1140 1743 1247 1786 canore
1271 1744 1306 1785 ac

309 1817 387 1873 sonis
411 1820 534 1872 constat.
578 1811 652 1870 Num
673 1812 761 1887 igitur
780 1828 838 1875 nou
859 1811 933 1870 baec
956 1813 1049 1871 omnia
1072 1812 1180 1870 oratori
1202 1827 1304 1870 neces·

309 1900 396 1965 saria;
421 1914 542 1974 quorum
559 1914 644 1954 uuum
667 1895 701 1954 ad
724 1904 855 1970 gestum,
880 1896 1016 1954 alterum
1024 1895 1059 1954 ad
1082 1895 1306 1955 collocationem

308 1982 480 2056 verborum
499 1981 613 2039 tertium
630 1979 666 2038 ad
683 1978 776 2038 llexus
793 1980 886 2053 vocis,
910 1981 1037 2057 quisunt
1054 1980 1083 2037 iu
1100 1979 1214 2054 agendo
1235 1996 1311 2056 quo

310 2084 362 2164 ιιι
386 2025 511 2143 plurimi,
536 2060 679 2141 pertinet?
722 2063 784 2121 Nisi
804 2063 909 2121 forte
901 2082 930 2145 ιιι
952 2061 1123 2122 carminibus
1149 2071 1257 2121 tautum
1278 2067 1349 2122 et23

255 2190 258 2201 .
309 2151 334 2208 iu
351 2150 474 2210 canticis
491 2149 616 2224 exigitur
635 2155 778 2205 structura
795 2132 935 2224 quaedam
954 2155 983 2205 et
1001 2145 1141 2205 inoffensa
1160 2146 1306 2224 copulatio

255 2264 260 2275 ·
309 2251 422 2308 vocum,
445 2234 475 2290 ln
498 2232 611 2309 agendo
631 2239 917 2328 supervacuumest;
943 2239 1065 2289 autnon
1084 2232 1256 2308 compositio
1277 2239 1307 2288 et

309 2336 396 2378 sunus
419 2318 448 2375 iu
470 2319 602 2377 oratione
624 2332 742 2393 quoque
758 2315 840 2373 varie
861 2331 915 2392 pro
935 2332 1030 2373 rerum
1050 2314 1136 2373 modo
1156 2313 1307 2373 adhibetur

308 2403 411 2462 sicut
402 2421 432 2460 m
454 2401 573 2460 musice
617 2399 747 2475 Namque
771 2407 800 2457 et
820 2416 896 2458 voce
920 2407 949 2457 et
971 2397 1166 2458 modulatione
1187 2398 1348 2475 grandiatt

308 2487 395 2561 elate,
414 2485 537 2544 iucunda
554 2483 694 2558 dulciter,
716 2483 866 2543 moderata
883 2483 988 2542 leniter
1005 2484 1091 2558 canit,
1110 2492 1229 2561 totaque
1244 2491 1306 2542 arte

308 2570 454 2631 consentit
489 2587 553 2628 cum
585 2585 684 2627 eorum
712 2585 786 2645 quae
809 2568 940 2627 dicuutur
962 2527 1125 2626 affectiblus.
1168 2567 1258 2645 Atqui
1280 2559 1348 2624 inat

307 2654 418 2714 orando
441 2670 557 2735 quoque
578 2653 698 2711 intentio
720 2653 819 2726 vocis,
841 2653 991 2726 remissio,
1014 2652 1108 2711 flexus
1124 2653 1250 2730 pertinet
1272 2649 1308 2709 ad

305 2739 467 2799 movendos
482 2737 654 2796 audientium
669 2736 802 2811 affectus,
819 2735 933 2814 aliaque
948 2745 977 2795 et
992 2736 1195 2795 collocationis
1213 2744 1242 2794 et
1255 2751 1307 2794 vo·

306 2825 348 2884 cis
374 2823 423 2900 (ut
445 2822 548 2881 eodem
567 2829 632 2880 utar
652 2819 760 2899 verbo)
784 2819 980 2881 modulatione
998 2821 1220 2880 concitationem
1236 2819 1306 2878 iudi·

306 2909 360 2981 cis,
386 2905 442 2966 alia
464 2904 690 2965 misericordiam
711 2905 848 2982 petimus:
866 2923 930 2964 cum
948 2905 1034 2998 etiam
1053 2905 1181 2981 organis,
1204 2903 1307 2982 quibus

304 3008 405 3051 sermo
428 2990 549 3068 exprimi
569 3006 626 3048 uon
648 2997 764 3067 potest,
789 2988 857 3048 duci
878 2979 1003 3048 animos
1010 2990 1039 3046 in
1062 2989 1206 3048 diversum
1227 2986 1306 3046 habi·

305 3084 366 3134 tum
385 3076 552 3133 sentiamus.
597 3070 779 3151 Corporis
800 3089 916 3150 quoque
935 3082 1016 3133 actus
1035 3082 1064 3132 et
1080 3072 1189 3132 decens
1202 3071 1350 3144 motus‚26

307 3160 356 3239 qui
377 3159 483 3219 dicitur
505 3148 668 3237 εὐρυθμία,
700 3165 729 3216 et
751 3165 796 3216 cst
823 3158 1007 3217 necessarius
1031 3171 1088 3218 nec
1109 3156 1225 3216 aliunde
1246 3156 1308 3233 peti

306 3252 416 3322 potest
438 3245 467 3301 in
488 3259 545 3321 quo
569 3259 636 3320 pars
659 3242 780 3302 actionis
802 3258 861 3300 uon
882 3242 996 3301 minima
1019 3242 1164 3308 consistit;
1194 3238 1308 3319 quade

306 3346 339 3386 re
360 3328 509 3405 sepositus
531 3326 614 3385 nobis
638 3334 683 3384 est
705 3325 797 3384 locus.
842 3326 926 3402 Age,
951 3343 1010 3384 uon
1032 3325 1150 3385 habebit
1172 3325 1350 3403 imprimistl

306 3428 405 3471 curam
431 3412 514 3470 vocis
543 3406 663 3494 orator?
707 3408 782 3482 Quid
804 3418 861 3469 tam
889 3411 1014 3469 musices
1036 3405 1206 3488 proprium?
1249 3408 1308 3468 Sed

304 3513 343 3559 uo
364 3495 440 3555 luaec
463 3494 578 3572 quidem
598 3492 808 3572 praesumenda
830 3512 899 3572 pars
921 3503 976 3553 est.
1020 3494 1084 3553 Uno
1104 3495 1216 3552 interim
1238 3511 1306 3552 con·

303 3581 378 3639 tenti
402 3581 490 3638 simus
514 3578 649 3656 exemplo
672 3574 705 3636 G.
730 3577 873 3652 Graccbi‚-
887 3579 1037 3656 praecipui
1059 3596 1176 3638 suorum
1197 3587 1306 3654 tempo·

304 3682 368 3723 rum
391 3663 532 3738 oratoris,
556 3663 602 3722 oui
623 3663 802 3733 contionanti
827 3664 990 3724 consistens
1011 3674 1080 3741 post
1097 3680 1162 3722 eum
1182 3662 1307 3719 musicus

304 3747 418 3822 fistula,
443 3760 526 3824 quam
548 3749 688 3810 nocuos
709 3755 833 3825 uocant,
855 3747 975 3824 modos,
998 3748 1100 3827 quibus
1124 3745 1246 3805 deberet
1266 3744 1307 3802 in·

348 3852 379 3893 u.
400 3852 424 3889 r.
448 3851 560 3899 cuturn.
