3184 4409
584 384 1026 461 msu.onsnon.n1s.‘v11‚4.
1256 384 1296 444 27

246 560 254 607 ἑ·
299 547 347 606 rei
361 532 424 605 κατ’
439 538 610 621 ἀντίληψιν,
633 546 668 604 ad
685 547 862 607 intellectum
879 549 907 608 id
923 566 1027 608 nomen
1040 551 1212 609 referentes.
1246 552 1297 612 La·

246 630 257 691 '·.
301 632 364 690 tine
387 627 422 689 ad
439 628 558 687 verbum
573 630 736 689 translatam
756 649 812 689 non
829 633 958 700 invenio;
980 633 1150 693 absoluta
1168 636 1296 712 appella·

301 724 360 773 tur.
406 713 465 772 Sed
481 712 554 771 enim
569 713 604 771 de
620 731 652 772 re
668 715 731 772 sola
747 718 894 792 quaestio,
913 718 987 775 iusta
1003 719 1039 775 sit
1055 736 1089 776 ea
1107 737 1207 777 necne.
1252 719 1324 780 lu·5

302 807 379 857 stum
396 813 480 855 omne
495 798 655 855 continetur
668 807 768 857 natura
782 799 831 857 vel
847 802 1063 869 constitutione;
1084 810 1199 877 natura,
1221 803 1297 879 quod

303 881 461 941 secundum
477 882 614 956 cuiusque
631 883 673 939 rei
689 882 862 957 dignitatem.
905 884 976 942 Hinc
996 893 1060 943 suut
1081 887 1189 962 pietas,
1214 886 1326 960 fides,6

305 965 481 1024 continentia
498 973 526 1021 et
541 963 617 1023 talia.
651 964 796 1025 Adliciunt
811 976 839 1025 et
854 967 898 1042 id,
916 968 992 1045 quod
1008 970 1044 1027 sit
1058 987 1119 1046 par.
1152 969 1259 1027 Verum
1270 969 1298 1027 id

304 1067 363 1109 non
384 1056 493 1106 temere
513 1048 675 1107 intuendum
695 1058 748 1108 est.
793 1049 864 1108 Nam
880 1061 908 1109 et
926 1053 969 1109 vis
988 1061 1086 1111 contra
1109 1054 1164 1111 vim
1182 1061 1210 1110 et
1228 1052 1297 1110 talio

304 1132 375 1193 nihil
390 1131 497 1191 habent
517 1132 667 1192 adversum
683 1151 762 1208 enm,
784 1137 831 1210 qui
847 1137 926 1212 prior
945 1135 1031 1211 fecit,
1051 1137 1159 1203 iniusti;
1185 1145 1213 1193 et
1230 1153 1296 1210 non,

306 1217 439 1295 moniam
459 1233 506 1274 res
526 1233 610 1292 pares
628 1226 709 1292 sunt,
731 1219 814 1276 etiam
835 1218 923 1276 idest
941 1220 1058 1293 iustum,
1076 1220 1153 1296 quod
1168 1229 1296 1278 anteces-

306 1303 352 1359 sit.
389 1299 442 1358 llla
457 1301 588 1376 utrinque
605 1303 694 1374 iusta,
714 1300 814 1360 eadem
829 1300 892 1377 lex,
909 1303 1008 1361 eadem
1027 1304 1171 1371 condicio;
1191 1321 1225 1362 ac
1240 1304 1297 1361 lor·

306 1385 380 1443 sitan
399 1401 436 1442 nc
456 1385 510 1442 sint
529 1384 641 1461 quidem
660 1385 755 1462 paria,
780 1402 853 1463 quae
873 1386 931 1444 ulla
953 1396 1034 1463 parte
1054 1396 1118 1445 suut
1140 1386 1295 1446 dissimilia.

307 1465 479 1526 Constitutio
496 1476 540 1525 est
556 1469 585 1525 in
602 1468 686 1542 lege,
703 1485 801 1543 more,
818 1470 957 1543 iudicato,
977 1479 1072 1547 pacto.

390 1550 520 1610 Alterum
536 1559 580 1609 est
594 1550 770 1610 defensionis
785 1570 888 1628 genus,
905 1555 932 1610 in
948 1569 1003 1630 quc
1017 1554 1121 1612 lactum
1133 1572 1186 1631 per
1200 1572 1233 1612 se
1248 1555 1326 1612 imi

306 1633 457 1713 probabile
479 1637 630 1712 assumptis
653 1637 833 1695 extrinsecus
856 1637 968 1695 auxiliis
991 1646 1118 1706 tuemur;
1144 1639 1173 1697 id
1194 1645 1299 1695 vocant

246 1732 276 1799 ι
306 1709 372 1778 κατ’
395 1709 552 1778 ἀντίθεσιν.
602 1717 699 1778 Latine
723 1720 779 1778 hoc
801 1737 916 1797 quoque
939 1737 994 1778 non
1019 1722 1054 1781 ad
1073 1721 1190 1780 verbum
1207 1731 1297 1780 trans-

306 1803 417 1876 ferunt,
441 1804 664 1879 assumptiva
684 1805 757 1861 euim
781 1804 883 1862 dicitur
906 1821 1001 1862 cansa.
1052 1804 1084 1863 ln
1106 1822 1162 1883 quo
1187 1808 1326 1881 generess
1358 1827 1359 1832 ¹

305 1886 491 1945 fortissimum
507 1894 567 1960 est,
583 1887 607 1944 si
625 1887 731 1945 crimen
749 1904 835 1945 causa
849 1889 918 1946 iacti
935 1897 1061 1962 tuemur,
1079 1889 1172 1966 qualis
1189 1898 1233 1946 est
1248 1889 1297 1947 de·

305 1970 400 2029 lensio
417 1968 544 2044 Orestis,
569 1969 694 2044 Horatii,
715 1968 839 2028 Milonis.
876 1961 1073 2049 Ἀντὲγκλημα
1092 1973 1209 2045 dicitur,
1233 1973 1298 2049 quia

308 2055 399 2116 omnis
413 2062 513 2113 nostra
529 2053 660 2113 defensio
677 2063 788 2112 constat
804 2055 865 2112 eius
885 2056 1087 2129 accusatione,
1110 2057 1157 2133 qui
1172 2056 1297 2114 vindica·

306 2147 366 2196 tur:
392 2135 519 2198 Occisus
533 2146 578 2198 est
590 2138 646 2198 sed
660 2138 758 2209 lutro‚·
778 2147 960 2198 excoecatus
974 2140 1031 2199 ced
1046 2148 1162 2216 ruptor.
1202 2137 1255 2196 Est
1270 2143 1326 2196 et9

305 2221 356 2280 illa
377 2239 415 2280 ex
436 2223 530 2280 causis
553 2221 621 2280 lacti
642 2221 726 2280 ducta
747 2221 877 2280 defensio
900 2223 989 2299 priori
1012 2224 1170 2296 contraria,
1192 2224 1220 2280 in
1243 2238 1297 2298 qua

306 2322 402 2383 neque
417 2305 522 2364 iactum
537 2304 630 2383 ips'um
650 2323 703 2383 per
719 2323 768 2380 se,
793 2314 824 2364 ut
844 2307 872 2364 in
891 2305 1024 2364 absoluta
1040 2308 1225 2383 quaestione,
1248 2305 1297 2364 de-

305 2389 447 2464 fenditur,
467 2406 563 2466 neque
589 2406 626 2447 ex
652 2389 795 2448 contrario
813 2389 908 2465 iacto,
934 2389 986 2448 sed
1004 2408 1041 2448 ex
1061 2390 1156 2468 aliqua
1177 2390 1298 2448 utilitate

306 2482 353 2533 sut
378 2472 569 2550 reipublicae
590 2480 636 2532 aut
653 2472 793 2532 bominum
815 2473 965 2532 multorum
981 2482 1028 2532 aut
1044 2474 1128 2532 etiam
1143 2475 1233 2550 ipsius
1250 2473 1298 2532 ad·

304 2557 444 2631 versarii,
460 2573 659 2634 nonnunquam
675 2565 703 2614 et
717 2565 830 2632 nostra,
847 2558 872 2615 si
882 2556 967 2615 modo
982 2557 1009 2616 id
1026 2559 1094 2632 erit,
1114 2557 1189 2634 quod
1201 2557 1298 2615 lacere

305 2648 404 2699 nostra
422 2657 508 2700 causa
524 2641 568 2699 las
583 2641 633 2707 sit;
657 2641 733 2718 quod
749 2639 801 2699 sub
816 2642 941 2700 extrario
957 2650 1127 2700 accusatore
1142 2649 1171 2699 et
1186 2640 1298 2717 legibus

306 2733 412 2800 agente
428 2723 569 2801 prodesse
580 2741 721 2800 nunquam
733 2733 846 2802 potest,
864 2725 892 2782 in
905 2724 1070 2783 domesticis
1086 2724 1297 2802 disceptationi-

279 2866 281 2870 .
305 2806 359 2866 bus
375 2816 482 2884 potest.
525 2806 597 2866 Nam
613 2816 641 2866 et
656 2807 721 2865 liliis
736 2817 819 2885 pater
832 2809 860 2866 in
876 2808 979 2867 iudicio
995 2808 1181 2867 abdicationis
1197 2815 1226 2866 et
1240 2825 1297 2866 ma·
1309 2815 1342 2866 10

304 2892 377 2951 ritus
391 2892 491 2966 uxori,
508 2892 532 2949 si
549 2891 641 2950 malae
661 2893 838 2950 tractationis
855 2891 1052 2966 accusabitur,
1071 2901 1100 2952 et
1119 2893 1192 2970 patri
1213 2891 1299 2965 tilius,

305 2976 330 3032 si
346 2974 508 3050 dementiae
524 2987 611 3033 causa
629 2976 699 3049 erit,
715 2993 772 3033 non
789 2977 982 3036 inverecunde
1003 2977 1095 3051 dicet,
1115 2974 1231 3033 multum
1249 2991 1300 3032 sua

304 3058 482 3117 interfuisse.
526 3057 557 3117 ln
580 3075 636 3136 quo
659 3066 753 3117 tamen
775 3060 953 3121 incommoda
968 3061 1082 3119 vitantis
1099 3059 1202 3117 melior
1217 3076 1300 3136 quam

305 3141 457 3201 commoda
482 3144 606 3220 petentis
627 3150 672 3201 est
698 3159 793 3201 causa.
837 3142 946 3215 Quibus
965 3144 1066 3203 similia
1082 3145 1166 3201 etiam
1182 3143 1211 3200 in
1231 3151 1341 3202 vcrall

304 3243 403 3284 rerum
424 3228 593 3303 quaestione
617 3234 782 3289 tractantur.
827 3226 898 3285 Nam
922 3228 1040 3305 quaein
1062 3226 1170 3293 scholis
1188 3226 1312 3285 abdica·

303 3319 415 3383 torum,
438 3309 511 3368 baec
532 3311 560 3367 in
586 3309 651 3369 ioro
678 3309 918 3369 exheredatorum
943 3309 1144 3387 aparentibus
1171 3319 1200 3368 et
1226 3309 1301 3369 bona

304 3393 382 3471 apud
408 3391 607 3452 centumviros
627 3394 819 3471 repetentium
843 3395 915 3452 ratio
943 3403 1002 3461 est;
1035 3411 1108 3472 quae
1128 3394 1190 3453 illic
1209 3392 1301 3453 malae

305 3478 503 3550 tractationis,
526 3477 572 3536 hic
584 3478 627 3536 rei
642 3479 778 3552 uxoriae,
797 3495 860 3536 cum
876 3477 1036 3553 quaeritur,
1053 3480 1142 3536 utrius
1159 3479 1243 3556 culpa
1260 3477 1301 3536 di·

303 3563 429 3620 vortium
446 3561 551 3619 lactum
573 3562 622 3628 sit;
645 3578 719 3638 quae
739 3561 800 3620 illic
820 3560 998 3635 dementiae,
1019 3561 1066 3620 hic
1083 3561 1199 3639 petendi
1220 3577 1300 3620 cura·

304 3644 390 3704 toris.
434 3643 571 3704 subiacet
586 3645 699 3704 utilitati
714 3645 798 3704 etiam
815 3644 865 3704 illa
880 3643 1029 3722 defensio,
1050 3647 1075 3704 si
1097 3646 1178 3724 peius
1193 3643 1349 3718 aliquidau-
