3184 4409
600 476 690 529 nasu.
702 477 852 529 esdron.
862 479 931 528 cus.
942 479 974 545 v,
986 480 1030 532 11.
1247 468 1309 530 227

293 633 363 714 qui
377 651 427 695 me
441 632 531 695 seire
545 632 633 695 domo
647 635 795 713 coepisset
809 636 919 710 omis,
936 635 1080 697 boberem
1095 639 1264 709 actionem,-
1282 643 1311 702 si

306 720 362 798 quei
374 718 506 779 introire
518 716 738 797 prohibuisset,
759 736 822 779 non
836 719 1002 781 deberem?
1033 719 1189 781 Dissimilia
1203 725 1245 782 sic
1260 725 1309 783 de-

304 800 541 881 prehenduntnr,
562 798 649 876 Non,
667 803 711 876 si,
729 804 781 880 qui
791 806 1188 883 arpentumomneleqooit,
1210 809 1311 869 videti

303 893 407 965 potest
424 886 579 964 siquem
601 900 720 963 quoque
738 888 902 965 paeonium
923 889 1100 964 reliquisse:
1121 891 1192 950 ideo
1207 893 1308 967 etiem,

306 970 452 1071 quodem
464 971 499 1030 in
512 969 701 1045 omninibus,
723 972 796 1032 dori
809 971 942 1031 coluisse
956 973 1104 1031 ereditur.

393 1051 615 1131 Auuiopieu
636 1052 749 1130 quidam
770 1071 787 1113 a
808 1054 893 1113 simili
918 1064 1143 1133 separaverunt,
1172 1074 1226 1116 nos
1247 1069 1351 1124 semol

306 1135 469 1197 subiectam
489 1135 556 1195 hnic
575 1138 681 1212 generi
701 1147 844 1214 putamus.
893 1136 981 1213 Nam,
1003 1147 1034 1197 ut
1055 1157 1138 1196 unum
1156 1139 1191 1199 ad
1206 1140 1310 1201 decem

306 1223 348 1281 ita
363 1220 468 1280 decem
483 1219 519 1280 sd
535 1228 664 1295 centum,
686 1220 779 1280 simile
797 1230 878 1280 certe
894 1231 952 1289 est;
976 1231 1022 1297 et,
1040 1231 1071 1280 ut
1085 1222 1176 1281 hostis
1192 1226 1235 1282 sic
1250 1242 1308 1283 ma-

307 1304 355 1365 lus
369 1303 453 1364 civis.
484 1302 653 1381 Quanquam
668 1304 741 1364 haec
755 1305 876 1364 ulterius
889 1322 1005 1383 quoque
1021 1306 1184 1384 procedere
1197 1307 1307 1367 solent:

307 1390 337 1449 si
353 1389 455 1467 tssspis
475 1389 617 1449 dominos
637 1390 822 1449 consuetudo
844 1408 911 1449 eum
936 1408 1041 1464 servo,
1067 1392 1166 1468 turpis
1191 1392 1309 1452 domino

308 1490 380 1534 cun
392 1473 508 1534 ancillo
514 1493 528 1540 ‚·
548 1473 577 1532 si
592 1474 682 1532 mutis
698 1473 884 1533 animalibus
898 1473 967 1551 finis
981 1476 1135 1551 ooluptos,
1157 1474 1238 1535 idem
1255 1476 1307 1537 bo-

307 1557 392 1617 nim.
438 1553 490 1615 Gui
512 1556 554 1614 roi
576 1555 714 1615 facillime
735 1557 862 1615 occurrit
877 1575 915 1614 ex
930 1557 1114 1616 dissimilibus
1129 1568 1350 1634 argumenta-35

308 1642 366 1700 tio:
387 1635 456 1701 Non
470 1639 553 1700 idern
571 1647 617 1700 est
639 1641 791 1702 domium
806 1660 875 1701 eum
888 1642 1004 1702 oneillo
1020 1643 1133 1718 coisse,
1157 1644 1239 1719 qood
1254 1643 1308 1704 do-

309 1726 421 1785 minum
435 1742 505 1785 eum
518 1742 629 1794 seron,-
657 1743 733 1799 nec,
755 1726 783 1784 si
796 1726 888 1784 mutis
905 1724 977 1801 finis
990 1726 1146 1802 colsuptos,
1170 1729 1308 1787 rationo·

310 1808 390 1875 libus
408 1823 550 1886 quoqoe,·
578 1808 749 1885 quinimmo
770 1826 809 1868 ex
832 1807 992 1868 contrario:
1022 1805 1102 1880 Quia
1126 1811 1216 1871 mubs
1239 1813 1310 1873 ideo

309 1910 371 1954 eos
388 1893 601 1953 retimeutibus.

392 1973 586 2035 Adhibebitur
617 1976 799 2034 extrinsecus
829 1976 857 2034 in
888 1993 1002 2035 causam
1029 1984 1058 2035 et
1087 1980 1350 2042 auctoritas36

308 2058 391 2120 llaec
405 2060 500 2118 secuti
517 2056 662 2135 Graecos,
683 2058 817 2136 aquibus
836 2058 943 2141 κρίσεις
958 2061 1103 2134 dicuntur,
1125 2064 1243 2122 iudicio
1261 2072 1309 2121 aut

307 2145 513 2225 iaediootims
527 2152 649 2218 vocant,
669 2161 727 2202 non
746 2142 900 2220 dequibus
917 2161 955 2203 ex
972 2162 1058 2203 causa
1074 2144 1148 2204 dicta
1167 2147 1308 2205 sententia

309 2236 372 2302 est,
393 2226 475 2305 (nam
497 2244 531 2286 ea
551 2227 666 2305 quidem
686 2229 714 2286 in
738 2227 936 2304 exemplorum
960 2227 1055 2287 locum
1075 2229 1195 2306 cedunt)
1214 2229 1266 2287 sed
1284 2231 1308 2287 si

309 2311 379 2391 qnid
400 2312 440 2372 ito
459 2311 552 2369 visum
574 2310 723 2387 gentibus,
747 2311 880 2390 populis,
906 2311 1082 2389 sapientibus
1105 2313 1192 2387 viris,
1221 2312 1308 2371 elaris

308 2394 440 2471 civibm,
468 2394 627 2454 illustribus
648 2397 744 2472 poetis
764 2394 867 2454 reierri
888 2404 995 2473 potest.
1039 2394 1083 2455 Nc
1104 2395 1177 2455 haec
1195 2397 1350 2473 quidem37

307 2479 400 2556 vulgo
419 2478 496 2538 diota
512 2487 541 2537 et
557 2487 678 2556 recepta
693 2481 883 2556 persuasione
898 2480 1031 2557 populari
1047 2481 1108 2538 sine
1124 2498 1176 2538 usu
1192 2479 1306 2538 luerint.

309 2563 488 2624 Testimonia
499 2571 564 2621 sunt
576 2563 650 2621 enim
663 2563 871 2641 quodammodo
883 2563 931 2623 vel
943 2564 1106 2642 potentiora
1119 2565 1213 2637 etism,
1231 2561 1309 2641 quod

308 2664 367 2711 non
390 2648 487 2706 causis
505 2646 720 2706 accommodata
743 2647 797 2707 sed
817 2646 916 2706 liberis
933 2646 999 2707 odio
1016 2656 1045 2706 et
1061 2649 1153 2723 gratia
1168 2647 1308 2706 mentibus

311 2731 377 2791 ideo
391 2739 501 2790 tautum
517 2730 593 2789 dicta
609 2732 759 2809 iactaque,
783 2732 849 2809 quia
870 2741 918 2790 aut
934 2731 1136 2790 honestissima
1152 2740 1201 2790 aut
1216 2733 1308 2790 veris·

312 2815 379 2875 uma
396 2813 578 2875 videbantur.
609 2813 655 2873 An
669 2831 742 2874 vero
758 2833 805 2873 me
820 2814 856 2887 de
871 2815 1058 2874 incommodis
1072 2816 1149 2874 vitae
1165 2815 1351 2880 disseram-38

310 2906 367 2958 tem
386 2915 446 2957 non
469 2896 614 2957 adiuvabit
635 2915 732 2957 earum
751 2898 903 2976 persuasio
921 2901 1080 2974 nationum,
1103 2915 1177 2975 quae
1193 2897 1308 2957 fletibus

311 2992 411 3057 nams,
441 2982 550 3042 laetitia
571 2981 723 3041 defunctos
745 2980 979 3061 prosequuntur?
1021 2982 1079 3042 Aut
1100 2983 1124 3040 si
1146 2983 1308 3041 misericor-

311 3066 384 3127 diam
400 3064 607 3125 commendabo
623 3066 726 3142 iudici,
749 3066 819 3125 nilnil
834 3067 979 3144 proderit,
998 3067 1074 3144 quod
1090 3066 1309 3144 prudentissima

312 3151 413 3211 cintus
429 3149 647 3208 Atheniensium
661 3167 718 3208 non
734 3168 796 3210 eam
813 3166 866 3228 pro
882 3152 986 3210 affectu
1001 3151 1054 3209 scd
1069 3166 1122 3227 pro
1137 3150 1249 3207 numine
1261 3167 1308 3208 ao·

312 3230 412 3313 oepit?
439 3233 498 3294 lam
514 3233 563 3292 illa
579 3243 692 3310 septem
708 3242 866 3312 praecepta
882 3235 1051 3313 sapientium
1067 3249 1160 3291 nonne
1174 3233 1351 3310 quasdam39

311 3319 388 3377 vitae
405 3317 490 3394 leges
508 3314 723 3377 existimamus?
746 3318 777 3378 si
793 3335 908 3377 causam
923 3317 1057 3376 veneficii
1072 3317 1149 3376 dicat
1162 3316 1308 3376 adultera:

312 3418 367 3462 non
388 3400 426 3461 ll.
448 3399 566 3460 Catonis
587 3401 693 3461 iudicio
717 3403 846 3462 damnata
866 3402 1013 3475 videatur,
1043 3400 1090 3476 qui
1111 3400 1216 3460 nullam
1231 3400 1309 3460 adul·

243 3508 245 3515 ·
312 3493 403 3546 teram
424 3502 482 3544 nou
498 3485 618 3545 eandem
634 3503 700 3544 esse
716 3486 875 3545 veneficam
891 3481 983 3546 dixit?
1010 3482 1068 3543 lam
1084 3486 1232 3544 sententiis
1248 3486 1308 3561 qui·

314 3569 377 3628 dem
398 3579 550 3648 poetarum
570 3587 628 3630 non
647 3571 793 3629 umbones
817 3570 902 3629 modo
929 3576 994 3627 sunt
1016 3567 1143 3628 refertae
1166 3567 1219 3628 sed
1244 3567 1309 3627 libri

245 3722 249 3737 ι
314 3654 398 3713 stiam
418 3653 673 3732 philosophorum,
702 3656 750 3731 qui
772 3671 932 3732 quanquam
953 3652 1089 3712 inferiora
1112 3654 1204 3711 omnia
1226 3668 1308 3728 prae·

315 3738 406 3817 ceptis
422 3739 483 3798 suis
498 3754 533 3797 ao
548 3737 651 3797 litteris
666 3738 802 3816 credunt,
821 3748 957 3818 repetere
972 3746 1066 3798 umen
1080 3737 1280 3864 aqqtqritatem
1293 3751 1313 3793 a
