3184 4409
316 441 378 503 254
630 450 994 515 mnanonntrmum

318 627 382 670 com
395 605 613 669 Demosthenen
633 625 753 686 puerum
767 606 920 668 admodum
940 608 1082 669 oenones
1099 606 1305 690 pupularum

316 694 415 753 bnisse
431 693 612 753 manifestum
631 692 685 766 sit,
707 688 832 767 Calvus,
855 687 983 769 cucur,
1007 690 1115 754 Pollio
1130 692 1306 755 mulind

319 777 511 871 quaestoriam
532 793 631 836 ornnes
654 782 778 835 aetatem
800 774 969 852 monson·
991 775 1110 837 indicia
1134 778 1306 857 susem

318 846 517 940 praetextatos
540 862 638 937 egisse
653 859 792 937 quosdam
808 859 846 917 ιιι
865 857 1015 935 moinum,
1037 856 1172 923 Caesar
1186 860 1306 939 Augu

291 944 470 1006 aduodecnn
487 952 569 1004 natus
591 958 681 1003 annos
704 944 796 1002 aviam
810 956 865 1021 pro
883 944 990 1003 rostris
1010 942 1204 1007 laudaverit.
1235 942 1307 1007 leh

317 1029 384 1088 mibi
397 1029 511 1089 videtur
526 1026 639 1106 quidam
653 1027 805 1101 tenendus,
821 1032 852 1085 ιιι
866 1042 961 1106 nequo
972 1042 1199 1107 praepropere
1214 1027 1307 1090 deal*

317 1121 400 1191 gatar
416 1113 562 1172 immatura
578 1110 659 1169 frons
676 1119 723 1185 et,
747 1108 885 1188 quidquid
901 1118 947 1170 eat
961 1108 1032 1171 illntl
1052 1110 1161 1173 adbuc
1186 1112 1308 1187 acerh

318 1195 497 1276 proferatur:
513 1212 578 1254 narn
591 1194 657 1255 intle
669 1204 700 1253 et
713 1200 894 1272 contemptos
907 1194 1007 1273 operis
1019 1195 1216 1275 innascitur,
1232 1194 1309 1259 eth

319 1281 449 1341 (lamenta
463 1279 605 1339 iaciuntur
617 1278 830 1356 impudentiae
849 1284 895 1351 el,
914 1278 992 1356 qnod
1008 1287 1057 1339 est
1072 1278 1256 1361 ubicunqne
1173 1292 1310 1363 aqam

290 1365 554 1438 solemnissimum,
578 1363 729 1440 praevenit
742 1362 822 1421 viles
839 1361 952 1421 fidncia.
979 1360 1045 1421 Nec
1062 1380 1176 1425 rursu
1200 1364 1310 1427 ιιίΙιιιι

318 1448 384 1508 dum
400 1454 445 1506 est
456 1447 619 1506 tirocinium
632 1446 662 1505 iir
676 1454 871 1513 senectutem:
888 1462 953 1506 nans
964 1443 1076 1507 cotidie
1091 1456 1199 1509 metus
1216 1446 1311 1522 crecti,

318 1531 466 1609 maiusque
482 1531 512 1589 iit
527 1547 660 1609 semper,
682 1530 759 1608 quod
774 1529 997 1606 stremonius,
1021 1537 1069 1606 et,
1094 1530 1171 1593 dum
1188 1532 1312 1594 deliber

318 1632 391 1690 mus,
410 1614 523 1692 qnando
537 1614 730 1692 incipiendum
744 1614 791 1690 sit,
809 1613 940 1697 incipere
955 1614 1010 1673 ianr
1025 1629 1131 1674 serum
1150 1624 1213 1677 est.
1235 1616 1313 1693 Qut

318 1699 441 1758 lructnrn
468 1697 625 1757 studiorum
646 1699 767 1759 viridem
791 1705 822 1757 et
847 1680 941 1757 adbn'rc
961 1695 1079 1759 tlnlcenr
1107 1702 1216 1777 promi
1236 1700 1314 1771 Μ

320 1782 386 1842 dnm
409 1789 438 1841 et
458 1783 544 1841 venia
572 1791 601 1841 et
623 1799 693 1861 spes
714 1789 811 1842 estet
834 1789 952 1861 paratu
972 1781 1058 1842 lavor
1080 1790 1112 1843 et
1135 1784 1256 1847 andere
1274 1798 1315 1843 ιι

320 1865 462 1933 indecem
485 1873 530 1940 et
551 1867 575 1924 si
592 1865 660 1944 quid
675 1866 751 1926 desit
766 1866 868 1945 operi
892 1863 1131 1944 suppletam,
1161 1876 1214 1945 et,
1237 1868 1315 1947 siqu

292 1953 385 2008 isnnt
408 1948 483 2009 dicta
504 1949 686 2024 iuveniliter,
709 1966 763 2028 pro
786 1947 885 2009 indole
906 1949 1103 2027 accipiuntur:
1127 1960 1165 2011 ιιι
1180 1960 1261 2013 totu
1277 1948 1315 2011 illt

321 2030 472 2094 Ciceronis
486 2050 540 2110 pro
556 2032 764 2094 Sextollosoio
779 2032 877 2094 loono:
894 2029 977 2107 Ouid
990 2033 1070 2094 erim
1085 2041 1158 2097 tons
1174 2050 1316 2099 eom

321 2131 413 2195 qoam
433 2119 560 2197 spiritus
579 2118 671 2193 cinis,
700 2124 785 2178 torro
806 2118 949 2193 morosis,
978 2134 1069 2178 sacre
1087 2114 1314 2195 fluctum&

320 2203 392 2263 lituo
412 2203 537 2264 eiectis?
566 2201 648 2274 Quae
670 2219 733 2260 cum
750 2219 804 2261 sex
825 2209 855 2261 et
868 2200 969 2278 viginti
983 2209 1067 2260 natus
1089 2218 1193 2264 annos
1214 2200 1314 2265 sui

321 2285 494 2345 audientium
514 2279 690 2344 clamoribus
712 2285 834 2364 dixerit<
857 2283 1019 2345 defervisse
1034 2292 1180 2364 tempore
1197 2297 1229 2350 et
1249 2284 1314 2349 ιώ

322 2369 446 2447 liquata,
470 2371 525 2429 inm
548 2370 647 2428 senior
666 2369 743 2428 idem
764 2369 880 2428 fatetur.
909 2366 946 2429 lli
967 2368 1090 2429 bercnla
1111 2368 1314 2448 quamnim

322 2461 437 2512 secreta
459 2453 551 2513 studia
577 2453 764 2525 contulerint:
793 2460 954 2512 esttamen
975 2453 1112 2530 proprius
1129 2455 1254 2533 qnidam
1271 2449 1315 2515 id

322 2537 487 2614 profectus,
506 2537 562 2596 alia
579 2537 644 2613 lox,
666 2537 722 2596 alia
738 2537 801 2595 veri
815 2536 986 2597 discriminis
1001 2535 1110 2604 iacies;
1136 2534 1316 2620 plnsqne‚n'

295 2620 1318 2784 f,iiiiii„iiiiiililii'iitttibiitiittiliffll

324 2789 352 2845 in
374 2787 479 2847 iudicia
503 2797 660 2863 venerunt,
690 2798 719 2847 et
740 2789 834 2848 omnia
856 2788 916 2847 suis
937 2788 1205 2850 exercitationibus
1225 2786 1318 2851 sinitis

324 2871 499 2930 desiderant.
531 2870 570 2930 At
589 2872 650 2931 illic
671 2880 700 2931 et
720 2871 809 2931 index
828 2879 908 2931 tacet
927 2878 958 2935 et
977 2870 1169 2932 adversarius
1184 2870 1318 2951 compl

324 2964 354 3014 et
368 2955 437 3015 nihil
453 2964 563 3014 temere
580 2956 685 3015 dictum
699 2956 793 3032 perit,
811 2964 856 3030 ct,
872 2955 898 3014 si
913 2954 982 3034 quid
995 2954 1047 3015 tibi
1062 2972 1183 3033 sumas,
1201 2955 1317 3037 probo

324 3040 390 3098 dum
406 3048 460 3113 est
478 3048 507 3099 et
522 3039 681 3099 laboratam
697 3047 925 3138 congestamqne
941 3039 1051 3109 alierum
1066 3055 1103 3100 ac
1116 3043 1253 3103 noetio·
1268 3047 1317 3101 ιιι·

325 3123 372 3182 dio
394 3126 536 3184 actionem
558 3141 631 3201 aqna
653 3123 768 3198 delicit,
796 3130 826 3182 et
846 3123 955 3183 omisso
976 3138 1080 3199 magna
1100 3140 1238 3203 semper
1236 3119 1318 3187 Η

324 3208 479 3266 tumorem
496 3206 665 3287 quibusdam
681 3206 776 3266 causis
793 3206 969 3286 loquendum
986 3215 1045 3275 esi;
1066 3205 1149 3285 qnod
1165 3207 1211 3270 illi
1226 3203 1318 3269 discril

297 3291 437 3351 ominime
455 3294 556 3352 sciunt.
586 3290 686 3369 ltaque
702 3290 857 3350 nonnullos
874 3291 1021 3379 reperias,
1045 3307 1094 3369 qur
1086 3289 1170 3351 sibi
1186 3292 1317 3373 eloqu

324 3375 416 3433 tiores
426 3374 587 3450 videantur
603 3393 687 3453 quarn
702 3383 732 3433 nt
745 3391 848 3434 causas
859 3372 954 3474 agant·
980 3371 1118 3434 ceterum
1129 3373 1227 3453 illum,
1242 3388 1317 3471 quan

325 3457 458 3516 iuvenem
466 3460 646 3556 'tenerisque
662 3458 755 3518 adhuc
769 3456 879 3517 viribus
896 3458 1034 3518 nitentem
1048 3457 1078 3517 ia
1093 3456 1192 3521 iorum
1207 3456 1316 3521 ‹ledui-

325 3558 402 3615 mus,
421 3543 473 3599 et
466 3543 594 3620 racipere
611 3561 693 3620 quarn
711 3543 834 3601 maxime
853 3541 933 3602 incili
948 3558 983 3602 ac
999 3540 1155 3602 lavonbili
1172 3560 1263 3605 eausa
1275 3557 1315 3601 re·

326 3624 390 3697 lim
414 3623 539 3684 ferarum
561 3635 591 3684 ut
612 3626 698 3686 catuli
718 3625 854 3685 molliore
873 3624 984 3705 pracda
1006 3625 1194 3704 saginatur,
1221 3634 1251 3689 et
1269 3636 1314 3685 aot

325 3709 424 3785 utique
449 3706 485 3767 ab
512 3708 570 3768 boc
596 3709 676 3769 initio
703 3710 871 3771 continuare
898 3726 1018 3789 operam
1037 3717 1068 3770 et
1089 3709 1214 3789 ingenio
1234 3709 1315 3773 eoin
