3184 4409
349 495 410 558 202
498 579 502 589 μ
620 505 1017 567 'uunmnumunmm

349 662 546 737 controversa,
563 661 644 721 locus
660 681 727 721 esse
745 680 802 722 non
820 666 932 742 potest:
949 663 1011 720 sive
1026 659 1120 736 dubia,
1137 678 1194 721 non
1208 670 1274 722 sunt
1290 681 1334 725 ar-

348 747 480 824 gumenta
496 747 547 805 sed
562 748 625 824 ipsa
640 749 813 823 argumentis
829 755 925 823 egent.

319 841 338 894 3
431 830 598 890 Dividuntur
625 841 718 890 autern
742 833 771 889 in
797 830 848 890 has
876 830 944 889 duas
969 829 1074 907 primas
1101 830 1228 907 species,
1257 831 1334 908 quod

349 932 447 974 eorum
469 914 523 974 alia
544 924 623 989 sunt,
647 924 677 974 ut
693 915 766 989 dixi,
783 933 858 992 quae
880 914 1076 972 necessari
1084 931 1100 972 a
1121 923 1185 972 sunt
1201 931 1333 992 quaeque

349 999 432 1058 aliter
446 997 553 1058 habere
573 1017 606 1057 se
621 1016 678 1057 non
692 1007 828 1076 possunt,
850 1016 923 1076 quae
942 995 1044 1056 Graeci
1058 1005 1164 1055 vocant
1185 993 1333 1075 senoricus,

348 1077 439 1141 diurn
468 1086 584 1159 σημεῖα,
611 1099 685 1159 quae
708 1082 774 1141 mihi
794 1083 844 1140 vix
865 1083 1010 1160 pertinere
1031 1080 1066 1139 ad
1087 1090 1243 1158 praecepta
1265 1083 1333 1140 artis

347 1165 491 1233 videntur;
515 1178 578 1223 narn
600 1165 647 1223 ubi
673 1174 718 1225 est
740 1167 859 1242 signum·
872 1163 1043 1239 insolubile,
1061 1163 1100 1223 ihi
1116 1184 1153 1223 ne
1169 1165 1204 1224 lis
1220 1165 1333 1241 quidem

321 1259 403 1313 dest.
441 1249 472 1308 Id
495 1258 588 1308 autem
611 1249 730 1322 accidit,
755 1268 819 1309 cum
839 1249 905 1326 quid
925 1257 972 1307 aut
991 1265 1114 1306 necesse
1136 1257 1181 1306 εει
1208 1248 1271 1307 iieri
1293 1248 1356 1308 ia·.

349 1342 461 1392 otumve
486 1351 568 1407 esse,
592 1341 638 1391 aut
661 1335 773 1392 omnino
793 1350 851 1391 non
871 1330 1052 1410 potentiori
1066 1331 1113 1390 vei
1129 1349 1195 1391 esse
1211 1331 1332 1395 iactum:

348 1433 405 1494 quo
422 1419 450 1475 in
465 1418 559 1475 causis
575 1418 670 1494 posito
686 1434 742 1475 uon
762 1426 807 1475 est
824 1416 859 1475 iis
875 1416 951 1476 iacti.
986 1413 1050 1474 Hoc
1063 1433 1154 1491 genus
1171 1433 1225 1493 per
1241 1416 1333 1474 omnia

319 1509 477 1577 stempora
491 1500 630 1577 perpendi
647 1501 732 1560 solet.
765 1499 836 1559 Nam
851 1509 880 1558 ει
896 1502 991 1559 coisse
1007 1517 1069 1558 eam
1085 1518 1148 1559 curn
1161 1500 1243 1574 viro,
1260 1516 1334 1576 quae

347 1585 476 1662 peperit,
495 1583 570 1660 quod
587 1593 632 1642 est
646 1585 807 1662 praeteriti;
825 1593 853 1642 et
870 1583 972 1643 fluctus
988 1600 1070 1658 esse,
1094 1601 1157 1642 cum
1170 1600 1273 1659 magna
1290 1585 1333 1642 vis

346 1669 424 1726 venti
446 1669 474 1724 in
496 1684 573 1726 mare
588 1667 730 1742 incubuit,
748 1667 825 1745 quod
843 1669 1002 1735 coniuncti;
1019 1675 1124 1726 etcum
1141 1668 1230 1741 mori,
1252 1668 1334 1725 ouius

348 1767 399 1809 oor
414 1759 458 1808 est
473 1750 660 1826 vulneratum,
678 1751 754 1829 quod
769 1751 869 1826 futuri,
886 1769 1008 1810 necesse
1023 1760 1076 1810 εει.
1108 1750 1170 1810 Νεε
1185 1749 1248 1809 iieri
1268 1759 1333 1828 pot·

348 1843 408 1908 est,
425 1843 455 1892 ut
471 1832 508 1892 ibi
525 1837 627 1894 messis
644 1837 697 1911 sit,
717 1835 764 1894 ubi
780 1843 871 1894 satum
885 1852 942 1893 non
957 1843 1015 1903 est;
1032 1842 1062 1893 ut
1079 1836 1142 1912 quis
1158 1834 1267 1892 Romae
1285 1835 1332 1907 sit,

348 1935 411 1976 curn
426 1925 470 1976 εει
489 1917 622 1986 Athenis;
644 1928 675 1977 ut
695 1921 731 1978 sit
745 1918 825 1978 ierro
840 1919 1021 1993 vulneratus,
1044 1920 1091 1996 qui
1112 1920 1173 1977 sine
1196 1917 1333 1977 cicatrice

319 2008 401 2062 6est.
439 2001 497 2060 Sed
514 2003 651 2080 quaedam
666 2012 695 2062 et
715 2012 872 2063 retrorsum
892 2003 967 2062 idem
984 2003 1097 2078 valent,
1121 2011 1151 2061 ut
1164 2003 1265 2061 vivere
1281 2001 1332 2061 ho·

274 2123 276 2126 -
347 2087 448 2144 minem
466 2087 512 2162 qui
531 2088 634 2164 spirat,
658 2096 686 2146 ει
702 2089 813 2165 spirare
828 2089 876 2164 qui
892 2088 971 2145 vivit.
1009 2086 1154 2160 Quaedam
1173 2085 1201 2143 in
1218 2088 1331 2144 contra-

346 2171 417 2227 rium
432 2186 487 2227 non
503 2180 665 2238 recurrunt;
686 2189 741 2229 nec
761 2171 851 2247 enim,
876 2171 941 2249 quia
956 2179 1086 2229 movetur
1101 2170 1148 2248 qui
1162 2169 1331 2245 ingreditur,

315 2260 331 2314 7
345 2253 454 2312 idcirco
470 2254 516 2330 qui
531 2264 661 2313 movetur
675 2255 854 2330 ingreditur„
880 2254 976 2326 Quare
993 2262 1090 2331 potest
1112 2263 1140 2311 et
1156 2255 1252 2312 coisse
1268 2270 1331 2310 oum

345 2338 425 2411 viro,
443 2355 515 2414 quae
534 2354 590 2395 non
604 2341 731 2416 peperit;
748 2348 777 2396 et
794 2356 851 2397 non
866 2355 932 2397 esse
946 2346 1048 2396 ventus
1062 2339 1190 2411 inmari,
1208 2353 1270 2394 oum
1286 2343 1332 2393 εει

347 2418 463 2486 flnctus;
484 2438 579 2497 neque
602 2425 700 2500 utique
721 2440 772 2481 cor
794 2423 857 2480 eius
875 2422 1052 2481 vulneratum
1069 2439 1151 2495 esse,
1176 2421 1225 2498 qui
1244 2419 1329 2497 perit.

277 2501 282 2546 5
347 2502 391 2561 Ac
407 2503 535 2562 similiter
557 2514 647 2563 satum
667 2505 756 2564 iuisse
779 2514 894 2583 potest,
916 2504 964 2564 ubi
985 2522 1042 2563 non
1062 2504 1114 2563 iuit
1135 2502 1252 2570 messim
1275 2519 1332 2561 nec

346 2585 436 2644 fuisse
458 2585 582 2662 Rornae,
608 2590 655 2666 qui
677 2589 805 2647 nonfuit
826 2589 962 2656 Athenis;
983 2607 1038 2648 nec
1057 2588 1147 2648 iuisse
1171 2587 1251 2646 ierro
1268 2586 1330 2646 vul·

346 2677 472 2742 uenatus,
490 2672 537 2747 qui
551 2669 637 2730 habet
654 2673 825 2731 cicatricem.
1316 2702 1320 2708 ·
1350 2678 1358 2685 “

318 2757 336 2810 8
430 2750 495 2811 Alia
510 2762 573 2811 sunt
588 2757 669 2831 signa
685 2773 753 2814 non
770 2757 961 2816 necessari
968 2774 1002 2830 a,
1025 2774 1099 2834 quae
1115 2747 1211 2814 εἰκότα
1226 2753 1330 2814 Graeci

346 2844 466 2901 vocant;
493 2854 566 2913 quae
591 2840 700 2897 etiamsi
726 2838 761 2897 ad
783 2839 940 2899 tollendam
962 2838 1164 2899 dubitationem
1189 2837 1252 2895 sola
1272 2855 1331 2896 non

318 2919 504 2994 9suificiunt,
526 2929 619 2979 tamen
639 2923 732 2981 adiuta
754 2926 859 2982 ceteris
878 2923 1027 3001 plurimum
1042 2923 1148 2982 valent.
1185 2921 1329 2996 Signum

345 3011 466 3076 uocant,
490 3012 518 3062 ut
538 3004 610 3080 dixi,
635 3010 766 3082 σημεῖον,
795 3025 953 3085 quanquam
973 3007 1001 3066 id
1028 3007 1139 3084 quidam
1158 3004 1329 3064 indicium

347 3086 458 3163 quidam
473 3090 671 3164 vestigium
687 3092 912 3164 nominaverunt,
928 3109 981 3169 per
996 3091 1073 3167 quod
1088 3091 1143 3149 alia
1157 3106 1205 3147 res
1223 3088 1328 3146 intelli·

345 3172 432 3246 gitur,
449 3179 478 3229 ut
494 3189 547 3248 per
559 3175 723 3249 sanguinem
740 3174 855 3233 caedes.
883 3174 932 3249 At,
945 3175 1009 3251 quia
1026 3175 1142 3251 sanguis
1159 3171 1207 3230 vei
1224 3189 1262 3229 ex
1278 3172 1329 3231 ho·

345 3256 399 3312 stia
412 3259 590 3332 respersisse
606 3265 716 3316 vestem
732 3267 830 3334 potest
843 3257 891 3317 vel
908 3275 924 3316 ε
939 3256 1053 3316 naribus
1068 3257 1257 3336 produxisse:
1272 3273 1329 3313 non

345 3339 460 3414 utique,
485 3342 531 3415 qui
551 3351 662 3400 vestem
686 3351 830 3400 cruentam
850 3341 996 3414 habuerit,
1017 3341 1196 3401 homicidium
1213 3340 1327 3399 iecerit.

304 3420 403 3482 loSed
420 3432 450 3480 ut
467 3441 519 3500 per
537 3442 569 3482 se
586 3443 642 3483 non
663 3424 783 3484 sufficit:
808 3427 846 3485 ita
867 3425 972 3484 ceteris
993 3425 1153 3485 adiunctum
1172 3424 1329 3483 testimonii

347 3503 413 3562 loco
435 3505 561 3582 ducitur,
584 3511 607 3567 si
629 3511 773 3583 inimicus,
796 3510 821 3567 si
840 3511 960 3568 minatus
988 3518 1069 3584 ante,
1091 3511 1115 3567 si
1136 3508 1239 3567 eodem
1261 3507 1328 3566 ioco

345 3587 410 3655 init:
433 3589 533 3666 quibus
551 3593 660 3667 signum
677 3611 740 3652 curn
755 3595 895 3668 accessit,
911 3592 1016 3668 efficit,
1033 3602 1078 3668 ut,
1102 3609 1175 3670 quae
1192 3598 1328 3669 suspecta

303 3683 334 3734 ll
346 3681 441 3749 erant,
459 3681 536 3732 certa
552 3676 709 3735 videantur.
746 3675 864 3754 Alioqui
880 3685 944 3735 sunt
959 3676 1097 3753 quiaedam
1113 3677 1196 3752 signa
1214 3674 1327 3749 utrique

333 3760 417 3832 parti
434 3760 607 3838 communia,
636 3769 666 3820 ut
687 3761 811 3838 livores,
841 3768 967 3820 tumores
992 3759 1075 3839 (nam
1094 3759 1186 3822 videri
1207 3765 1328 3838 possunt
