3184 4409
585 499 675 549 ntsu.
689 498 838 548 onnuon,
850 501 919 556 urs.
930 501 968 566 11,
979 497 1005 550 o.
1247 488 1287 548 tt

306 655 383 709 'AN'
398 653 606 707 SECUNDUM
620 652 684 704 SUI
703 650 872 713 QUISQUE
891 654 1047 705 INGENII
1064 654 1254 707 NATURAM

393 742 395 744 ’
647 737 851 788 DOOENDUS
868 737 936 790 SIT.

378 833 455 894 VIII.
495 835 594 894 Virtus
620 826 833 914 praeceptoris
847 833 948 894 haberi
973 835 1051 893 solet
1070 852 1125 894 nec
1146 836 1286 895 immerito

292 919 453 996 ,diligenter
474 915 506 977 in'
524 918 586 993 his,
613 919 886 996 quos.erudieudos
909 919 1090 996 susceperit,
1113 927 1214 978 notare
1233 920 1286 979 di·

295 1002 475 1062 scrimina
496 1004 730 1078 Ingeniorum
756 1011 801 1079 et,
819 1019 876 1081 quo
893 1020 1035 1080 quemque
1051 1011 1149 1062 natura
1165 1004 1287 1062 maxime

295 1088 385 1161 ierat,
412 1087 498 1144 scire.
531 1085 603 1144 Nam
621 1095 666 1144 est
686 1087 714 1145 iu
729 1086 785 1146 hoo
806 1084 983 1145 incredibilis
999 1086 1139 1162 quaedam
1159 1089 1287 1147 varietas

294 1188 350 1229 nec
379 1170 534 1247 pauciores
563 1169 719 1228 animorum
749 1187 843 1248 paene
869 1187 952 1248 quam
982 1186 1136 1247 corporum
1164 1170 1284 1230 formae.

296 1254 381 1328 Quod
399 1252 520 1329 intelligi
537 1255 621 1312 etiam
641 1271 679 1312 ex
694 1255 764 1331 ipsis
786 1252 950 1312 oratoribus
971 1263 1084 1331 potest,
1109 1255 1157 1332 qui
1179 1263 1311 1315 tantumt

295 1339 370 1396 inter
392 1354 426 1394 se
444 1337 549 1396 distant
570 1355 681 1413 genere
702 1337 834 1413 dicendi,
855 1344 885 1395 ut
906 1353 990 1394 nemo
1008 1339 1051 1395 'sit
1072 1337 1155 1396 alteri
1175 1338 1285 1413 similis,

296 1421 426 1500 quamvis
446 1420 560 1497 plurimi
583 1438 615 1479 se
639 1421 674 1480 ad
699 1438 798 1481 eorum
821 1437 895 1498 quos
918 1420 1078 1498 probabant
1102 1422 1286 1480 Imitationem

296 1505 521 1582 composuerint.
548 1503 626 1564 Utile
642 1505 746 1564 deinde
762 1505 910 1583 plerisque
924 1506 1016 1564 visum
1032 1514 1077 1563 est
1092 1505 1130 1564 ita
1142 1523 1310 1583 quemque3

295 1589 461 1661 instituere,
485 1596 515 1646 ιιι
530 1589 647 1666 propria
663 1598 780 1648 naturae
800 1588 876 1647 bona
892 1589 1031 1649 doctrina*
1043 1589 1192 1666 foverent,
1213 1590 1286 1648 etin

295 1673 322 1732 id
345 1672 525 1750 potissimum
543 1673 675 1748 ingenia,
699 1690 756 1752 quo
778 1673 947 1747 tenderent,
970 1673 1185 1742 adiuvarentur;
1209 1682 1240 1732 nt
1261 1674 1286 1731 si
1309 1704 1311 1706 v

296 1758 359 1835 quis
375 1755 540 1833 palaestrae
564 1757 691 1835 peritus,
718 1757 825 1814 cumin
847 1756 964 1834 aliquod
981 1757 1096 1835 plenum
1120 1757 1218 1835 pueris
1233 1775 1285 1834 gy-

295 1841 433 1899 mnasium
447 1840 576 1915 venerit,
603 1848 740 1918 expertus
758 1856 858 1899 eorum
884 1840 1069 1900 omnimodo
1095 1858 1201 1919 corpus
1227 1842 1285 1900 ani-

295 1941 428 2001 mumque
447 1923 608 1998 discernat,
630 1925 675 1982 cui
695 1925 818 2002 quisque
834 1925 981 1983 certamini
998 1925 1212 2002 praeparandus
1231 1927 1283 1983 sit:

294 2011 333 2067 ita
360 2015 583 2085 praeceptorem
606 2007 809 2086 eloquentiae,
838 2025 901 2065 cum
926 2009 1072 2083 sagaciter
1095 2008 1181 2067 inerit
1202 2011 1309 2068 intui-l

294 2101 361 2167 tus,
382 2091 462 2149 cuius
478 2091 622 2167 ingenium
637 2107 741 2170 presso
757 2090 913 2169 limatoque
929 2108 1038 2166 genere
1054 2091 1184 2166 dicendi,
1205 2093 1284 2150 cuius

294 2175 373 2249 aori,
400 2174 500 2250 gravi,
527 2175 622 2250 dulci,
650 2190 774 2252 aspero,
801 2175 909 2249 nitido,
936 2173 1045 2232 urbano
1068 2177 1190 2233 maxime
1215 2194 1284 2250 gau·

294 2259 379 2333 deat,
404 2258 442 2316 ita
464 2275 497 2316 se
521 2258 764 2318 commodaturum
787 2257 925 2334 singulis,
955 2259 1035 2315 utin
1058 2274 1113 2333 eo,
1135 2275 1192 2335 quo
1209 2260 1284 2336 quis·

294 2360 352 2420 que
369 2343 491 2417 emiuet,
518 2342 710 2419 provehatur;
735 2341 812 2420 quod
830 2350 858 2400 et
882 2341 977 2401 adiuta
995 2359 1063 2400 cura
1078 2351 1180 2417 natura
1193 2343 1308 2418 magist

294 2425 462 2500 evalescat,
485 2433 531 2500 et,
548 2427 639 2504 quiin
654 2427 768 2486 diversa
784 2424 922 2501 ducatur,
938 2443 1034 2504 neque
1050 2426 1078 2484 iu
1095 2426 1157 2500 his,
1182 2425 1284 2504 quihus

293 2511 387 2568 minus
409 2516 491 2585 aptus
512 2518 572 2585 est,
595 2511 664 2592 satis
686 2510 779 2587 possit
801 2509 920 2569 efficere
944 2518 973 2568 et
994 2527 1046 2585 ea,
1069 2511 1098 2568 iu
1113 2527 1187 2588 quae
1202 2518 1284 2568 natus

293 2593 428 2667 videtur,
451 2592 613 2653 deserendo
630 2594 717 2653 iaciat
732 2593 895 2652 infirmiora.

380 2674 465 2748 Quod
479 2676 545 2736 milri
568 2677 675 2755 (libera
692 2677 765 2736 enim
780 2677 829 2737 vel
847 2685 947 2736 contra
969 2685 1104 2755 receptas
1119 2678 1309 2754 persuasio-6

292 2778 347 2819 nes
364 2760 504 2819 rationem
521 2761 653 2840 sequenti
670 2761 812 2820 sententia
828 2763 888 2840 est)
905 2761 933 2819 in
949 2769 1031 2839 parte
1046 2779 1145 2819 verum
1161 2761 1284 2819 videtur.

293 2843 366 2904 Nam
390 2846 583 2921 proprietates
599 2846 777 2922 ingeniorum
795 2843 939 2921 dispicere
955 2860 1073 2922 prorsus
1091 2846 1285 2903 necessarium

294 2936 350 2987 est.
385 2925 417 2985 ln
432 2927 475 2986 his
491 2945 608 3007 quoque
622 2937 731 2988 certum
748 2928 905 2987 studiorum
920 2929 1020 2987 lacere
1039 2927 1182 2987 delectum
1199 2936 1306 2992 nemot

295 3012 478 3072 dissuaserit.
508 3011 638 3090 Namque
654 3013 708 3071 erit
725 3011 797 3071 alius
814 3010 953 3071 historiae
968 3013 1059 3088 magis
1077 3013 1197 3071 idoneus
1213 3011 1285 3070 alius

294 3095 474 3172 compositus
496 3095 532 3155 ad
555 3114 670 3155 carmen
686 3096 758 3155 alius
779 3095 856 3154 utilis
879 3096 973 3155 studio
995 3097 1081 3170 iuris,
1108 3104 1138 3153 ut
1158 3094 1286 3154 nonnulli

293 3197 344 3238 rus
358 3177 484 3237 fortasse
500 3180 637 3239 mittendi.
674 3181 723 3239 Sic
746 3179 893 3239 discernet
915 3179 988 3239 haec
1004 3178 1123 3238 dicendi
1138 3180 1285 3254 magister,

294 3260 442 3341 quomodo
464 3262 655 3339 palaestricus
678 3263 729 3322 ille
748 3256 897 3321 cursorem
918 3263 1006 3322 faciet
1021 3271 1069 3321 aut
1091 3262 1218 3339 pugilem
1239 3270 1287 3320 aut

293 3345 467 3406 luctatorem
483 3345 598 3407 aliudve
615 3347 683 3425 quid
698 3365 737 3405 ex
751 3345 806 3421 his,
824 3364 897 3424 quae
912 3355 977 3404 sunt
990 3363 1136 3404 sacrorum
1154 3346 1284 3405 certami-

293 3448 371 3489 num.
404 3429 513 3489 Verum
530 3431 573 3506 el,
598 3433 645 3509 qui
661 3430 725 3491 loro
742 3429 946 3504 destinabitur,
964 3445 1022 3487 non
1037 3429 1065 3487 in
1077 3447 1160 3491 uuam
1176 3434 1310 3508 parteme

293 3513 420 3591 aliquam
435 3513 488 3572 sed
506 3514 534 3572 in
552 3517 661 3589 omnia,
686 3531 760 3594 quae
782 3522 847 3572 sunt
864 3514 925 3571 eius
946 3513 1063 3590 operis,
1087 3515 1171 3573 etiam
1190 3515 1285 3590 siqua

293 3596 460 3657 difficiliora
482 3595 605 3657 discenti
627 3597 817 3672 videbuntur,
844 3595 1050 3655 elaborandum
1072 3605 1126 3655 est.
1162 3597 1233 3656 Nam
1257 3604 1286 3654 et

292 3681 409 3740 omnino
425 3697 604 3757 supervacua
620 3690 682 3741 erat
698 3682 844 3754 doctrina,
861 3680 885 3738 si
900 3688 999 3739 natura
1013 3679 1171 3740 sufficeret.
1200 3679 1245 3737 dn
1260 3678 1310 3738 si9

292 3765 358 3845 quis
376 3764 493 3841 ingenio
517 3775 668 3846 corruptus
690 3783 725 3826 ac
739 3765 889 3843 tumidus,
911 3773 943 3826 ιιι
958 3763 1096 3847 plerique
1117 3772 1207 3840 sunt,
1220 3762 1295 3822 iudx-
