3184 4409
288 477 289 481 ¹
335 456 374 518 80
642 468 1005 529 u.ran.ounrr1c1sn1

333 632 438 682 motum
454 640 511 682 non
526 623 703 683 enuntiandis
719 623 771 683 sed
789 622 964 702 quaerendis
980 624 1077 683 verbis
1094 623 1324 684 accommodant.

306 707 470 772 5Nonnulli
486 717 565 767 certa
583 706 636 766 sibi
652 709 746 781 initia,
762 707 926 786 priusquam
949 726 1063 767 sensum
1081 709 1257 783 invenerint,
1275 706 1325 766 de-

334 793 453 864 stinant,
478 791 578 869 quibus
597 792 703 870 aliquid
726 791 825 850 diserti
846 791 1073 868 subiungendum
1094 793 1147 865 sit,
1167 809 1262 869 eaque
1278 791 1326 850 diu

334 893 432 934 secum
448 875 503 952 ipsi
519 876 656 953 clareque
672 875 799 934 meditati
818 877 972 953 desperata
985 876 1175 935 connectendi
1186 875 1325 934 facultate

335 958 471 1017 deserunt
487 969 516 1018 et
532 959 567 1018 ad
583 959 639 1018 alia
656 959 802 1036 deinceps.
812 968 898 1037 atque
915 958 980 1017 iude
997 959 1052 1019 alia
1068 976 1125 1018 non
1136 961 1227 1017 minus
1246 975 1324 1016 com·

306 1044 426 1106 omunia
454 1060 489 1102 ac
508 1051 575 1101 nota
600 1043 760 1101 devertunt.
806 1044 861 1115 Qui
890 1043 1038 1120 plurimum
1062 1043 1195 1102 videntur
1215 1041 1327 1101 lraberc

334 1127 461 1200 rationis,
478 1144 534 1184 non
550 1129 577 1184 in
593 1143 695 1185 causas
712 1135 807 1185 tamen
823 1125 953 1186 laborem
974 1145 1054 1184 suum
1069 1128 1122 1186 sed
1141 1129 1167 1185 in
1183 1127 1268 1186 locos
1285 1127 1325 1183 in·

242 1265 244 1271 ,
333 1211 468 1285 tendunt,
492 1219 578 1288 atquc
600 1211 628 1267 in
648 1210 691 1269 his
714 1227 771 1268 non
793 1212 910 1287 corpori
930 1212 1110 1288 prospiciunt
1130 1210 1183 1269 sed
1203 1209 1326 1287 abrupta

306 1300 322 1355 7
336 1295 490 1372 quaedam,
513 1304 544 1352 ut
564 1294 639 1352 forte
655 1295 690 1352 ad
706 1312 818 1353 manum
833 1313 959 1368 venere,
984 1295 1151 1353 iaculantur.
1183 1293 1267 1353 Unde
1284 1294 1324 1366 lit,

334 1387 364 1436 ut
382 1377 521 1436 dissoluta
546 1386 575 1436 et
596 1396 633 1440 ex
654 1378 776 1436 diversis
805 1388 945 1454 congesta
968 1380 1061 1437 oratio
1085 1377 1245 1438 cohaerere
1269 1394 1326 1435 non

334 1463 427 1544 possit
450 1461 608 1538 similisque
632 1463 668 1519 sit
692 1479 847 1539 puerorum
868 1464 1098 1538 commentariis,
1128 1463 1156 1520 in
1180 1478 1255 1539 quos
1278 1479 1324 1533 ea,

335 1563 409 1623 quae
426 1545 489 1603 aliis
513 1545 739 1604 declamantibus
762 1545 877 1605 laudata
901 1555 984 1620 sunt,
1008 1554 1156 1622 regerunt.
1176 1590 1182 1619 2
1203 1543 1325 1622 Magnas

334 1637 428 1686 tamen
445 1629 601 1689 sententias
619 1638 647 1687 et
664 1648 712 1688 res
728 1629 837 1703 bonas,
863 1631 900 1688 ita
917 1632 991 1688 enim
1006 1630 1126 1705 gloriari
1140 1622 1255 1703 so‘lent,
1273 1628 1324 1686 eli·

335 1711 419 1777 dunt;
444 1729 506 1770 nam
532 1722 560 1771 et
584 1712 698 1771 barbari
714 1722 743 1771 et
759 1716 852 1780 servi;
869 1723 898 1772 et
915 1715 940 1771 si
957 1713 1013 1773 hoc
1028 1723 1072 1772 sat
1089 1721 1151 1787 est,
1176 1712 1254 1773 nulla
1280 1720 1325 1770 est

334 1796 407 1853 ratio
422 1796 544 1855 dicendi.

369 2019 371 2024 ἲ
413 1948 543 2006 QUnsstt
567 1948 770 1998 lNERUDITl
796 1949 1100 1999 INGENIOSIORES
1125 1947 1256 2000 VULGO

700 2033 946 2094 Hsssnnttrtta.

416 2129 479 2190 XII.
508 2129 553 2192 Ne
569 2131 625 2191 hoo
641 2134 754 2211 quidem
770 2134 948 2210 negaverim,
965 2135 1048 2210 sequi
1063 2132 1233 2210 plerumque
1252 2130 1324 2188 hanc

334 2216 507 2293 opinionem,
525 2225 555 2275 nt
571 2218 672 2275 lortius
689 2219 787 2278 dicere
805 2218 956 2277 videantur
971 2217 1094 2282 indocti;
1120 2217 1240 2293 primum
1255 2216 1324 2272 vitio

332 2299 406 2357 male
422 2300 619 2374 iudicantium,
637 2303 684 2378 qui
701 2304 839 2360 maiorem
856 2300 964 2360 habere
979 2301 1035 2358 vim
1052 2300 1171 2359 credunt
1186 2316 1231 2372 ca,
1249 2316 1324 2376 quae

332 2400 389 2441 non
401 2382 507 2442 habent
519 2393 618 2458 artem,
637 2393 666 2442 ut
680 2385 836 2461 effringere
849 2402 933 2463 quam
945 2385 1070 2461 aperire,
1088 2401 1222 2461 rumpere
1240 2399 1325 2460 quam

305 2465 467 2539 2solvere,
492 2465 606 2525 trahere
630 2486 713 2544 quam
738 2468 847 2528 ducere
875 2477 974 2545 putant
997 2466 1151 2527 robustius.
1197 2465 1270 2525 Nam
1296 2473 1325 2523 et

333 2549 485 2624 gladiator,
503 2551 550 2626 qui
567 2567 706 2609 armorum
724 2553 831 2610 inscius
846 2554 873 2611 in
889 2553 980 2610 rixam
995 2554 1061 2626 ruit,
1078 2561 1108 2610 et
1123 2551 1258 2622 luctator,
1277 2549 1324 2628 qui

334 2633 420 2691 totius
437 2634 567 2709 corporis
583 2635 646 2691 nisu
663 2636 690 2692 in
707 2636 745 2708 id,
764 2637 842 2714 quod
858 2636 948 2695 semel
965 2637 1084 2710 invasit,
1102 2633 1248 2707 incumbit,
1265 2633 1324 2692 ior·

333 2718 389 2775 tior
405 2715 439 2774 ab
456 2715 499 2775 his
515 2726 650 2784 vocatum
674 2738 737 2778 cum
753 2721 865 2779 interim
889 2729 918 2779 et
934 2720 980 2779 hic
997 2720 1166 2798 frequenter
1182 2719 1242 2776 suis
1257 2717 1323 2776 viri·

332 2800 385 2859 bus
403 2801 466 2876 ipse
482 2804 688 2878 prosternitur,
715 2812 747 2883 et
767 2803 847 2865 illurn
867 2804 1047 2863 vehementis
1068 2807 1192 2881 impetus
1215 2801 1325 2878 excipit

304 2883 489 2943 3adversarii
505 2885 599 2943 mollis
616 2887 762 2946 articulus.
795 2889 857 2947 Sed
873 2897 937 2946 sunt
952 2890 980 2947 in
995 2889 1049 2947 hac
1064 2896 1165 2965 parte,
1183 2903 1257 2965 quae
1273 2886 1323 2942 im·

332 2969 443 3045 peritos
462 2970 545 3027 etiam
562 2970 730 3030 naturaliter
744 2971 861 3038 lallant;
885 2990 949 3031 nam
966 2981 995 3031 et
1012 2973 1132 3046 divisio,
1157 2987 1221 3030 cum
1235 2967 1324 3046 pluri·

332 3070 406 3109 mum
421 3052 518 3111 valeat
534 3055 561 3112 iu
578 3055 682 3129 causis,
699 3057 829 3133 speciem
844 3058 945 3115 virium
962 3057 1070 3130 minuit,
1089 3063 1118 3114 et
1129 3055 1209 3114 rudia
1225 3052 1324 3130 politis

304 3136 440 3195 lmaiora
466 3146 495 3195 et
518 3156 619 3216 sparsa
650 3141 817 3216 compositis
839 3141 1039 3199 numerosiora
1062 3139 1224 3199 creduntur.
1271 3134 1326 3195 Est

332 3228 485 3296 praeterea
501 3223 641 3299 quaedam
655 3224 787 3283 virtutum
810 3226 1002 3304 vitiorumque
1019 3225 1140 3297 vicinia,
1164 3239 1220 3300 qua
1235 3219 1323 3278 male·

334 3302 414 3362 dicus
430 3321 483 3382 pro
499 3305 610 3380 libero,
635 3309 804 3367 temerarius
820 3326 874 3385 pro
892 3307 976 3382 lorti,
1003 3308 1110 3367 effusus
1127 3323 1180 3385 pro
1200 3305 1323 3382 copioso

334 3388 483 3465 accipitur.
530 3389 676 3450 lllaledicit
699 3401 792 3452 autem
816 3393 973 3454 ineruditus
998 3393 1125 3469 apertius
1153 3399 1182 3450 et
1205 3389 1323 3466 saepius

332 3470 381 3529 vel
405 3489 468 3530 cum
490 3475 620 3550 periculo
645 3479 774 3554 suscepti
798 3479 951 3555 litigatoris
969 3477 1139 3556 frequenter
1156 3475 1242 3533 etiam
1257 3488 1321 3532 suo.

304 3552 426 3615 adlicit
443 3564 472 3616 et
487 3557 539 3616 ista
556 3577 603 3618 res
619 3561 800 3638 opinionem,
825 3564 890 3640 quia
912 3561 1100 3622 libentissime
1121 3543 1262 3617 tomtned·
1274 3574 1322 3615 au-

333 3639 411 3699 diunt
427 3658 472 3714 ea,
492 3659 565 3718 quae
582 3643 680 3702 dicere
697 3645 750 3721 ipsi
766 3645 934 3707 noluissent.
965 3645 1039 3705 lllud
1056 3661 1171 3723 quoque
1188 3641 1320 3714 alterum,

333 3724 409 3801 quod
426 3734 470 3786 est
485 3726 513 3784 in
528 3727 692 3787 elocutione
709 3730 788 3808 ipsa,
805 3731 980 3809 periculum,
997 3731 1087 3788 minus
1102 3729 1173 3786 vitat
1189 3732 1320 3785 conatur·
