3184 4409
361 477 398 538 12
674 487 1033 549 m.ran.ourrrr1nrau1

358 647 394 706 de
409 648 519 724 gremio
541 655 569 705 et
590 640 705 705 discere
728 645 806 703 serio
823 644 949 720 incipiat.
980 642 1044 702 Hoc
1065 642 1152 718 igitur
1172 642 1345 719 potissimum

359 731 425 789 loco
438 730 583 790 tractanda
597 731 727 807 quaestio
741 735 796 802 est,
814 727 944 786 utilius
960 729 1010 786 sit
1025 727 1116 786 domi
1132 733 1242 803 atque
1257 729 1341 786 intra

359 816 525 891 privatos
556 814 725 892 parietes
749 811 960 870 studentem
987 812 1181 872 continere
1211 828 1251 870 an
1278 811 1340 870 irc·

319 941 321 945 ,
360 899 532 975 quentiae
567 897 776 956 scholarum
809 903 843 953 et
869 895 973 954 velut
997 893 1157 972 publicis
1194 911 1339 972 praece·

332 981 529 1059 aptoribus
548 982 706 1041 tradere.
742 977 827 1050 Quod
848 979 961 1055 quidem
977 996 1041 1037 oum
1057 979 1109 1052 iis,
1130 996 1146 1037 a
1165 977 1269 1056 quibus
1292 977 1338 1038 cla·

358 1067 531 1124 rissimarum
550 1066 693 1124 civitatum
708 1078 804 1121 mores
820 1071 884 1120 sunt
899 1064 1027 1136 instituti,
1047 1071 1105 1121 tum
1120 1061 1337 1121 eminentissimis

358 1149 522 1210 auctoribus
541 1150 627 1208 video
649 1148 806 1225 placuisse.
848 1144 913 1204 Non
929 1154 973 1204 est
994 1155 1088 1205 tamen
1108 1145 1337 1218 dissimulandum,

358 1250 424 1291 esse
441 1233 609 1307 nonnullos,
633 1234 680 1309 qui
697 1229 803 1290 abhoc
820 1247 913 1307 prope
927 1229 1046 1308 publico
1060 1246 1141 1288 more
1156 1231 1267 1307 privata
1282 1244 1337 1307 qne

360 1317 422 1375 dam
452 1319 640 1394 persuasione
665 1315 842 1374 dissentiant.
884 1313 919 1372 Hi
946 1313 1016 1372 duas
1041 1314 1198 1392 praecipue
1224 1315 1339 1373 rationes

360 1401 443 1477 sequi
463 1400 610 1459 videntur:
637 1417 734 1472 unam,
758 1397 835 1475 quod
859 1397 987 1456 moribus
1012 1400 1102 1473 magis
1129 1397 1281 1456 consulant
1305 1395 1339 1455 ln·

359 1485 464 1559 giendo
483 1482 594 1541 turbam
613 1483 754 1541 hominum
778 1483 839 1539 eius
858 1483 975 1555 aetatis,
999 1499 1072 1558 quae
1094 1483 1130 1541 sit
1152 1481 1188 1540 ad
1204 1481 1274 1540 vitia
1292 1495 1339 1539 ma·

359 1570 434 1625 xime
455 1584 563 1644 prona,
584 1567 657 1625 unde
681 1583 782 1625 causas
803 1567 925 1642 turpium
946 1565 1087 1624 laetorum
1108 1583 1198 1643 saepe
1219 1565 1341 1623 extitisse

358 1652 463 1710 utinam
478 1649 553 1709 falso
571 1652 740 1715 iactaretur;
759 1649 895 1722 alteram,
918 1649 1011 1726 quod,
1032 1650 1161 1726 quisquis
1180 1648 1291 1708 futuros
1305 1652 1342 1706 est

358 1735 409 1793 ille
424 1743 613 1812 praeceptor,
637 1733 783 1792 liberalius
799 1741 929 1809 tempora
945 1750 996 1791 sua
1010 1735 1189 1810 impensurus
1207 1732 1256 1791 uni
1271 1731 1342 1790 ride·

332 1825 419 1891 3tur,
442 1836 524 1896 quam
543 1819 567 1876 si
583 1819 683 1878 eadem
698 1818 725 1875 in
740 1816 839 1894 plures
855 1819 1003 1893 partiatur.
1033 1816 1114 1876 Prior
1129 1834 1217 1876 causa
1231 1827 1342 1894 prorsas

358 1903 465 1977 gravis.
502 1900 574 1960 Nam
595 1903 620 1960 si
644 1901 745 1960 studiis
771 1900 885 1977 quidem
913 1900 1030 1960 scholas
1054 1900 1197 1978 prodesse
1222 1899 1343 1959 moribus

358 1993 451 2044 autem
473 2003 581 2045 nocere
605 1992 765 2044 constaret:
790 1985 887 2062 potior
907 1984 974 2043 mibi
995 1985 1069 2044 ratio
1089 1984 1205 2044 vivendi
1227 1983 1344 2043 bonetto

359 2086 442 2145 quam
461 2069 508 2128 vel
530 2071 638 2147 optime
662 2068 773 2128 dicendi
795 2067 952 2126 videretur.
989 2067 1047 2127 Sed
1067 2086 1130 2127 mea
1154 2067 1344 2145 quidemsem

344 2155 445 2221 ,tentia
470 2156 564 2213 iuncta
584 2155 639 2213 ista
661 2162 746 2230 atque
769 2152 925 2211 indiscreta
950 2160 1025 2210 sunt.
1063 2151 1166 2230 Neque
1187 2154 1263 2210 eninr
1285 2166 1345 2222 esse

358 2247 502 2296 oratorem
524 2240 577 2297 nisi
599 2237 705 2297 bonum
724 2238 815 2295 virum
840 2236 953 2311 iudico,
983 2243 1012 2294 et
1038 2236 1101 2295 lieri
1123 2237 1234 2296 etiamsi
1253 2239 1346 2314 potest

357 2322 437 2380 uolo.
470 2321 514 2380 De
532 2322 586 2381 hac
603 2341 635 2380 re
651 2323 738 2397 igitur
756 2323 846 2399 prius.
1340 2343 1342 2348 ·

334 2412 352 2462 4
442 2402 591 2481 Corrumpi
606 2422 703 2463 mores
718 2405 747 2462 in
761 2403 870 2461 scholis
885 2411 996 2480 putant;
1013 2410 1118 2461 namet
1133 2409 1347 2480 corrumpuntur

360 2488 487 2561 interim,
512 2488 564 2545 sed
587 2488 662 2546 domi
683 2503 817 2563 quoque,
841 2493 870 2544 et
883 2494 951 2545 sunt
970 2487 1058 2546 multa
1073 2489 1134 2545 eius
1154 2486 1197 2544 rei
1217 2484 1348 2564 exempla

359 2578 415 2626 tam
435 2570 532 2628 laesae
552 2570 671 2629 hercule
688 2587 771 2647 quam
794 2579 984 2630 conservatae
1003 2573 1181 2630 sanctissime
1196 2569 1348 2648 utrobique

360 2654 512 2729 opinionis.
542 2653 648 2712 Natura
671 2655 810 2730 cuiusque
825 2660 915 2712 toturn
936 2671 1062 2732 curaque
1082 2656 1176 2715 distat.
1207 2653 1252 2713 Da
1272 2671 1347 2712 mem

358 2745 415 2794 tem
435 2737 469 2795 ad
489 2738 589 2814 peiora
604 2736 735 2812 facilem,
756 2738 791 2796 da
807 2737 1012 2814 negligentiam
1031 2739 1170 2798 formandi
1186 2737 1348 2797 custodien-

359 2821 445 2896 dique
467 2822 495 2879 in
516 2829 609 2879 aetata
632 2822 721 2899 prima
741 2820 877 2899 pudoris:
899 2838 956 2880 non
976 2823 1113 2880 minorem
1134 2822 1248 2899 llagitiis
1265 2838 1348 2881 occa·

358 2906 467 2962 sionem
485 2914 599 2963 secreta
620 2904 814 2983 praebuerint.
846 2904 918 2964 Nam
938 2914 967 2964 et
985 2914 1082 2984 potest
1104 2909 1194 2984 turpis
1210 2922 1279 2965 esse
1300 2904 1348 2964 do

357 2991 492 3046 mestieus
509 2988 558 3046 illo
574 2997 763 3066 praeceptor,
780 3007 835 3048 nec
849 2991 937 3048 tutior
952 2991 1026 3048 inter
1041 3007 1143 3049 servos
1157 2989 1250 3049 malos
1267 3005 1349 3066 quam

333 3071 497 3146 tingenuos
513 3090 610 3150 parum
625 3073 772 3132 modestos
789 3075 971 3132 conversatio
988 3083 1041 3132 est.
1069 3072 1108 3131 At
1123 3075 1148 3131 si
1164 3073 1240 3132 bona
1258 3074 1349 3151 ipsius

357 3155 486 3230 indoles,
507 3157 530 3215 si
551 3173 608 3215 non
630 3174 718 3216 caeca
738 3174 773 3215 ac
793 3158 888 3234 sopita
908 3167 1056 3234 parentum
1076 3156 1210 3216 socordia
1232 3164 1295 3216 est:
1322 3164 1349 3215 et

359 3249 580 3317 praeceptorem
594 3241 705 3317 eligere
722 3242 928 3299 sanctissimum
941 3259 1083 3318 quemque
1097 3241 1193 3317 (cuins
1208 3241 1251 3299 rei
1266 3257 1349 3317 prae

359 3323 442 3398 cipua
463 3324 649 3401 prudentibus
675 3341 742 3382 cura
769 3326 829 3401 est)
855 3332 884 3382 et
907 3325 1102 3402 disciplinam,
1133 3342 1206 3402 quae
1227 3325 1349 3383 maxime

358 3422 462 3464 severa
484 3407 586 3482 luerit,
613 3409 698 3481 licet,
728 3416 757 3466 et
777 3407 959 3467 nibilominus
980 3410 1099 3468 amicum
1119 3425 1238 3484 gravem
1259 3407 1349 3466 virum

358 3496 406 3546 aut
421 3489 536 3549 fidelem
551 3491 683 3550 libertum
699 3491 781 3550 lateri
798 3491 848 3549 filii
867 3492 911 3549 sui
927 3492 1100 3567 adiungere,
1123 3494 1202 3551 ouius
1218 3491 1349 3552 assiduus

359 3575 508 3632 comitatus
525 3577 608 3633 etiam
623 3576 690 3635 illos
705 3575 842 3634 meliores
857 3574 959 3649 iaciat,
983 3578 1030 3653 qui
1045 3575 1225 3634 timebuntur.

332 3663 354 3715 6
440 3656 538 3716 Facile
559 3667 620 3717 erat
640 3659 723 3717 huius
743 3666 835 3717 metus
857 3659 1022 3718 remedium.
1059 3659 1171 3719 Utinam
1193 3658 1349 3718 liberorum

356 3748 519 3800 nostrorum
533 3759 629 3802 mores
647 3759 703 3800 non
721 3743 776 3820 ipsi
792 3739 1004 3819 perderemus..
1019 3740 1167 3802 Infantiam
1187 3744 1284 3802 statim
1298 3741 1349 3803 de·
