<?xml version="1.0" encoding="UTF-8"?>
<!DOCTYPE html PUBLIC "-//W3C//DTD XHTML 1.0 Transitional//EN"
    "http://www.w3.org/TR/xhtml1/DTD/xhtml1-transitional.dtd">
<html xmlns="http://www.w3.org/1999/xhtml" xml:lang="en" lang="en">
 <head>
  <title>
</title>
<meta http-equiv="Content-Type" content="text/html;charset=utf-8" />
  <meta name='ocr-system' content='tesseract 3.04.00' />
  <meta name='ocr-capabilities' content='ocr_page ocr_carea ocr_par ocr_line ocrx_word'/>
</head>
<body>
  <div class='ocr_page' id='page_1' title='image "./mfabiiquintilia02quingoog_0203.png"; bbox 0 0 3184 4409; ppageno 0'>
   <div class='ocr_carea' id='block_1_1' title="bbox 533 458 1267 540">
    <p class='ocr_par' dir='ltr' id='par_1_1' title="bbox 533 458 1267 540">
     <span class='ocr_line' id='line_1_1' title="bbox 533 458 1267 540; baseline -0.005 -16"><span class='ocrx_word' id='word_1_1' title='bbox 533 472 622 524; x_wconf 79' lang='lat' dir='ltr'><strong>nasu.</strong></span> <span class='ocrx_word' id='word_1_2' title='bbox 638 472 787 522; x_wconf 81' lang='lat' dir='ltr'><strong>onauou.</strong></span> <span class='ocrx_word' id='word_1_3' title='bbox 805 473 874 520; x_wconf 82' lang='lat' dir='ltr'><strong>unu.</strong></span> <span class='ocrx_word' id='word_1_4' title='bbox 893 471 949 540; x_wconf 82' lang='lat' dir='ltr'><strong>ru,</strong></span> <span class='ocrx_word' id='word_1_5' title='bbox 962 468 989 521; x_wconf 80' lang='lat' dir='ltr'><strong>a.</strong></span> <span class='ocrx_word' id='word_1_6' title='bbox 1208 458 1267 520; x_wconf 81' lang='lat'><strong>175</strong></span> 
     </span>
    </p>
   </div>
   <div class='ocr_carea' id='block_1_2' title="bbox 267 621 1342 3805">
    <p class='ocr_par' dir='ltr' id='par_1_2' title="bbox 267 621 1342 3805">
     <span class='ocr_line' id='line_1_2' title="bbox 278 621 1266 706; baseline -0.007 -15"><span class='ocrx_word' id='word_1_7' title='bbox 278 626 351 704; x_wconf 81' lang='lat' dir='ltr'><strong>outo</strong></span> <span class='ocrx_word' id='word_1_8' title='bbox 367 621 462 706; x_wconf 78' lang='lat' dir='ltr'><strong>ergoi</strong></span> <span class='ocrx_word' id='word_1_9' title='bbox 478 628 579 688; x_wconf 90' lang='lat' dir='ltr'><strong>eadem</strong></span> <span class='ocrx_word' id='word_1_10' title='bbox 590 624 789 706; x_wconf 74' lang='lat' dir='ltr'><strong>exponemus?</strong></span> <span class='ocrx_word' id='word_1_11' title='bbox 810 627 841 687; x_wconf 88' lang='lat' dir='ltr'><strong>Si</strong></span> <span class='ocrx_word' id='word_1_12' title='bbox 856 627 893 687; x_wconf 82' lang='lat' dir='ltr'><strong>sle</strong></span> <span class='ocrx_word' id='word_1_13' title='bbox 910 625 1048 704; x_wconf 79' lang='lat' dir='ltr'><strong>qualitate</strong></span> <span class='ocrx_word' id='word_1_14' title='bbox 1064 625 1168 703; x_wconf 84' lang='lat' dir='ltr'><strong>agitur,</strong></span> <span class='ocrx_word' id='word_1_15' title='bbox 1185 625 1266 685; x_wconf 90' lang='lat' dir='ltr'><strong>enias</strong></span> 
     </span>
     <span class='ocr_line' id='line_1_3' title="bbox 276 709 1267 791; baseline -0.005 -18"><span class='ocrx_word' id='word_1_16' title='bbox 276 721 333 773; x_wconf 90' lang='lat' dir='ltr'><strong>tum</strong></span> <span class='ocrx_word' id='word_1_17' title='bbox 348 711 462 773; x_wconf 82' lang='lat' dir='ltr'><strong>demum</strong></span> <span class='ocrx_word' id='word_1_18' title='bbox 477 714 609 791; x_wconf 81' lang='lat' dir='ltr'><strong>quaestio</strong></span> <span class='ocrx_word' id='word_1_19' title='bbox 623 720 679 787; x_wconf 86' lang='lat' dir='ltr'><strong>est,</strong></span> <span class='ocrx_word' id='word_1_20' title='bbox 698 730 761 771; x_wconf 91' lang='lat' dir='ltr'><strong>cum</strong></span> <span class='ocrx_word' id='word_1_21' title='bbox 777 711 815 770; x_wconf 89' lang='lat' dir='ltr'><strong>de</strong></span> <span class='ocrx_word' id='word_1_22' title='bbox 829 728 862 770; x_wconf 91' lang='lat' dir='ltr'><strong>re</strong></span> <span class='ocrx_word' id='word_1_23' title='bbox 878 719 1007 785; x_wconf 88' lang='lat' dir='ltr'><strong>constat,</strong></span> <span class='ocrx_word' id='word_1_24' title='bbox 1024 710 1125 770; x_wconf 85' lang='lat' dir='ltr'><strong>eadem</strong></span> <span class='ocrx_word' id='word_1_25' title='bbox 1140 709 1193 769; x_wconf 89' lang='lat' dir='ltr'><strong>sed</strong></span> <span class='ocrx_word' id='word_1_26' title='bbox 1209 726 1267 768; x_wconf 93' lang='lat' dir='ltr'><strong>non</strong></span> 
     </span>
     <span class='ocr_line' id='line_1_4' title="bbox 277 794 1267 871; baseline -0.004 -14"><span class='ocrx_word' id='word_1_27' title='bbox 277 797 380 857; x_wconf 87' lang='lat' dir='ltr'><strong>eodem</strong></span> <span class='ocrx_word' id='word_1_28' title='bbox 399 795 500 864; x_wconf 91' lang='lat' dir='ltr'><strong>modo;</strong></span> <span class='ocrx_word' id='word_1_29' title='bbox 520 795 592 854; x_wconf 90' lang='lat' dir='ltr'><strong>alias</strong></span> <span class='ocrx_word' id='word_1_30' title='bbox 615 813 732 871; x_wconf 87' lang='lat' dir='ltr'><strong>causas,</strong></span> <span class='ocrx_word' id='word_1_31' title='bbox 757 795 841 854; x_wconf 92' lang='lat' dir='ltr'><strong>aliam</strong></span> <span class='ocrx_word' id='word_1_32' title='bbox 863 802 1001 868; x_wconf 86' lang='lat' dir='ltr'><strong>mentem,</strong></span> <span class='ocrx_word' id='word_1_33' title='bbox 1023 794 1107 852; x_wconf 92' lang='lat' dir='ltr'><strong>aliam</strong></span> <span class='ocrx_word' id='word_1_34' title='bbox 1127 794 1267 853; x_wconf 87' lang='lat' dir='ltr'><strong>rationem</strong></span> 
     </span>
     <span class='ocr_line' id='line_1_5' title="bbox 276 877 1308 957; baseline -0.004 -17"><span class='ocrx_word' id='word_1_35' title='bbox 276 879 362 940; x_wconf 82' lang='lat' dir='ltr'><strong>dabo.</strong></span> <span class='ocrx_word' id='word_1_36' title='bbox 397 878 503 938; x_wconf 88' lang='lat' dir='ltr'><strong>Verbis</strong></span> <span class='ocrx_word' id='word_1_37' title='bbox 518 878 635 938; x_wconf 86' lang='lat' dir='ltr'><strong>eleuare</strong></span> <span class='ocrx_word' id='word_1_38' title='bbox 651 879 790 957; x_wconf 84' lang='lat' dir='ltr'><strong>quaedam</strong></span> <span class='ocrx_word' id='word_1_39' title='bbox 810 877 923 942; x_wconf 80' lang='lat' dir='ltr'><strong>licebit:</strong></span> <span class='ocrx_word' id='word_1_40' title='bbox 946 877 1056 937; x_wconf 89' lang='lat' dir='ltr'><strong>luxuria</strong></span> <span class='ocrx_word' id='word_1_41' title='bbox 1073 877 1264 953; x_wconf 89' lang='lat' dir='ltr'><strong>liberalitatis,</strong></span> <span class='ocrx_word' id='word_1_42' title='bbox 1273 877 1308 937; x_wconf 82' lang='lat' dir='ltr'><strong>tt</strong></span> 
     </span>
     <span class='ocr_line' id='line_1_6' title="bbox 276 961 1266 1041; baseline -0.003 -18"><span class='ocrx_word' id='word_1_43' title='bbox 276 963 395 1023; x_wconf 85' lang='lat' dir='ltr'><strong>auaritia</strong></span> <span class='ocrx_word' id='word_1_44' title='bbox 413 963 621 1041; x_wconf 76' lang='lat' dir='ltr'><strong>parsimoniae,</strong></span> <span class='ocrx_word' id='word_1_45' title='bbox 639 963 818 1040; x_wconf 77' lang='lat' dir='ltr'><strong>negligentia</strong></span> <span class='ocrx_word' id='word_1_46' title='bbox 839 962 1028 1040; x_wconf 83' lang='lat' dir='ltr'><strong>simplicitatis</strong></span> <span class='ocrx_word' id='word_1_47' title='bbox 1047 963 1160 1020; x_wconf 90' lang='lat' dir='ltr'><strong>nomine</strong></span> <span class='ocrx_word' id='word_1_48' title='bbox 1176 961 1266 1020; x_wconf 92' lang='lat' dir='ltr'><strong>lenie-</strong></span> 
     </span>
     <span class='ocr_line' id='line_1_7' title="bbox 277 1044 1266 1124; baseline -0.001 -18"><span class='ocrx_word' id='word_1_49' title='bbox 277 1055 330 1106; x_wconf 88' lang='lat' dir='ltr'><strong>tur.</strong></span> <span class='ocrx_word' id='word_1_50' title='bbox 369 1045 458 1107; x_wconf 82' lang='lat' dir='ltr'><strong>Vultu</strong></span> <span class='ocrx_word' id='word_1_51' title='bbox 481 1045 619 1124; x_wconf 89' lang='lat' dir='ltr'><strong>deniqne,</strong></span> <span class='ocrx_word' id='word_1_52' title='bbox 641 1063 734 1121; x_wconf 85' lang='lat' dir='ltr'><strong>uoce,</strong></span> <span class='ocrx_word' id='word_1_53' title='bbox 762 1045 859 1105; x_wconf 89' lang='lat' dir='ltr'><strong>habitu</strong></span> <span class='ocrx_word' id='word_1_54' title='bbox 882 1045 931 1105; x_wconf 89' lang='lat' dir='ltr'><strong>vel</strong></span> <span class='ocrx_word' id='word_1_55' title='bbox 956 1046 1064 1105; x_wconf 83' lang='lat' dir='ltr'><strong>favoris</strong></span> <span class='ocrx_word' id='word_1_56' title='bbox 1091 1044 1198 1122; x_wconf 89' lang='lat' dir='ltr'><strong>aliquid</strong></span> <span class='ocrx_word' id='word_1_57' title='bbox 1217 1044 1266 1106; x_wconf 86' lang='lat' dir='ltr'><strong>vel</strong></span> 
     </span>
     <span class='ocr_line' id='line_1_8' title="bbox 275 1128 1266 1207; baseline -0.001 -19"><span class='ocrx_word' id='word_1_58' title='bbox 275 1130 467 1190; x_wconf 85' lang='lat' dir='ltr'><strong>miserationis</strong></span> <span class='ocrx_word' id='word_1_59' title='bbox 488 1130 632 1189; x_wconf 88' lang='lat' dir='ltr'><strong>merebor.</strong></span> <span class='ocrx_word' id='word_1_60' title='bbox 669 1129 752 1189; x_wconf 87' lang='lat' dir='ltr'><strong>Solet</strong></span> <span class='ocrx_word' id='word_1_61' title='bbox 774 1146 974 1207; x_wconf 89' lang='lat' dir='ltr'><strong>nonuunquam</strong></span> <span class='ocrx_word' id='word_1_62' title='bbox 994 1145 1112 1187; x_wconf 87' lang='lat' dir='ltr'><strong>movere</strong></span> <span class='ocrx_word' id='word_1_63' title='bbox 1131 1128 1266 1188; x_wconf 85' lang='lat' dir='ltr'><strong>lacrimas</strong></span> 
     </span>
     <span class='ocr_line' id='line_1_9' title="bbox 275 1211 1265 1291; baseline -0.001 -18"><span class='ocrx_word' id='word_1_64' title='bbox 275 1215 337 1291; x_wconf 90' lang='lat' dir='ltr'><strong>ipsa</strong></span> <span class='ocrx_word' id='word_1_65' title='bbox 354 1213 512 1273; x_wconf 82' lang='lat' dir='ltr'><strong>confessio.</strong></span> <span class='ocrx_word' id='word_1_66' title='bbox 543 1213 639 1290; x_wconf 80' lang='lat' dir='ltr'><strong>Atque</strong></span> <span class='ocrx_word' id='word_1_67' title='bbox 655 1230 712 1289; x_wconf 90' lang='lat' dir='ltr'><strong>ego</strong></span> <span class='ocrx_word' id='word_1_68' title='bbox 733 1211 858 1272; x_wconf 89' lang='lat' dir='ltr'><strong>libenter</strong></span> <span class='ocrx_word' id='word_1_69' title='bbox 873 1214 1064 1288; x_wconf 90' lang='lat' dir='ltr'><strong>interrogem,</strong></span> <span class='ocrx_word' id='word_1_70' title='bbox 1081 1214 1137 1271; x_wconf 90' lang='lat' dir='ltr'><strong>sint</strong></span> <span class='ocrx_word' id='word_1_71' title='bbox 1151 1212 1200 1270; x_wconf 87' lang='lat' dir='ltr'><strong>illa</strong></span> <span class='ocrx_word' id='word_1_72' title='bbox 1216 1213 1265 1272; x_wconf 91' lang='lat' dir='ltr'><strong>de·</strong></span> 
     </span>
     <span class='ocr_line' id='line_1_10' title="bbox 275 1293 1308 1374; baseline -0.006 -18"><span class='ocrx_word' id='word_1_73' title='bbox 275 1297 403 1372; x_wconf 87' lang='lat' dir='ltr'><strong>lensuri,</strong></span> <span class='ocrx_word' id='word_1_74' title='bbox 425 1313 499 1374; x_wconf 87' lang='lat' dir='ltr'><strong>quae</strong></span> <span class='ocrx_word' id='word_1_75' title='bbox 520 1314 578 1355; x_wconf 90' lang='lat' dir='ltr'><strong>non</strong></span> <span class='ocrx_word' id='word_1_76' title='bbox 596 1298 793 1372; x_wconf 87' lang='lat' dir='ltr'><strong>narraverint,</strong></span> <span class='ocrx_word' id='word_1_77' title='bbox 815 1293 929 1356; x_wconf 88' lang='lat' dir='ltr'><strong>necnel</strong></span> <span class='ocrx_word' id='word_1_78' title='bbox 962 1294 1034 1355; x_wconf 89' lang='lat' dir='ltr'><strong>Nam</strong></span> <span class='ocrx_word' id='word_1_79' title='bbox 1055 1297 1078 1354; x_wconf 90' lang='lat' dir='ltr'><strong>si</strong></span> <span class='ocrx_word' id='word_1_80' title='bbox 1100 1312 1194 1372; x_wconf 88' lang='lat' dir='ltr'><strong>neque</strong></span> <span class='ocrx_word' id='word_1_81' title='bbox 1214 1295 1308 1355; x_wconf 79' lang='lat' dir='ltr'><strong>ale-78</strong></span> 
     </span>
     <span class='ocr_line' id='line_1_11' title="bbox 275 1379 1265 1458; baseline -0.001 -18"><span class='ocrx_word' id='word_1_82' title='bbox 275 1380 419 1441; x_wconf 87' lang='lat' dir='ltr'><strong>leuderiut</strong></span> <span class='ocrx_word' id='word_1_83' title='bbox 440 1398 535 1458; x_wconf 89' lang='lat' dir='ltr'><strong>neque</strong></span> <span class='ocrx_word' id='word_1_84' title='bbox 556 1382 750 1456; x_wconf 82' lang='lat' dir='ltr'><strong>narraverint,</strong></span> <span class='ocrx_word' id='word_1_85' title='bbox 770 1389 831 1440; x_wconf 94' lang='lat' dir='ltr'><strong>tota</strong></span> <span class='ocrx_word' id='word_1_86' title='bbox 847 1397 933 1440; x_wconf 91' lang='lat' dir='ltr'><strong>cansa</strong></span> <span class='ocrx_word' id='word_1_87' title='bbox 948 1381 1101 1457; x_wconf 87' lang='lat' dir='ltr'><strong>prodetur;</strong></span> <span class='ocrx_word' id='word_1_88' title='bbox 1123 1389 1152 1439; x_wconf 89' lang='lat' dir='ltr'><strong>at</strong></span> <span class='ocrx_word' id='word_1_89' title='bbox 1170 1381 1194 1438; x_wconf 89' lang='lat' dir='ltr'><strong>si</strong></span> <span class='ocrx_word' id='word_1_90' title='bbox 1215 1379 1265 1440; x_wconf 85' lang='lat' dir='ltr'><strong>de·</strong></span> 
     </span>
     <span class='ocr_line' id='line_1_12' title="bbox 275 1463 1265 1543; baseline 0 -20"><span class='ocrx_word' id='word_1_91' title='bbox 275 1464 385 1524; x_wconf 88' lang='lat' dir='ltr'><strong>iensuri</strong></span> <span class='ocrx_word' id='word_1_92' title='bbox 399 1473 477 1524; x_wconf 91' lang='lat' dir='ltr'><strong>suut:</strong></span> <span class='ocrx_word' id='word_1_93' title='bbox 494 1481 660 1543; x_wconf 91' lang='lat' dir='ltr'><strong>proponere</strong></span> <span class='ocrx_word' id='word_1_94' title='bbox 676 1472 757 1524; x_wconf 90' lang='lat' dir='ltr'><strong>certe</strong></span> <span class='ocrx_word' id='word_1_95' title='bbox 772 1464 942 1542; x_wconf 87' lang='lat' dir='ltr'><strong>plerumque</strong></span> <span class='ocrx_word' id='word_1_96' title='bbox 957 1463 1001 1539; x_wconf 91' lang='lat' dir='ltr'><strong>id,</strong></span> <span class='ocrx_word' id='word_1_97' title='bbox 1024 1463 1101 1541; x_wconf 86' lang='lat' dir='ltr'><strong>quod</strong></span> <span class='ocrx_word' id='word_1_98' title='bbox 1117 1465 1265 1523; x_wconf 90' lang='lat' dir='ltr'><strong>conlirma·</strong></span> 
     </span>
     <span class='ocr_line' id='line_1_13' title="bbox 274 1545 1266 1627; baseline 0.001 -20"><span class='ocrx_word' id='word_1_99' title='bbox 274 1549 329 1609; x_wconf 92' lang='lat' dir='ltr'><strong>turi</strong></span> <span class='ocrx_word' id='word_1_100' title='bbox 358 1565 470 1624; x_wconf 89' lang='lat' dir='ltr'><strong>sumus,</strong></span> <span class='ocrx_word' id='word_1_101' title='bbox 497 1557 623 1626; x_wconf 89' lang='lat' dir='ltr'><strong>oportet.</strong></span> <span class='ocrx_word' id='word_1_102' title='bbox 666 1545 724 1607; x_wconf 80' lang='lat' dir='ltr'><strong>Gur</strong></span> <span class='ocrx_word' id='word_1_103' title='bbox 749 1565 822 1624; x_wconf 92' lang='lat' dir='ltr'><strong>ergo</strong></span> <span class='ocrx_word' id='word_1_104' title='bbox 843 1565 900 1607; x_wconf 93' lang='lat' dir='ltr'><strong>non</strong></span> <span class='ocrx_word' id='word_1_105' title='bbox 923 1565 1115 1625; x_wconf 86' lang='lat' dir='ltr'><strong>exponamus,</strong></span> <span class='ocrx_word' id='word_1_106' title='bbox 1138 1548 1215 1627; x_wconf 87' lang='lat' dir='ltr'><strong>qnod</strong></span> <span class='ocrx_word' id='word_1_107' title='bbox 1236 1556 1266 1608; x_wconf 90' lang='lat' dir='ltr'><strong>et</strong></span> 
     </span>
     <span class='ocr_line' id='line_1_14' title="bbox 274 1628 1265 1709; baseline -0.002 -17"><span class='ocrx_word' id='word_1_108' title='bbox 274 1631 344 1692; x_wconf 86' lang='lat' dir='ltr'><strong>dilui</strong></span> <span class='ocrx_word' id='word_1_109' title='bbox 364 1639 480 1709; x_wconf 89' lang='lat' dir='ltr'><strong>potest,</strong></span> <span class='ocrx_word' id='word_1_110' title='bbox 503 1641 549 1708; x_wconf 90' lang='lat' dir='ltr'><strong>et,</strong></span> <span class='ocrx_word' id='word_1_111' title='bbox 571 1640 603 1691; x_wconf 92' lang='lat' dir='ltr'><strong>ut</strong></span> <span class='ocrx_word' id='word_1_112' title='bbox 623 1630 681 1692; x_wconf 90' lang='lat' dir='ltr'><strong>boe</strong></span> <span class='ocrx_word' id='word_1_113' title='bbox 700 1633 863 1708; x_wconf 88' lang='lat' dir='ltr'><strong>contingat,</strong></span> <span class='ocrx_word' id='word_1_114' title='bbox 884 1633 982 1709; x_wconf 89' lang='lat' dir='ltr'><strong>utique</strong></span> <span class='ocrx_word' id='word_1_115' title='bbox 999 1632 1176 1692; x_wconf 90' lang='lat' dir='ltr'><strong>indicandum</strong></span> <span class='ocrx_word' id='word_1_116' title='bbox 1199 1628 1265 1691; x_wconf 87' lang='lat' dir='ltr'><strong>esti</strong></span> 
     </span>
     <span class='ocr_line' id='line_1_15' title="bbox 274 1713 1307 1794; baseline 0.004 -20"><span class='ocrx_word' id='word_1_117' title='bbox 274 1713 332 1774; x_wconf 73' lang='lat' dir='ltr'><strong>but</strong></span> <span class='ocrx_word' id='word_1_118' title='bbox 361 1715 428 1792; x_wconf 89' lang='lat' dir='ltr'><strong>quid</strong></span> <span class='ocrx_word' id='word_1_119' title='bbox 452 1716 527 1774; x_wconf 87' lang='lat' dir='ltr'><strong>inter</strong></span> <span class='ocrx_word' id='word_1_120' title='bbox 551 1714 751 1794; x_wconf 89' lang='lat' dir='ltr'><strong>probationem</strong></span> <span class='ocrx_word' id='word_1_121' title='bbox 776 1724 806 1774; x_wconf 92' lang='lat' dir='ltr'><strong>et</strong></span> <span class='ocrx_word' id='word_1_122' title='bbox 830 1717 1021 1775; x_wconf 89' lang='lat' dir='ltr'><strong>narrationem</strong></span> <span class='ocrx_word' id='word_1_123' title='bbox 1045 1718 1182 1790; x_wconf 87' lang='lat' dir='ltr'><strong>interest,</strong></span> <span class='ocrx_word' id='word_1_124' title='bbox 1211 1717 1307 1778; x_wconf 76' lang='lat' dir='ltr'><strong>niei79</strong></span> 
     </span>
     <span class='ocr_line' id='line_1_16' title="bbox 274 1798 1265 1878; baseline 0 -20"><span class='ocrx_word' id='word_1_125' title='bbox 274 1798 354 1876; x_wconf 88' lang='lat' dir='ltr'><strong>quod</strong></span> <span class='ocrx_word' id='word_1_126' title='bbox 378 1800 502 1858; x_wconf 90' lang='lat' dir='ltr'><strong>narratio</strong></span> <span class='ocrx_word' id='word_1_127' title='bbox 526 1808 571 1858; x_wconf 88' lang='lat' dir='ltr'><strong>eat</strong></span> <span class='ocrx_word' id='word_1_128' title='bbox 592 1799 771 1877; x_wconf 87' lang='lat' dir='ltr'><strong>probationis</strong></span> <span class='ocrx_word' id='word_1_129' title='bbox 797 1802 930 1860; x_wconf 92' lang='lat' dir='ltr'><strong>continua</strong></span> <span class='ocrx_word' id='word_1_130' title='bbox 956 1801 1137 1878; x_wconf 87' lang='lat' dir='ltr'><strong>propositio,</strong></span> <span class='ocrx_word' id='word_1_131' title='bbox 1166 1817 1265 1859; x_wconf 89' lang='lat' dir='ltr'><strong>rursus</strong></span> 
     </span>
     <span class='ocr_line' id='line_1_17' title="bbox 273 1880 1264 1960; baseline 0.001 -19"><span class='ocrx_word' id='word_1_132' title='bbox 273 1880 408 1960; x_wconf 89' lang='lat' dir='ltr'><strong>probatio</strong></span> <span class='ocrx_word' id='word_1_133' title='bbox 424 1884 578 1943; x_wconf 86' lang='lat' dir='ltr'><strong>narrationi</strong></span> <span class='ocrx_word' id='word_1_134' title='bbox 595 1900 758 1959; x_wconf 77' lang='lat' dir='ltr'><strong>congruens</strong></span> <span class='ocrx_word' id='word_1_135' title='bbox 779 1880 978 1942; x_wconf 86' lang='lat' dir='ltr'><strong>eoniirmatioi</strong></span> <span class='ocrx_word' id='word_1_136' title='bbox 1010 1883 1165 1943; x_wconf 85' lang='lat' dir='ltr'><strong>Videamus</strong></span> <span class='ocrx_word' id='word_1_137' title='bbox 1181 1900 1264 1960; x_wconf 89' lang='lat' dir='ltr'><strong>ergo,</strong></span> 
     </span>
     <span class='ocr_line' id='line_1_18' title="bbox 272 1964 1265 2045; baseline 0.002 -21"><span class='ocrx_word' id='word_1_138' title='bbox 272 1983 339 2024; x_wconf 88' lang='lat' dir='ltr'><strong>uuna</strong></span> <span class='ocrx_word' id='word_1_139' title='bbox 361 1964 437 2025; x_wconf 88' lang='lat' dir='ltr'><strong>haec</strong></span> <span class='ocrx_word' id='word_1_140' title='bbox 459 1968 604 2045; x_wconf 85' lang='lat' dir='ltr'><strong>expositio</strong></span> <span class='ocrx_word' id='word_1_141' title='bbox 628 1968 743 2044; x_wconf 84' lang='lat' dir='ltr'><strong>longior</strong></span> <span class='ocrx_word' id='word_1_142' title='bbox 764 1967 874 2026; x_wconf 91' lang='lat' dir='ltr'><strong>demum</strong></span> <span class='ocrx_word' id='word_1_143' title='bbox 898 1966 1003 2025; x_wconf 91' lang='lat' dir='ltr'><strong>debeat</strong></span> <span class='ocrx_word' id='word_1_144' title='bbox 1025 1985 1109 2041; x_wconf 88' lang='lat' dir='ltr'><strong>esse,</strong></span> <span class='ocrx_word' id='word_1_145' title='bbox 1132 1975 1162 2025; x_wconf 91' lang='lat' dir='ltr'><strong>et</strong></span> <span class='ocrx_word' id='word_1_146' title='bbox 1177 1967 1265 2045; x_wconf 91' lang='lat' dir='ltr'><strong>paulo</strong></span> 
     </span>
     <span class='ocr_line' id='line_1_19' title="bbox 271 2049 1265 2129; baseline 0.002 -21"><span class='ocrx_word' id='word_1_147' title='bbox 271 2049 428 2110; x_wconf 82' lang='lat' dir='ltr'><strong>verbosior</strong></span> <span class='ocrx_word' id='word_1_148' title='bbox 439 2053 660 2129; x_wconf 89' lang='lat' dir='ltr'><strong>praeparatione</strong></span> <span class='ocrx_word' id='word_1_149' title='bbox 676 2059 705 2110; x_wconf 92' lang='lat' dir='ltr'><strong>et</strong></span> <span class='ocrx_word' id='word_1_150' title='bbox 717 2050 884 2127; x_wconf 85' lang='lat' dir='ltr'><strong>quibusdam</strong></span> <span class='ocrx_word' id='word_1_151' title='bbox 899 2051 1082 2126; x_wconf 83' lang='lat' dir='ltr'><strong>argumentis,</strong></span> <span class='ocrx_word' id='word_1_152' title='bbox 1100 2049 1265 2126; x_wconf 81' lang='lat' dir='ltr'><strong>(argumem</strong></span> 
     </span>
     <span class='ocr_line' id='line_1_20' title="bbox 273 2134 1266 2213; baseline -0.001 -19"><span class='ocrx_word' id='word_1_153' title='bbox 273 2136 309 2194; x_wconf 92' lang='lat' dir='ltr'><strong>tis</strong></span> <span class='ocrx_word' id='word_1_154' title='bbox 325 2135 409 2210; x_wconf 83' lang='lat' dir='ltr'><strong>alico,</strong></span> <span class='ocrx_word' id='word_1_155' title='bbox 430 2151 488 2193; x_wconf 92' lang='lat' dir='ltr'><strong>non</strong></span> <span class='ocrx_word' id='word_1_156' title='bbox 507 2136 787 2213; x_wconf 85' lang='lat' dir='ltr'><strong>argumentatione),</strong></span> <span class='ocrx_word' id='word_1_157' title='bbox 811 2136 856 2193; x_wconf 93' lang='lat' dir='ltr'><strong>cui</strong></span> <span class='ocrx_word' id='word_1_158' title='bbox 872 2142 967 2192; x_wconf 88' lang='lat' dir='ltr'><strong>tamen</strong></span> <span class='ocrx_word' id='word_1_159' title='bbox 986 2134 1136 2211; x_wconf 91' lang='lat' dir='ltr'><strong>plurimum</strong></span> <span class='ocrx_word' id='word_1_160' title='bbox 1152 2135 1266 2193; x_wconf 83' lang='lat' dir='ltr'><strong>confert</strong></span> 
     </span>
     <span class='ocr_line' id='line_1_21' title="bbox 271 2215 1266 2300; baseline 0.001 -23"><span class='ocrx_word' id='word_1_161' title='bbox 271 2217 412 2296; x_wconf 75' lang='lat' dir='ltr'><strong>frequens</strong></span> <span class='ocrx_word' id='word_1_162' title='bbox 438 2218 605 2279; x_wconf 84' lang='lat' dir='ltr'><strong>affirmatio:</strong></span> <span class='ocrx_word' id='word_1_163' title='bbox 636 2215 808 2300; x_wconf 76' lang='lat' dir='ltr'><strong>Effectoroa</strong></span> <span class='ocrx_word' id='word_1_164' title='bbox 830 2236 903 2293; x_wconf 82' lang='lat' dir='ltr'><strong>noa,</strong></span> <span class='ocrx_word' id='word_1_165' title='bbox 931 2219 1012 2295; x_wconf 81' lang='lat' dir='ltr'><strong>qasod</strong></span> <span class='ocrx_word' id='word_1_166' title='bbox 1033 2218 1180 2286; x_wconf 69' lang='lat' dir='ltr'><strong>dictatura</strong></span> <span class='ocrx_word' id='word_1_167' title='bbox 1205 2235 1266 2278; x_wconf 79' lang='lat' dir='ltr'><strong>aaa</strong></span> 
     </span>
     <span class='ocr_line' id='line_1_22' title="bbox 269 2302 1266 2381; baseline -0.002 -18"><span class='ocrx_word' id='word_1_168' title='bbox 269 2320 362 2381; x_wconf 77' lang='lat' dir='ltr'><strong>posse</strong></span> <span class='ocrx_word' id='word_1_169' title='bbox 376 2303 436 2362; x_wconf 76' lang='lat' dir='ltr'><strong>olm</strong></span> <span class='ocrx_word' id='word_1_170' title='bbox 455 2303 559 2364; x_wconf 80' lang='lat' dir='ltr'><strong>reret&#39;m</strong></span> <span class='ocrx_word' id='word_1_171' title='bbox 579 2303 699 2363; x_wconf 81' lang='lat' dir='ltr'><strong>oriendi</strong></span> <span class='ocrx_word' id='word_1_172' title='bbox 713 2303 816 2380; x_wconf 64' lang='lat' dir='ltr'><strong>ptimo</strong></span> <span class='ocrx_word' id='word_1_173' title='bbox 835 2302 1038 2380; x_wconf 65' lang='lat' dir='ltr'><strong>expositiones</strong></span> <span class='ocrx_word' id='word_1_174' title='bbox 1059 2308 1218 2380; x_wconf 71' lang='lat' dir='ltr'><strong>expectent</strong></span> <span class='ocrx_word' id='word_1_175' title='bbox 1236 2309 1266 2361; x_wconf 82' lang='lat' dir='ltr'><strong>et</strong></span> 
     </span>
     <span class='ocr_line' id='line_1_23' title="bbox 270 2383 1308 2468; baseline -0.008 -21"><span class='ocrx_word' id='word_1_176' title='bbox 270 2387 431 2464; x_wconf 70' lang='lat' dir='ltr'><strong>opiniome</strong></span> <span class='ocrx_word' id='word_1_177' title='bbox 449 2403 525 2447; x_wconf 81' lang='lat' dir='ltr'><strong>saca</strong></span> <span class='ocrx_word' id='word_1_178' title='bbox 543 2386 687 2468; x_wconf 79' lang='lat' dir='ltr'><strong>different</strong></span> <span class='ocrx_word' id='word_1_179' title='bbox 707 2394 736 2447; x_wconf 87' lang='lat' dir='ltr'><strong>et</strong></span> <span class='ocrx_word' id='word_1_180' title='bbox 755 2386 832 2447; x_wconf 82' lang='lat' dir='ltr'><strong>beare</strong></span> <span class='ocrx_word' id='word_1_181' title='bbox 850 2393 982 2464; x_wconf 79' lang='lat' dir='ltr'><strong>spereat.</strong></span> <span class='ocrx_word' id='word_1_182' title='bbox 1018 2383 1150 2463; x_wconf 89' lang='lat' dir='ltr'><strong>Denique</strong></span> <span class='ocrx_word' id='word_1_183' title='bbox 1165 2383 1308 2462; x_wconf 77' lang='lat' dir='ltr'><strong>ntiqueoo</strong></span> 
     </span>
     <span class='ocr_line' id='line_1_24' title="bbox 271 2467 1263 2548; baseline 0 -20"><span class='ocrx_word' id='word_1_184' title='bbox 271 2469 443 2529; x_wconf 87' lang='lat' dir='ltr'><strong>narrandum</strong></span> <span class='ocrx_word' id='word_1_185' title='bbox 458 2477 518 2544; x_wconf 88' lang='lat' dir='ltr'><strong>est,</strong></span> <span class='ocrx_word' id='word_1_186' title='bbox 539 2469 674 2547; x_wconf 87' lang='lat' dir='ltr'><strong>quidquid</strong></span> <span class='ocrx_word' id='word_1_187' title='bbox 695 2469 795 2545; x_wconf 90' lang='lat' dir='ltr'><strong>aliter,</strong></span> <span class='ocrx_word' id='word_1_188' title='bbox 817 2486 900 2546; x_wconf 91' lang='lat' dir='ltr'><strong>quam</strong></span> <span class='ocrx_word' id='word_1_189' title='bbox 921 2467 1102 2529; x_wconf 80' lang='lat' dir='ltr'><strong>adversarius</strong></span> <span class='ocrx_word' id='word_1_190' title='bbox 1118 2469 1263 2548; x_wconf 82' lang='lat' dir='ltr'><strong>exposuit,</strong></span> 
     </span>
     <span class='ocr_line' id='line_1_25' title="bbox 271 2553 1264 2632; baseline -0.001 -20"><span class='ocrx_word' id='word_1_191' title='bbox 271 2554 385 2613; x_wconf 90' lang='lat' dir='ltr'><strong>narrari</strong></span> <span class='ocrx_word' id='word_1_192' title='bbox 400 2562 510 2631; x_wconf 76' lang='lat' dir='ltr'><strong>potest:</strong></span> <span class='ocrx_word' id='word_1_193' title='bbox 530 2563 579 2613; x_wconf 94' lang='lat' dir='ltr'><strong>aut</strong></span> <span class='ocrx_word' id='word_1_194' title='bbox 594 2556 678 2613; x_wconf 89' lang='lat' dir='ltr'><strong>etiam</strong></span> <span class='ocrx_word' id='word_1_195' title='bbox 691 2555 839 2632; x_wconf 91' lang='lat' dir='ltr'><strong>prooemia</strong></span> <span class='ocrx_word' id='word_1_196' title='bbox 854 2561 918 2612; x_wconf 90' lang='lat' dir='ltr'><strong>sunt</strong></span> <span class='ocrx_word' id='word_1_197' title='bbox 938 2554 966 2612; x_wconf 92' lang='lat' dir='ltr'><strong>iu</strong></span> <span class='ocrx_word' id='word_1_198' title='bbox 980 2553 1025 2613; x_wconf 90' lang='lat' dir='ltr'><strong>bis</strong></span> <span class='ocrx_word' id='word_1_199' title='bbox 1046 2555 1141 2613; x_wconf 88' lang='lat' dir='ltr'><strong>causis</strong></span> <span class='ocrx_word' id='word_1_200' title='bbox 1162 2570 1264 2632; x_wconf 90' lang='lat' dir='ltr'><strong>super·</strong></span> 
     </span>
     <span class='ocr_line' id='line_1_26' title="bbox 270 2638 1265 2715; baseline 0 -20"><span class='ocrx_word' id='word_1_201' title='bbox 270 2653 383 2711; x_wconf 85' lang='lat' dir='ltr'><strong>uacua,</strong></span> <span class='ocrx_word' id='word_1_202' title='bbox 406 2654 480 2714; x_wconf 90' lang='lat' dir='ltr'><strong>quae</strong></span> <span class='ocrx_word' id='word_1_203' title='bbox 504 2638 571 2714; x_wconf 83' lang='lat' dir='ltr'><strong>quial</strong></span> <span class='ocrx_word' id='word_1_204' title='bbox 592 2638 683 2714; x_wconf 89' lang='lat' dir='ltr'><strong>magis</strong></span> <span class='ocrx_word' id='word_1_205' title='bbox 704 2646 806 2714; x_wconf 87' lang='lat' dir='ltr'><strong>agunt,</strong></span> <span class='ocrx_word' id='word_1_206' title='bbox 831 2654 914 2715; x_wconf 86' lang='lat' dir='ltr'><strong>qoam</strong></span> <span class='ocrx_word' id='word_1_207' title='bbox 936 2646 967 2697; x_wconf 91' lang='lat' dir='ltr'><strong>ut</strong></span> <span class='ocrx_word' id='word_1_208' title='bbox 989 2638 1146 2714; x_wconf 90' lang='lat' dir='ltr'><strong>cognitioni</strong></span> <span class='ocrx_word' id='word_1_209' title='bbox 1168 2654 1265 2697; x_wconf 90' lang='lat' dir='ltr'><strong>rerum</strong></span> 
     </span>
     <span class='ocr_line' id='line_1_27' title="bbox 270 2717 1264 2799; baseline 0 -19"><span class='ocrx_word' id='word_1_210' title='bbox 270 2721 562 2781; x_wconf 88' lang='lat' dir='ltr'><strong>accommodatiorem</strong></span> <span class='ocrx_word' id='word_1_211' title='bbox 584 2722 706 2781; x_wconf 90' lang='lat' dir='ltr'><strong>iudicem</strong></span> <span class='ocrx_word' id='word_1_212' title='bbox 727 2717 855 2781; x_wconf 75' lang='lat' dir='ltr'><strong>iaciant?</strong></span> <span class='ocrx_word' id='word_1_213' title='bbox 893 2719 989 2799; x_wconf 80' lang='lat' dir='ltr'><strong>Atque</strong></span> <span class='ocrx_word' id='word_1_214' title='bbox 1014 2721 1173 2797; x_wconf 86' lang='lat' dir='ltr'><strong>constabit,</strong></span> <span class='ocrx_word' id='word_1_215' title='bbox 1198 2739 1264 2780; x_wconf 91' lang='lat' dir='ltr'><strong>nus-</strong></span> 
     </span>
     <span class='ocr_line' id='line_1_28' title="bbox 271 2804 1264 2882; baseline -0.001 -19"><span class='ocrx_word' id='word_1_216' title='bbox 271 2817 358 2881; x_wconf 87' lang='lat' dir='ltr'><strong>quam</strong></span> <span class='ocrx_word' id='word_1_217' title='bbox 380 2821 447 2863; x_wconf 86' lang='lat' dir='ltr'><strong>esse</strong></span> <span class='ocrx_word' id='word_1_218' title='bbox 471 2822 569 2864; x_wconf 91' lang='lat' dir='ltr'><strong>eorum</strong></span> <span class='ocrx_word' id='word_1_219' title='bbox 588 2807 725 2865; x_wconf 91' lang='lat' dir='ltr'><strong>maiorem</strong></span> <span class='ocrx_word' id='word_1_220' title='bbox 746 2823 843 2879; x_wconf 90' lang='lat' dir='ltr'><strong>usum,</strong></span> <span class='ocrx_word' id='word_1_221' title='bbox 862 2821 946 2882; x_wconf 91' lang='lat' dir='ltr'><strong>quam</strong></span> <span class='ocrx_word' id='word_1_222' title='bbox 967 2804 1014 2864; x_wconf 90' lang='lat' dir='ltr'><strong>ubi</strong></span> <span class='ocrx_word' id='word_1_223' title='bbox 1032 2807 1140 2865; x_wconf 88' lang='lat' dir='ltr'><strong>animus</strong></span> <span class='ocrx_word' id='word_1_224' title='bbox 1161 2804 1264 2866; x_wconf 90' lang='lat' dir='ltr'><strong>iudicis</strong></span> 
     </span>
     <span class='ocr_line' id='line_1_29' title="bbox 270 2886 1306 2965; baseline -0.002 -18"><span class='ocrx_word' id='word_1_225' title='bbox 270 2886 304 2947; x_wconf 83' lang='lat' dir='ltr'><strong>ab</strong></span> <span class='ocrx_word' id='word_1_226' title='bbox 331 2886 428 2964; x_wconf 90' lang='lat' dir='ltr'><strong>aliqua</strong></span> <span class='ocrx_word' id='word_1_227' title='bbox 452 2897 552 2948; x_wconf 86' lang='lat' dir='ltr'><strong>eontra</strong></span> <span class='ocrx_word' id='word_1_228' title='bbox 572 2906 624 2947; x_wconf 90' lang='lat' dir='ltr'><strong>nos</strong></span> <span class='ocrx_word' id='word_1_229' title='bbox 644 2889 728 2947; x_wconf 91' lang='lat' dir='ltr'><strong>insita</strong></span> <span class='ocrx_word' id='word_1_230' title='bbox 749 2890 886 2965; x_wconf 89' lang='lat' dir='ltr'><strong>opinione</strong></span> <span class='ocrx_word' id='word_1_231' title='bbox 908 2888 1067 2949; x_wconf 82' lang='lat' dir='ltr'><strong>llecteudus</strong></span> <span class='ocrx_word' id='word_1_232' title='bbox 1092 2897 1147 2948; x_wconf 90' lang='lat' dir='ltr'><strong>est.</strong></span> <span class='ocrx_word' id='word_1_233' title='bbox 1188 2886 1306 2949; x_wconf 81' lang='lat' dir='ltr'><strong>con-er</strong></span> 
     </span>
     <span class='ocr_line' id='line_1_30' title="bbox 270 2970 1265 3051; baseline 0.002 -22"><span class='ocrx_word' id='word_1_234' title='bbox 270 2970 428 3031; x_wconf 90' lang='lat' dir='ltr'><strong>iecturales</strong></span> <span class='ocrx_word' id='word_1_235' title='bbox 443 2981 539 3032; x_wconf 89' lang='lat' dir='ltr'><strong>antem</strong></span> <span class='ocrx_word' id='word_1_236' title='bbox 555 2989 677 3047; x_wconf 90' lang='lat' dir='ltr'><strong>causae,</strong></span> <span class='ocrx_word' id='word_1_237' title='bbox 698 2971 848 3048; x_wconf 87' lang='lat' dir='ltr'><strong>inquibus</strong></span> <span class='ocrx_word' id='word_1_238' title='bbox 869 2971 907 3031; x_wconf 79' lang='lat' dir='ltr'><strong>tle</strong></span> <span class='ocrx_word' id='word_1_239' title='bbox 926 2972 1005 3032; x_wconf 84' lang='lat' dir='ltr'><strong>facto</strong></span> <span class='ocrx_word' id='word_1_240' title='bbox 1021 2974 1185 3051; x_wconf 84' lang='lat' dir='ltr'><strong>quaeritur,</strong></span> <span class='ocrx_word' id='word_1_241' title='bbox 1207 2989 1265 3031; x_wconf 93' lang='lat' dir='ltr'><strong>nou</strong></span> 
     </span>
     <span class='ocr_line' id='line_1_31' title="bbox 270 3055 1264 3135; baseline 0.001 -21"><span class='ocrx_word' id='word_1_242' title='bbox 270 3063 327 3114; x_wconf 88' lang='lat' dir='ltr'><strong>tam</strong></span> <span class='ocrx_word' id='word_1_243' title='bbox 347 3072 437 3132; x_wconf 91' lang='lat' dir='ltr'><strong>saepe</strong></span> <span class='ocrx_word' id='word_1_244' title='bbox 452 3058 511 3132; x_wconf 90' lang='lat' dir='ltr'><strong>rei,</strong></span> <span class='ocrx_word' id='word_1_245' title='bbox 530 3056 565 3115; x_wconf 92' lang='lat' dir='ltr'><strong>de</strong></span> <span class='ocrx_word' id='word_1_246' title='bbox 582 3073 637 3135; x_wconf 89' lang='lat' dir='ltr'><strong>qua</strong></span> <span class='ocrx_word' id='word_1_247' title='bbox 652 3055 786 3115; x_wconf 90' lang='lat' dir='ltr'><strong>iudicium</strong></span> <span class='ocrx_word' id='word_1_248' title='bbox 801 3062 861 3128; x_wconf 88' lang='lat' dir='ltr'><strong>est,</strong></span> <span class='ocrx_word' id='word_1_249' title='bbox 884 3072 968 3133; x_wconf 91' lang='lat' dir='ltr'><strong>quam</strong></span> <span class='ocrx_word' id='word_1_250' title='bbox 983 3072 1099 3131; x_wconf 86' lang='lat' dir='ltr'><strong>eorum,</strong></span> <span class='ocrx_word' id='word_1_251' title='bbox 1122 3073 1176 3134; x_wconf 88' lang='lat' dir='ltr'><strong>per</strong></span> <span class='ocrx_word' id='word_1_252' title='bbox 1190 3072 1264 3134; x_wconf 90' lang='lat' dir='ltr'><strong>qnae</strong></span> 
     </span>
     <span class='ocr_line' id='line_1_32' title="bbox 270 3136 1263 3218; baseline 0.002 -22"><span class='ocrx_word' id='word_1_253' title='bbox 270 3155 317 3197; x_wconf 91' lang='lat' dir='ltr'><strong>res</strong></span> <span class='ocrx_word' id='word_1_254' title='bbox 336 3138 499 3215; x_wconf 89' lang='lat' dir='ltr'><strong>colligenda</strong></span> <span class='ocrx_word' id='word_1_255' title='bbox 521 3150 580 3216; x_wconf 90' lang='lat' dir='ltr'><strong>est,</strong></span> <span class='ocrx_word' id='word_1_256' title='bbox 601 3140 814 3218; x_wconf 85' lang='lat' dir='ltr'><strong>expositionem</strong></span> <span class='ocrx_word' id='word_1_257' title='bbox 834 3136 949 3198; x_wconf 89' lang='lat' dir='ltr'><strong>babent.</strong></span> <span class='ocrx_word' id='word_1_258' title='bbox 982 3139 1079 3215; x_wconf 85' lang='lat' dir='ltr'><strong>Quae,</strong></span> <span class='ocrx_word' id='word_1_259' title='bbox 1099 3157 1162 3199; x_wconf 92' lang='lat' dir='ltr'><strong>oum</strong></span> <span class='ocrx_word' id='word_1_260' title='bbox 1179 3156 1263 3199; x_wconf 92' lang='lat' dir='ltr'><strong>accu-</strong></span> 
     </span>
     <span class='ocr_line' id='line_1_33' title="bbox 269 3221 1263 3301; baseline 0.004 -22"><span class='ocrx_word' id='word_1_261' title='bbox 269 3231 353 3281; x_wconf 92' lang='lat' dir='ltr'><strong>sator</strong></span> <span class='ocrx_word' id='word_1_262' title='bbox 379 3224 541 3301; x_wconf 89' lang='lat' dir='ltr'><strong>suspiciose</strong></span> <span class='ocrx_word' id='word_1_263' title='bbox 565 3232 679 3295; x_wconf 89' lang='lat' dir='ltr'><strong>narret,</strong></span> <span class='ocrx_word' id='word_1_264' title='bbox 709 3240 776 3281; x_wconf 87' lang='lat' dir='ltr'><strong>reus</strong></span> <span class='ocrx_word' id='word_1_265' title='bbox 804 3221 904 3282; x_wconf 88' lang='lat' dir='ltr'><strong>levare</strong></span> <span class='ocrx_word' id='word_1_266' title='bbox 928 3225 1123 3300; x_wconf 88' lang='lat' dir='ltr'><strong>suspicionem</strong></span> <span class='ocrx_word' id='word_1_267' title='bbox 1147 3221 1263 3299; x_wconf 86' lang='lat' dir='ltr'><strong>debeat,</strong></span> 
     </span>
     <span class='ocr_line' id='line_1_34' title="bbox 269 3305 1306 3386; baseline 0 -22"><span class='ocrx_word' id='word_1_268' title='bbox 269 3305 358 3365; x_wconf 89' lang='lat' dir='ltr'><strong>aliter</strong></span> <span class='ocrx_word' id='word_1_269' title='bbox 372 3305 407 3365; x_wconf 93' lang='lat' dir='ltr'><strong>ab</strong></span> <span class='ocrx_word' id='word_1_270' title='bbox 423 3306 480 3366; x_wconf 93' lang='lat' dir='ltr'><strong>hoc</strong></span> <span class='ocrx_word' id='word_1_271' title='bbox 495 3316 581 3386; x_wconf 91' lang='lat' dir='ltr'><strong>atque</strong></span> <span class='ocrx_word' id='word_1_272' title='bbox 598 3306 701 3367; x_wconf 92' lang='lat' dir='ltr'><strong>abillo</strong></span> <span class='ocrx_word' id='word_1_273' title='bbox 717 3306 752 3366; x_wconf 91' lang='lat' dir='ltr'><strong>ad</strong></span> <span class='ocrx_word' id='word_1_274' title='bbox 773 3307 897 3365; x_wconf 87' lang='lat' dir='ltr'><strong>iudicem</strong></span> <span class='ocrx_word' id='word_1_275' title='bbox 917 3306 1041 3384; x_wconf 79' lang='lat' dir='ltr'><strong>perferri</strong></span> <span class='ocrx_word' id='word_1_276' title='bbox 1062 3315 1189 3385; x_wconf 91' lang='lat' dir='ltr'><strong>oportet.</strong></span> <span class='ocrx_word' id='word_1_277' title='bbox 1224 3306 1306 3367; x_wconf 69' lang='lat' dir='ltr'><strong>Atsst</strong></span> 
     </span>
     <span class='ocr_line' id='line_1_35' title="bbox 269 3389 1262 3469; baseline 0.003 -21"><span class='ocrx_word' id='word_1_278' title='bbox 269 3391 346 3448; x_wconf 90' lang='lat' dir='ltr'><strong>euim</strong></span> <span class='ocrx_word' id='word_1_279' title='bbox 365 3391 505 3467; x_wconf 87' lang='lat' dir='ltr'><strong>quaedam</strong></span> <span class='ocrx_word' id='word_1_280' title='bbox 519 3399 686 3469; x_wconf 85' lang='lat' dir='ltr'><strong>argumenta</strong></span> <span class='ocrx_word' id='word_1_281' title='bbox 703 3389 785 3450; x_wconf 90' lang='lat' dir='ltr'><strong>turba</strong></span> <span class='ocrx_word' id='word_1_282' title='bbox 799 3389 913 3465; x_wconf 85' lang='lat' dir='ltr'><strong>ualent,</strong></span> <span class='ocrx_word' id='word_1_283' title='bbox 932 3389 1047 3450; x_wconf 83' lang='lat' dir='ltr'><strong>diducta</strong></span> <span class='ocrx_word' id='word_1_284' title='bbox 1061 3390 1172 3451; x_wconf 82' lang='lat' dir='ltr'><strong>leuiora</strong></span> <span class='ocrx_word' id='word_1_285' title='bbox 1187 3400 1262 3451; x_wconf 89' lang='lat' dir='ltr'><strong>sunt.</strong></span> 
     </span>
     <span class='ocr_line' id='line_1_36' title="bbox 267 3470 1264 3555; baseline 0.004 -23"><span class='ocrx_word' id='word_1_286' title='bbox 267 3470 300 3532; x_wconf 77' lang='lat' dir='ltr'><strong>lul</strong></span> <span class='ocrx_word' id='word_1_287' title='bbox 317 3473 433 3550; x_wconf 90' lang='lat' dir='ltr'><strong>quidem</strong></span> <span class='ocrx_word' id='word_1_288' title='bbox 447 3493 504 3534; x_wconf 94' lang='lat' dir='ltr'><strong>non</strong></span> <span class='ocrx_word' id='word_1_289' title='bbox 519 3492 556 3535; x_wconf 93' lang='lat' dir='ltr'><strong>eo</strong></span> <span class='ocrx_word' id='word_1_290' title='bbox 572 3475 714 3555; x_wconf 91' lang='lat' dir='ltr'><strong>pertinet,</strong></span> <span class='ocrx_word' id='word_1_291' title='bbox 733 3482 765 3533; x_wconf 91' lang='lat' dir='ltr'><strong>ut</strong></span> <span class='ocrx_word' id='word_1_292' title='bbox 778 3482 950 3552; x_wconf 89' lang='lat' dir='ltr'><strong>quaeratur,</strong></span> <span class='ocrx_word' id='word_1_293' title='bbox 969 3491 1005 3534; x_wconf 92' lang='lat' dir='ltr'><strong>an</strong></span> <span class='ocrx_word' id='word_1_294' title='bbox 1024 3475 1194 3535; x_wconf 86' lang='lat' dir='ltr'><strong>narrandum</strong></span> <span class='ocrx_word' id='word_1_295' title='bbox 1211 3475 1264 3536; x_wconf 80' lang='lat' dir='ltr'><strong>sed</strong></span> 
     </span>
     <span class='ocr_line' id='line_1_37' title="bbox 268 3555 1263 3638; baseline 0.004 -24"><span class='ocrx_word' id='word_1_296' title='bbox 268 3559 416 3634; x_wconf 86' lang='lat' dir='ltr'><strong>quomodo</strong></span> <span class='ocrx_word' id='word_1_297' title='bbox 430 3560 600 3619; x_wconf 88' lang='lat' dir='ltr'><strong>narrandum</strong></span> <span class='ocrx_word' id='word_1_298' title='bbox 615 3555 675 3619; x_wconf 86' lang='lat' dir='ltr'><strong>aitl</strong></span> <span class='ocrx_word' id='word_1_299' title='bbox 700 3556 772 3617; x_wconf 88' lang='lat' dir='ltr'><strong>Nam</strong></span> <span class='ocrx_word' id='word_1_300' title='bbox 785 3567 816 3617; x_wconf 89' lang='lat' dir='ltr'><strong>et</strong></span> <span class='ocrx_word' id='word_1_301' title='bbox 831 3574 995 3635; x_wconf 88' lang='lat' dir='ltr'><strong>congerere</strong></span> <span class='ocrx_word' id='word_1_302' title='bbox 1009 3559 1131 3638; x_wconf 87' lang='lat' dir='ltr'><strong>plurima</strong></span> <span class='ocrx_word' id='word_1_303' title='bbox 1146 3559 1263 3638; x_wconf 90' lang='lat' dir='ltr'><strong>exposi-</strong></span> 
     </span>
     <span class='ocr_line' id='line_1_38' title="bbox 267 3641 1262 3722; baseline 0.005 -24"><span class='ocrx_word' id='word_1_304' title='bbox 267 3641 349 3699; x_wconf 90' lang='lat' dir='ltr'><strong>tione</strong></span> <span class='ocrx_word' id='word_1_305' title='bbox 372 3643 435 3718; x_wconf 89' lang='lat' dir='ltr'><strong>quis</strong></span> <span class='ocrx_word' id='word_1_306' title='bbox 454 3642 605 3720; x_wconf 90' lang='lat' dir='ltr'><strong>prohibet,</strong></span> <span class='ocrx_word' id='word_1_307' title='bbox 629 3644 653 3702; x_wconf 95' lang='lat' dir='ltr'><strong>si</strong></span> <span class='ocrx_word' id='word_1_308' title='bbox 674 3641 702 3702; x_wconf 83' lang='lat' dir='ltr'><strong>itl</strong></span> <span class='ocrx_word' id='word_1_309' title='bbox 722 3641 794 3701; x_wconf 91' lang='lat' dir='ltr'><strong>utile</strong></span> <span class='ocrx_word' id='word_1_310' title='bbox 816 3650 862 3701; x_wconf 91' lang='lat' dir='ltr'><strong>est</strong></span> <span class='ocrx_word' id='word_1_311' title='bbox 883 3658 1006 3719; x_wconf 87' lang='lat' dir='ltr'><strong>causae,</strong></span> <span class='ocrx_word' id='word_1_312' title='bbox 1025 3652 1055 3703; x_wconf 92' lang='lat' dir='ltr'><strong>et</strong></span> <span class='ocrx_word' id='word_1_313' title='bbox 1075 3645 1262 3722; x_wconf 85' lang='lat' dir='ltr'><strong>promittere:</strong></span> 
     </span>
     <span class='ocr_line' id='line_1_39' title="bbox 267 3724 1342 3805; baseline 0 -21"><span class='ocrx_word' id='word_1_314' title='bbox 267 3724 323 3784; x_wconf 90' lang='lat' dir='ltr'><strong>sed</strong></span> <span class='ocrx_word' id='word_1_315' title='bbox 339 3735 376 3785; x_wconf 88' lang='lat' dir='ltr'><strong>et.</strong></span> <span class='ocrx_word' id='word_1_316' title='bbox 389 3725 520 3786; x_wconf 84' lang='lat' dir='ltr'><strong>dividere</strong></span> <span class='ocrx_word' id='word_1_317' title='bbox 535 3726 726 3788; x_wconf 87' lang='lat' dir='ltr'><strong>narrationem</strong></span> <span class='ocrx_word' id='word_1_318' title='bbox 745 3735 776 3786; x_wconf 91' lang='lat' dir='ltr'><strong>et</strong></span> <span class='ocrx_word' id='word_1_319' title='bbox 798 3726 986 3805; x_wconf 86' lang='lat' dir='ltr'><strong>probationes</strong></span> <span class='ocrx_word' id='word_1_320' title='bbox 1006 3727 1182 3804; x_wconf 85' lang='lat' dir='ltr'><strong>subiungere</strong></span> <span class='ocrx_word' id='word_1_321' title='bbox 1197 3742 1262 3805; x_wconf 87' lang='lat' dir='ltr'><strong>par·</strong></span> <span class='ocrx_word' id='word_1_322' title='bbox 1339 3778 1342 3784; x_wconf 92' lang='lat'>.</span> 
     </span>
    </p>
   </div>
   <div class='ocr_carea' id='block_1_3' title="bbox 0 0 1596 4409">
    <p class='ocr_par' dir='ltr' id='par_1_3' title="bbox 0 0 1596 4409">
     <span class='ocr_line' id='line_1_40' title="bbox 0 0 1596 4409; baseline 0 4"><span class='ocrx_word' id='word_1_323' title='bbox 0 0 1596 4409; x_wconf 95' lang='lat' dir='ltr'><strong> </strong></span> 
     </span>
    </p>
   </div>
  </div>
 </body>
</html>
