3184 4409
355 504 417 569 236
683 517 1048 609 announcement

356 691 431 752 quac
446 673 596 734 transferri
611 690 669 734 non
683 681 833 752 poterunt,
853 689 953 734 manus
967 674 1081 757 iactare
1099 682 1135 737 et
1151 677 1260 740 dulces
1273 697 1303 740 cx

355 759 495 818 nationes
508 757 613 818 theatri
628 774 716 817 causa
729 757 894 836 producere
910 766 941 817 et
953 757 1158 836 ingrediendo
1170 772 1288 833 veum·

356 843 456 919 cipere
480 850 564 902 veste
591 849 621 901 et
644 857 846 920 nonnunquam
870 840 974 903 demo
1001 840 1103 905 htsre
1127 845 1241 909 fucere

357 924 434 1002 qnod
447 927 590 985 neminem
606 925 692 985 alium
706 926 761 985 nisi
774 923 952 985 Demetrium
967 923 1082 995 decuit:
1103 946 1243 1011 namque
1258 935 1286 993 iu

296 1011 448 1075 lsoomnia
468 1019 578 1070 statura
598 1018 629 1071 et
647 1010 719 1069 mira
742 1010 845 1088 specie
865 1007 1070 1080 aduvabatun
1099 1012 1193 1076 illum
1216 1034 1311 1079 cursu

355 1093 470 1170 agilitas
491 1102 522 1153 et
540 1091 589 1153 vel
606 1110 707 1173 parurn
723 1093 899 1154 conveniens
915 1110 1063 1173 personae
1079 1096 1188 1177 risus,
1214 1116 1299 1179 quen

353 1177 473 1254 ignarus
488 1178 607 1237 rationis
622 1177 733 1258 populo
749 1176 853 1254 dabat,
877 1186 907 1239 et
928 1185 1078 1239 contracta
1092 1182 1196 1243 etiam
1211 1186 1293 1245 cerri

355 1261 500 1339 Quidquid
513 1261 614 1321 hurum
626 1261 701 1321 alter
713 1260 846 1338 lecisset,
861 1260 1060 1321 foedissimum
1070 1263 1250 1329 videretur.

354 1345 432 1404 norit
446 1362 479 1404 se
495 1346 634 1427 quisque,
655 1362 710 1404 nec
725 1352 833 1404 tantum
847 1362 886 1405 ex
902 1342 1103 1407 communibus
1120 1348 1339 1431 praecepturi

355 1429 441 1487 etiam
466 1447 504 1488 ex
529 1439 628 1511 naturp
653 1446 705 1488 sua
731 1430 827 1506 capiat
852 1428 1003 1489 consilium
1027 1428 1214 1496 formandae
1237 1436 1340 1497 actori

295 1511 457 1591 181Neque
477 1511 549 1573 illud
568 1522 663 1572 tumen
679 1520 724 1572 est
740 1512 838 1589 nefas,
863 1520 894 1573 ut
908 1510 1033 1591 aliquem
1049 1512 1102 1575 vel
1121 1520 1230 1581 omniu
1244 1518 1342 1599 vslph

353 1597 423 1655 rinna
438 1595 570 1656 deceant.
597 1595 686 1656 lluius
702 1613 819 1675 quoque
834 1595 893 1657 loci
906 1595 1036 1657 clausula
1049 1598 1229 1679 sitandam,
1245 1616 1343 1665 neten

354 1688 410 1755 est,
427 1696 501 1757 quac
517 1688 681 1740 ceterorum
696 1689 751 1757 est,
766 1698 891 1759 regnare
905 1681 1028 1741 mammo
1041 1683 1181 1746 modum.
1209 1685 1282 1749 Non
1295 1686 1345 1749 οὐ

355 1763 525 1824 comoedum
545 1782 613 1824 esse
630 1763 683 1824 sed
704 1773 850 1825 oratorem
868 1765 948 1825 uolo.
968 1808 970 1813 -
985 1762 1085 1838 Quare
1106 1785 1219 1851 neque
1241 1773 1272 1833 ln
1285 1778 1345 1851 gc·

353 1864 564 1925 persequemur
578 1865 678 1909 omues
693 1850 821 1925 argutias
834 1866 890 1909 nec
903 1849 933 1909 iu
945 1846 1093 1927 loquendo
1110 1850 1346 1927 distinetionlbm

295 1931 543 2010 132tenrporibus,
560 1931 760 1994 affectionibus
774 1932 900 2007 moleste
914 1941 1035 1995 utemur.
1067 1932 1110 1995 Ut
1125 1936 1156 1999 si
1174 1940 1217 2001 sit
1234 1942 1267 2002 iu
1279 1954 1345 2003 scu

351 2015 519 2076 dicendum:

418 2098 500 2174 Qatnt
512 2102 607 2180 igitur
618 2101 757 2182 faciam?
780 2119 939 2175 nummus,
954 2112 992 2163 tte
1005 2118 1091 2165 nuuc
1105 2106 1257 2187 quidam,

417 2182 491 2245 Cum
507 2203 651 2246 arcessor
670 2186 770 2247 ultre?
794 2203 838 2247 ast
856 2188 960 2264 petiae
978 2187 1023 2247 t'tu
1036 2203 1086 2249 mc
1100 2206 1302 2271 wamma,

415 2267 483 2329 Neu
495 2271 614 2348 perpeti
629 2271 822 2332 meretricum
836 2269 1054 2331 mulomedico?

436 2351 489 2412 Hie
502 2357 575 2413 eninr
591 2352 773 2414 dubitationis
788 2369 895 2430 moras,
910 2352 1111 2431 ecclsiam,
1127 2360 1235 2421 varias
1249 2375 1339 2433 mmm

353 2437 485 2496 diversos
509 2446 592 2497 nutus
613 2447 695 2498 actor
714 2435 871 2498 adhibebit.
903 2437 991 2498 Aliud
1008 2438 1101 2498 oratio
1125 2444 1210 2522 sapit
1225 2440 1339 2507 necrrl

353 2522 465 2579 nimium
483 2539 551 2580 esse
569 2522 692 2582 condita.
722 2520 847 2581 Aetione
863 2523 938 2583 euim
959 2529 1071 2582 constat
1097 2540 1160 2585 nou
1183 2528 1338 2591 imitatione

295 2613 346 2669 183
354 2602 449 2675 Quare
471 2623 528 2664 non
549 2608 688 2666 immerito
706 2604 927 2685 reprehenditur
945 2607 1140 2684 pronuntiatio
1165 2620 1199 2671 et
1220 2613 1338 2674 vulnus

353 2696 381 2744 et
396 2690 664 2764 gesticulationibus
687 2691 810 2750 molesta
827 2698 856 2750 et
874 2691 957 2750 vocis
972 2691 1180 2754 mutationibus
1195 2696 1337 2757 resultare

351 2769 414 2830 Nec
431 2773 567 2832 inutiliter
586 2793 623 2837 ex
641 2774 759 2835 Graecis
781 2783 899 2835 veteres
921 2775 1143 2852 transtulerunt,
1168 2780 1253 2857 quod
1267 2777 1336 2841 abiit

352 2865 493 2933 sumptum
508 2856 618 2917 Laenas
633 2858 760 2937 Popilius
776 2860 890 2936 posuit,
912 2875 979 2918 esse
996 2858 1069 2919 hanc
1083 2862 1247 2925 inotiosaru
1263 2864 1336 2926 netu

293 2941 425 2999 184nem.
456 2938 568 3019 Optime
590 2944 676 3018 igitur
697 2943 789 3018 idem,
813 2943 862 3021 qul
883 2942 992 3019 omniu,
1015 2939 1121 3004 cicero
1140 2954 1337 3029 praeceperat

351 3041 425 3100 quae
441 3042 528 3104 supra
547 3045 584 3085 ex
600 3036 717 3086 oratore
732 3027 835 3105 posui;
862 3025 965 3104 quibus
981 3027 1084 3088 similia
1100 3029 1129 3088 iu
1148 3028 1245 3093 Bruto
1260 3027 1336 3094 del

350 3105 475 3168 Antonio
494 3109 571 3169 dicit.
604 3111 663 3171 Sed
686 3110 740 3170 iam
762 3119 882 3188 recepta
898 3118 943 3170 est
963 3110 1038 3171 actio
1058 3111 1149 3190 paulo
1165 3117 1338 3193 agitatiora

350 3193 474 3268 exigitur
496 3202 525 3252 et
548 3194 714 3272 quibusdam
735 3194 864 3275 partibus
886 3194 1036 3274 conuenit,
1061 3197 1101 3256 ita
1120 3204 1222 3259 tamen
1241 3209 1336 3279 tempe

347 3275 451 3350 rande,
469 3295 520 3351 ne,
538 3278 603 3337 dum
621 3280 727 3339 actoris
748 3287 895 3358 captamus
913 3278 1101 3359 elegantiam,
1117 3282 1280 3362 perdamus
1294 3278 1336 3344 rlu'

347 3353 416 3417 boni
431 3369 459 3419 et
473 3364 569 3439 gravis
586 3364 793 3434 auctoritatem.

746 3593 935 3604 -ι-ι-ι--ι
