<?xml version="1.0" encoding="UTF-8"?>
<!DOCTYPE html PUBLIC "-//W3C//DTD XHTML 1.0 Transitional//EN"
    "http://www.w3.org/TR/xhtml1/DTD/xhtml1-transitional.dtd">
<html xmlns="http://www.w3.org/1999/xhtml" xml:lang="en" lang="en">
 <head>
  <title>
</title>
<meta http-equiv="Content-Type" content="text/html;charset=utf-8" />
  <meta name='ocr-system' content='tesseract 3.04.00' />
  <meta name='ocr-capabilities' content='ocr_page ocr_carea ocr_par ocr_line ocrx_word'/>
</head>
<body>
  <div class='ocr_page' id='page_1' title='image "./mfabiiquintilia02quingoog_0288.png"; bbox 0 0 3184 4409; ppageno 0'>
   <div class='ocr_carea' id='block_1_1' title="bbox 369 453 1071 538">
    <p class='ocr_par' dir='ltr' id='par_1_1' title="bbox 369 453 1071 538">
     <span class='ocr_line' id='line_1_1' title="bbox 369 453 1071 538; baseline -0.001 -11"><span class='ocrx_word' id='word_1_1' title='bbox 369 466 431 529; x_wconf 79' lang='lat'>260</span> <span class='ocrx_word' id='word_1_2' title='bbox 682 481 718 527; x_wconf 83' lang='lat' dir='ltr'>u.</span> <span class='ocrx_word' id='word_1_3' title='bbox 731 453 809 527; x_wconf 72' lang='lat' dir='ltr'>une.</span> <span class='ocrx_word' id='word_1_4' title='bbox 822 479 1071 538; x_wconf 76' lang='lat' dir='ltr'>Qutuunusur</span> 
     </span>
    </p>
   </div>
   <div class='ocr_carea' id='block_1_2' title="bbox 283 584 1354 3807">
    <p class='ocr_par' dir='ltr' id='par_1_2' title="bbox 283 584 1354 3807">
     <span class='ocr_line' id='line_1_2' title="bbox 367 584 1354 715; baseline -0.001 -19"><span class='ocrx_word' id='word_1_5' title='bbox 367 654 467 697; x_wconf 81' lang='lat' dir='ltr'>mores</span> <span class='ocrx_word' id='word_1_6' title='bbox 483 635 679 713; x_wconf 80' lang='lat' dir='ltr'>appellantur,</span> <span class='ocrx_word' id='word_1_7' title='bbox 695 643 780 711; x_wconf 80' lang='lat' dir='ltr'>atque</span> <span class='ocrx_word' id='word_1_8' title='bbox 794 633 860 693; x_wconf 89' lang='lat' dir='ltr'>inde</span> <span class='ocrx_word' id='word_1_9' title='bbox 876 651 943 711; x_wconf 86' lang='lat' dir='ltr'>pars</span> <span class='ocrx_word' id='word_1_10' title='bbox 959 650 1074 710; x_wconf 87' lang='lat' dir='ltr'>quoque</span> <span class='ocrx_word' id='word_1_11' title='bbox 1092 633 1141 693; x_wconf 86' lang='lat' dir='ltr'>illu</span> <span class='ocrx_word' id='word_1_12' title='bbox 1152 584 1354 715; x_wconf 69' lang='lat' dir='ltr'>philosophia«</span> 
     </span>
     <span class='ocr_line' id='line_1_3' title="bbox 340 709 1354 798; baseline -0.002 -15"><span class='ocrx_word' id='word_1_13' title='bbox 340 709 463 798; x_wconf 78' lang='grc' dir='ltr'>9ἦθικὴ</span> <span class='ocrx_word' id='word_1_14' title='bbox 480 719 597 779; x_wconf 90' lang='lat' dir='ltr'>moralis</span> <span class='ocrx_word' id='word_1_15' title='bbox 618 727 663 777; x_wconf 92' lang='lat' dir='ltr'>est</span> <span class='ocrx_word' id='word_1_16' title='bbox 681 719 765 777; x_wconf 92' lang='lat' dir='ltr'>dicta.</span> <span class='ocrx_word' id='word_1_17' title='bbox 809 718 901 776; x_wconf 87' lang='lat' dir='ltr'>Sed&#39;</span> <span class='ocrx_word' id='word_1_18' title='bbox 893 736 984 795; x_wconf 89' lang='lat' dir='ltr'>rpsam</span> <span class='ocrx_word' id='word_1_19' title='bbox 1004 719 1047 776; x_wconf 89' lang='lat' dir='ltr'>rei</span> <span class='ocrx_word' id='word_1_20' title='bbox 1068 727 1195 776; x_wconf 87' lang='lat' dir='ltr'>naturam</span> <span class='ocrx_word' id='word_1_21' title='bbox 1217 731 1354 797; x_wconf 82' lang='lat' dir='ltr'>spectant</span> 
     </span>
     <span class='ocr_line' id='line_1_4' title="bbox 367 801 1354 900; baseline 0.004 -38"><span class='ocrx_word' id='word_1_22' title='bbox 367 804 433 862; x_wconf 91' lang='lat' dir='ltr'>mihi</span> <span class='ocrx_word' id='word_1_23' title='bbox 450 820 507 861; x_wconf 90' lang='lat' dir='ltr'>non</span> <span class='ocrx_word' id='word_1_24' title='bbox 522 812 578 862; x_wconf 86' lang='lat' dir='ltr'>tam</span> <span class='ocrx_word' id='word_1_25' title='bbox 592 820 688 861; x_wconf 90' lang='lat' dir='ltr'>mores</span> <span class='ocrx_word' id='word_1_26' title='bbox 707 801 861 900; x_wconf 76' lang='lat' dir='ltr'>significari</span> <span class='ocrx_word' id='word_1_27' title='bbox 881 802 1014 860; x_wconf 88' lang='lat' dir='ltr'>videntur</span> <span class='ocrx_word' id='word_1_28' title='bbox 1031 818 1115 899; x_wconf 84' lang='lat' dir='ltr'>quam</span> <span class='ocrx_word' id='word_1_29' title='bbox 1131 821 1251 864; x_wconf 80' lang='lat' dir='ltr'>morum</span> <span class='ocrx_word' id='word_1_30' title='bbox 1265 818 1354 881; x_wconf 79' lang='lat' dir='ltr'>quae</span> 
     </span>
     <span class='ocr_line' id='line_1_5' title="bbox 368 884 1354 964; baseline -0.001 -16"><span class='ocrx_word' id='word_1_31' title='bbox 368 889 439 948; x_wconf 86' lang='lat' dir='ltr'>dom</span> <span class='ocrx_word' id='word_1_32' title='bbox 457 889 650 964; x_wconf 62' lang='lat' dir='ltr'>proprietam</span> <span class='ocrx_word' id='word_1_33' title='bbox 677 903 741 944; x_wconf 86' lang='lat' dir='ltr'>nam</span> <span class='ocrx_word' id='word_1_34' title='bbox 767 886 838 962; x_wconf 91' lang='lat' dir='ltr'>ipsis</span> <span class='ocrx_word' id='word_1_35' title='bbox 867 885 981 962; x_wconf 86' lang='lat' dir='ltr'>quidem</span> <span class='ocrx_word' id='word_1_36' title='bbox 1001 887 1091 944; x_wconf 90' lang='lat' dir='ltr'>omnis</span> <span class='ocrx_word' id='word_1_37' title='bbox 1116 884 1229 944; x_wconf 90' lang='lat' dir='ltr'>habitus</span> <span class='ocrx_word' id='word_1_38' title='bbox 1257 891 1354 950; x_wconf 83' lang='lat' dir='ltr'>menti</span> 
     </span>
     <span class='ocr_line' id='line_1_6' title="bbox 369 968 1354 1046; baseline 0.001 -16"><span class='ocrx_word' id='word_1_39' title='bbox 369 973 537 1030; x_wconf 79' lang='lat' dir='ltr'><strong>continetur.</strong></span> <span class='ocrx_word' id='word_1_40' title='bbox 580 968 729 1041; x_wconf 75' lang='lat' dir='ltr'><strong>cautiores</strong></span> <span class='ocrx_word' id='word_1_41' title='bbox 756 968 932 1027; x_wconf 88' lang='lat' dir='ltr'>voluntatem</span> <span class='ocrx_word' id='word_1_42' title='bbox 959 969 1114 1046; x_wconf 79' lang='lat' dir='ltr'>complecti</span> <span class='ocrx_word' id='word_1_43' title='bbox 1140 987 1224 1046; x_wconf 90' lang='lat' dir='ltr'>quam</span> <span class='ocrx_word' id='word_1_44' title='bbox 1248 974 1354 1031; x_wconf 76' lang='lat' dir='ltr'>nomint</span> 
     </span>
     <span class='ocr_line' id='line_1_7' title="bbox 367 1051 1354 1133; baseline 0.002 -21"><span class='ocrx_word' id='word_1_45' title='bbox 367 1055 549 1133; x_wconf 87' lang='lat' dir='ltr'>interpretari</span> <span class='ocrx_word' id='word_1_46' title='bbox 572 1053 740 1114; x_wconf 74' lang='lat' dir='ltr'>maluerunt</span> <span class='ocrx_word' id='word_1_47' title='bbox 779 1051 910 1111; x_wconf 83' lang='lat' dir='ltr'>Allectus</span> <span class='ocrx_word' id='word_1_48' title='bbox 925 1054 1014 1128; x_wconf 81' lang='lat' dir='ltr'>igitur</span> <span class='ocrx_word' id='word_1_49' title='bbox 1026 1052 1080 1111; x_wconf 86' lang='lat' dir='ltr'>luos</span> <span class='ocrx_word' id='word_1_50' title='bbox 1096 1055 1275 1129; x_wconf 79' lang='lat' dir='ltr'>concitatos,</span> <span class='ocrx_word' id='word_1_51' title='bbox 1294 1055 1354 1115; x_wconf 82' lang='lat' dir='ltr'>illo</span> 
     </span>
     <span class='ocr_line' id='line_1_8' title="bbox 367 1135 1354 1215; baseline -0.002 -16"><span class='ocrx_word' id='word_1_52' title='bbox 367 1140 454 1199; x_wconf 80' lang='lat' dir='ltr'>ntiteo</span> <span class='ocrx_word' id='word_1_53' title='bbox 467 1147 553 1215; x_wconf 85' lang='lat' dir='ltr'>atque</span> <span class='ocrx_word' id='word_1_54' title='bbox 567 1138 758 1215; x_wconf 76' lang='lat' dir='ltr'>corapositoo</span> <span class='ocrx_word' id='word_1_55' title='bbox 764 1152 832 1195; x_wconf 89' lang='lat' dir='ltr'>esse</span> <span class='ocrx_word' id='word_1_56' title='bbox 852 1135 999 1202; x_wconf 85' lang='lat' dir='ltr'>dixerunt;</span> <span class='ocrx_word' id='word_1_57' title='bbox 1018 1137 1047 1195; x_wconf 89' lang='lat' dir='ltr'>in</span> <span class='ocrx_word' id='word_1_58' title='bbox 1067 1135 1159 1194; x_wconf 84' lang='lat' dir='ltr'>altero</span> <span class='ocrx_word' id='word_1_59' title='bbox 1173 1136 1354 1198; x_wconf 82' lang='lat' dir='ltr'>vehementer</span> 
     </span>
     <span class='ocr_line' id='line_1_9' title="bbox 369 1217 1354 1299; baseline 0.002 -19"><span class='ocrx_word' id='word_1_60' title='bbox 369 1231 541 1295; x_wconf 90' lang='lat' dir='ltr'>commotos,</span> <span class='ocrx_word' id='word_1_61' title='bbox 564 1222 698 1281; x_wconf 90' lang='lat' dir='ltr'>inaltero</span> <span class='ocrx_word' id='word_1_62' title='bbox 716 1220 812 1287; x_wconf 88' lang='lat' dir='ltr'>leues;</span> <span class='ocrx_word' id='word_1_63' title='bbox 828 1217 951 1296; x_wconf 90' lang='lat' dir='ltr'>denique</span> <span class='ocrx_word' id='word_1_64' title='bbox 967 1218 1044 1278; x_wconf 93' lang='lat' dir='ltr'>hos</span> <span class='ocrx_word' id='word_1_65' title='bbox 1035 1236 1193 1297; x_wconf 82' lang='lat' dir='ltr'>imperare,</span> <span class='ocrx_word' id='word_1_66' title='bbox 1212 1221 1354 1299; x_wconf 81' lang='lat' dir='ltr'>illosper</span> 
     </span>
     <span class='ocr_line' id='line_1_10' title="bbox 283 1266 1354 1382; baseline 0.001 -19"><span class='ocrx_word' id='word_1_67' title='bbox 283 1331 285 1335; x_wconf 89' lang='lat'><em>·</em></span> <span class='ocrx_word' id='word_1_68' title='bbox 368 1305 505 1374; x_wconf 87' lang='lat' dir='ltr'>suadere;</span> <span class='ocrx_word' id='word_1_69' title='bbox 523 1266 576 1364; x_wconf 81' lang='lat' dir='ltr'>dos</span> <span class='ocrx_word' id='word_1_70' title='bbox 592 1305 627 1364; x_wconf 87' lang='lat' dir='ltr'>ad</span> <span class='ocrx_word' id='word_1_71' title='bbox 642 1303 847 1382; x_wconf 79' lang='lat' dir='ltr'>perlationem,</span> <span class='ocrx_word' id='word_1_72' title='bbox 865 1303 932 1362; x_wconf 87' lang='lat' dir='ltr'>illos</span> <span class='ocrx_word' id='word_1_73' title='bbox 947 1303 983 1362; x_wconf 91' lang='lat' dir='ltr'>ad</span> <span class='ocrx_word' id='word_1_74' title='bbox 998 1303 1219 1364; x_wconf 88' lang='lat' dir='ltr'>benivolentiam</span> <span class='ocrx_word' id='word_1_75' title='bbox 1239 1323 1354 1382; x_wconf 76' lang='lat' dir='ltr'>praeve</span> 
     </span>
     <span class='ocr_line' id='line_1_11' title="bbox 328 1381 1352 1465; baseline 0 -17"><span class='ocrx_word' id='word_1_76' title='bbox 328 1390 440 1454; x_wconf 86' lang='lat' dir='ltr'>lolere.</span> <span class='ocrx_word' id='word_1_77' title='bbox 476 1388 619 1449; x_wconf 86' lang='lat' dir='ltr'>Adliciunt</span> <span class='ocrx_word' id='word_1_78' title='bbox 642 1389 753 1464; x_wconf 87' lang='lat' dir='ltr'>quidam</span> <span class='ocrx_word' id='word_1_79' title='bbox 775 1389 948 1464; x_wconf 88' lang='lat' dir='ltr'>peritorum,</span> <span class='ocrx_word' id='word_1_80' title='bbox 970 1381 1070 1458; x_wconf 79' lang='grc' dir='ltr'><em>πάθος</em></span> <span class='ocrx_word' id='word_1_81' title='bbox 1095 1387 1257 1465; x_wconf 81' lang='lat' dir='ltr'>temporale</span> <span class='ocrx_word' id='word_1_82' title='bbox 1283 1407 1352 1448; x_wconf 91' lang='lat' dir='ltr'>esse</span> 
     </span>
     <span class='ocr_line' id='line_1_12' title="bbox 369 1470 1354 1547; baseline 0.002 -17"><span class='ocrx_word' id='word_1_83' title='bbox 369 1471 453 1545; x_wconf 82' lang='lat' dir='ltr'>Quod</span> <span class='ocrx_word' id='word_1_84' title='bbox 474 1482 505 1530; x_wconf 92' lang='lat' dir='ltr'>ut</span> <span class='ocrx_word' id='word_1_85' title='bbox 525 1472 659 1530; x_wconf 89' lang='lat' dir='ltr'>accidere</span> <span class='ocrx_word' id='word_1_86' title='bbox 684 1471 862 1547; x_wconf 85' lang='lat' dir='ltr'>frequentius</span> <span class='ocrx_word' id='word_1_87' title='bbox 889 1470 998 1529; x_wconf 81' lang='lat' dir='ltr'>fateor:</span> <span class='ocrx_word' id='word_1_88' title='bbox 1025 1472 1063 1530; x_wconf 88' lang='lat' dir='ltr'>ita</span> <span class='ocrx_word' id='word_1_89' title='bbox 1091 1471 1241 1532; x_wconf 87' lang='lat' dir='ltr'>nonnullas</span> <span class='ocrx_word' id='word_1_90' title='bbox 1271 1474 1354 1532; x_wconf 75' lang='lat' dir='ltr'>cred(</span> 
     </span>
     <span class='ocr_line' id='line_1_13' title="bbox 369 1553 1354 1631; baseline 0.002 -17"><span class='ocrx_word' id='word_1_91' title='bbox 369 1573 436 1622; x_wconf 85' lang='lat' dir='ltr'>esse</span> <span class='ocrx_word' id='word_1_92' title='bbox 454 1557 597 1629; x_wconf 84' lang='lat' dir='ltr'>materias,</span> <span class='ocrx_word' id='word_1_93' title='bbox 614 1572 688 1631; x_wconf 90' lang='lat' dir='ltr'>quae</span> <span class='ocrx_word' id='word_1_94' title='bbox 704 1555 866 1612; x_wconf 89' lang='lat' dir='ltr'>continuum</span> <span class='ocrx_word' id='word_1_95' title='bbox 880 1553 1046 1613; x_wconf 83' lang='lat' dir='ltr'>desiderent</span> <span class='ocrx_word' id='word_1_96' title='bbox 1066 1554 1208 1614; x_wconf 80' lang='lat' dir='ltr'>allectum.</span> <span class='ocrx_word' id='word_1_97' title='bbox 1240 1554 1354 1616; x_wconf 76' lang='lat' dir='ltr'>Necte</span> 
     </span>
     <span class='ocr_line' id='line_1_14' title="bbox 368 1636 1354 1717; baseline 0.004 -21"><span class='ocrx_word' id='word_1_98' title='bbox 368 1657 432 1697; x_wconf 93' lang='lat' dir='ltr'>men</span> <span class='ocrx_word' id='word_1_99' title='bbox 455 1640 545 1697; x_wconf 90' lang='lat' dir='ltr'>minus</span> <span class='ocrx_word' id='word_1_100' title='bbox 567 1641 637 1698; x_wconf 87' lang='lat' dir='ltr'>artis</span> <span class='ocrx_word' id='word_1_101' title='bbox 658 1647 705 1697; x_wconf 86' lang='lat' dir='ltr'>aut</span> <span class='ocrx_word' id='word_1_102' title='bbox 726 1655 795 1696; x_wconf 92' lang='lat' dir='ltr'>usus</span> <span class='ocrx_word' id='word_1_103' title='bbox 814 1637 843 1696; x_wconf 95' lang='lat' dir='ltr'>hi</span> <span class='ocrx_word' id='word_1_104' title='bbox 862 1636 989 1700; x_wconf 87' lang='lat' dir='ltr'>leniores</span> <span class='ocrx_word' id='word_1_105' title='bbox 1009 1637 1129 1706; x_wconf 89' lang='lat' dir='ltr'>hahent;</span> <span class='ocrx_word' id='word_1_106' title='bbox 1148 1639 1251 1697; x_wconf 84' lang='lat' dir='ltr'>virium</span> <span class='ocrx_word' id='word_1_107' title='bbox 1271 1650 1354 1717; x_wconf 76' lang='lat' dir='ltr'>atqua</span> 
     </span>
     <span class='ocr_line' id='line_1_15' title="bbox 368 1720 1354 1801; baseline 0.004 -22"><span class='ocrx_word' id='word_1_108' title='bbox 368 1723 490 1800; x_wconf 91' lang='lat' dir='ltr'>impetus</span> <span class='ocrx_word' id='word_1_109' title='bbox 505 1738 561 1780; x_wconf 93' lang='lat' dir='ltr'>non</span> <span class='ocrx_word' id='word_1_110' title='bbox 577 1721 739 1781; x_wconf 91' lang='lat' dir='ltr'>tantundem</span> <span class='ocrx_word' id='word_1_111' title='bbox 754 1722 882 1797; x_wconf 85' lang='lat' dir='ltr'>exigunt.</span> <span class='ocrx_word' id='word_1_112' title='bbox 918 1720 951 1780; x_wconf 92' lang='lat' dir='ltr'>ln</span> <span class='ocrx_word' id='word_1_113' title='bbox 971 1723 1065 1780; x_wconf 87' lang='lat' dir='ltr'>causis</span> <span class='ocrx_word' id='word_1_114' title='bbox 1085 1739 1157 1781; x_wconf 82' lang='lat' dir='ltr'>vero</span> <span class='ocrx_word' id='word_1_115' title='bbox 1172 1723 1258 1781; x_wconf 88' lang='lat' dir='ltr'>etiam</span> <span class='ocrx_word' id='word_1_116' title='bbox 1272 1724 1354 1801; x_wconf 87' lang='lat' dir='ltr'>pluri·</span> 
     </span>
     <span class='ocr_line' id='line_1_16' title="bbox 368 1804 1354 1881; baseline 0.002 -17"><span class='ocrx_word' id='word_1_117' title='bbox 368 1805 421 1864; x_wconf 88' lang='lat' dir='ltr'>bus</span> <span class='ocrx_word' id='word_1_118' title='bbox 436 1815 596 1880; x_wconf 89' lang='lat' dir='ltr'>versantur,</span> <span class='ocrx_word' id='word_1_119' title='bbox 613 1807 696 1864; x_wconf 94' lang='lat' dir='ltr'>immo</span> <span class='ocrx_word' id='word_1_120' title='bbox 712 1804 868 1863; x_wconf 92' lang='lat' dir='ltr'>secundum</span> <span class='ocrx_word' id='word_1_121' title='bbox 883 1804 1023 1881; x_wconf 87' lang='lat' dir='ltr'>quendam</span> <span class='ocrx_word' id='word_1_122' title='bbox 1038 1805 1216 1864; x_wconf 88' lang='lat' dir='ltr'>intellectum</span> <span class='ocrx_word' id='word_1_123' title='bbox 1228 1806 1258 1865; x_wconf 89' lang='lat' dir='ltr'>in</span> <span class='ocrx_word' id='word_1_124' title='bbox 1273 1809 1354 1866; x_wconf 87' lang='lat' dir='ltr'>omni·</span> 
     </span>
     <span class='ocr_line' id='line_1_17' title="bbox 328 1888 1354 1954; baseline 0.003 -7"><span class='ocrx_word' id='word_1_125' title='bbox 328 1903 359 1954; x_wconf 90' lang='lat'>11</span> <span class='ocrx_word' id='word_1_126' title='bbox 367 1889 429 1948; x_wconf 92' lang='lat' dir='ltr'>bus</span> <span class='ocrx_word' id='word_1_127' title='bbox 460 1889 530 1948; x_wconf 86' lang='lat' dir='ltr'>Nam</span> <span class='ocrx_word' id='word_1_128' title='bbox 549 1908 612 1948; x_wconf 91' lang='lat' dir='ltr'>cum</span> <span class='ocrx_word' id='word_1_129' title='bbox 627 1907 664 1948; x_wconf 83' lang='lat' dir='ltr'>ex</span> <span class='ocrx_word' id='word_1_130' title='bbox 678 1889 729 1948; x_wconf 90' lang='lat' dir='ltr'>illo</span> <span class='ocrx_word' id='word_1_131' title='bbox 746 1897 775 1946; x_wconf 88' lang='lat' dir='ltr'>et</span> <span class='ocrx_word' id='word_1_132' title='bbox 795 1888 853 1948; x_wconf 89' lang='lat' dir='ltr'>boc</span> <span class='ocrx_word' id='word_1_133' title='bbox 874 1888 941 1948; x_wconf 93' lang='lat' dir='ltr'>loco</span> <span class='ocrx_word' id='word_1_134' title='bbox 963 1888 1033 1948; x_wconf 90' lang='lat' dir='ltr'>nihil</span> <span class='ocrx_word' id='word_1_135' title='bbox 1046 1906 1104 1948; x_wconf 90' lang='lat' dir='ltr'>non</span> <span class='ocrx_word' id='word_1_136' title='bbox 1119 1889 1154 1948; x_wconf 91' lang='lat' dir='ltr'>ab</span> <span class='ocrx_word' id='word_1_137' title='bbox 1172 1898 1291 1950; x_wconf 85' lang='lat' dir='ltr'>oratore</span> <span class='ocrx_word' id='word_1_138' title='bbox 1306 1900 1354 1950; x_wconf 90' lang='lat' dir='ltr'>tra</span> 
     </span>
     <span class='ocr_line' id='line_1_18' title="bbox 369 1972 1354 2050; baseline 0.001 -18"><span class='ocrx_word' id='word_1_139' title='bbox 369 1982 476 2032; x_wconf 87' lang='lat' dir='ltr'>otetur:</span> <span class='ocrx_word' id='word_1_140' title='bbox 500 1972 636 2050; x_wconf 89' lang='lat' dir='ltr'>quidquid</span> <span class='ocrx_word' id='word_1_141' title='bbox 661 1973 696 2032; x_wconf 93' lang='lat' dir='ltr'>de</span> <span class='ocrx_word' id='word_1_142' title='bbox 712 1973 842 2031; x_wconf 81' lang='lat' dir='ltr'>honestis</span> <span class='ocrx_word' id='word_1_143' title='bbox 859 1981 889 2031; x_wconf 91' lang='lat' dir='ltr'>et</span> <span class='ocrx_word' id='word_1_144' title='bbox 902 1972 1019 2032; x_wconf 90' lang='lat' dir='ltr'>utilibus</span> <span class='ocrx_word' id='word_1_145' title='bbox 1034 1973 1157 2050; x_wconf 88' lang='lat' dir='ltr'>denique</span> <span class='ocrx_word' id='word_1_146' title='bbox 1173 1973 1317 2034; x_wconf 85' lang='lat' dir='ltr'>faciendis</span> <span class='ocrx_word' id='word_1_147' title='bbox 1334 1993 1354 2033; x_wconf 74' lang='lat' dir='ltr'>cu</span> 
     </span>
     <span class='ocr_line' id='line_1_19' title="bbox 368 2042 1354 2153; baseline 0.001 -37"><span class='ocrx_word' id='word_1_148' title='bbox 368 2074 424 2116; x_wconf 93' lang='lat' dir='ltr'>non</span> <span class='ocrx_word' id='word_1_149' title='bbox 440 2057 578 2116; x_wconf 85' lang='lat' dir='ltr'>faciendis</span> <span class='ocrx_word' id='word_1_150' title='bbox 593 2057 706 2132; x_wconf 90' lang='lat' dir='ltr'>dicitur,</span> <span class='ocrx_word' id='word_1_151' title='bbox 722 2042 800 2133; x_wconf 76' lang='grc' dir='ltr'><em>ἦθος</em></span> <span class='ocrx_word' id='word_1_152' title='bbox 819 2058 918 2115; x_wconf 82' lang='lat' dir='ltr'>vocari</span> <span class='ocrx_word' id='word_1_153' title='bbox 934 2065 1041 2153; x_wconf 88' lang='lat' dir='ltr'>potest.</span> <span class='ocrx_word' id='word_1_154' title='bbox 1080 2056 1200 2130; x_wconf 85' lang='lat' dir='ltr'>Quidam</span> <span class='ocrx_word' id='word_1_155' title='bbox 1216 2074 1354 2117; x_wconf 90' lang='lat' dir='ltr'>commen·</span> 
     </span>
     <span class='ocr_line' id='line_1_20' title="bbox 369 2139 1354 2218; baseline 0 -18"><span class='ocrx_word' id='word_1_156' title='bbox 369 2142 510 2200; x_wconf 89' lang='lat' dir='ltr'>dationem</span> <span class='ocrx_word' id='word_1_157' title='bbox 524 2150 609 2217; x_wconf 89' lang='lat' dir='ltr'>atque</span> <span class='ocrx_word' id='word_1_158' title='bbox 626 2142 840 2199; x_wconf 87' lang='lat' dir='ltr'>excusationem</span> <span class='ocrx_word' id='word_1_159' title='bbox 852 2141 968 2218; x_wconf 88' lang='lat' dir='ltr'>propria</span> <span class='ocrx_word' id='word_1_160' title='bbox 980 2139 1062 2198; x_wconf 91' lang='lat' dir='ltr'>huius</span> <span class='ocrx_word' id='word_1_161' title='bbox 1077 2140 1165 2199; x_wconf 84' lang='lat' dir='ltr'>oflicii</span> <span class='ocrx_word' id='word_1_162' title='bbox 1177 2148 1354 2218; x_wconf 86' lang='lat' dir='ltr'>putaverunt.</span> 
     </span>
     <span class='ocr_line' id='line_1_21' title="bbox 368 2223 1354 2324; baseline 0.002 -42"><span class='ocrx_word' id='word_1_163' title='bbox 368 2243 422 2284; x_wconf 89' lang='lat' dir='ltr'>nec</span> <span class='ocrx_word' id='word_1_164' title='bbox 438 2225 530 2284; x_wconf 86' lang='lat' dir='ltr'>abnuo</span> <span class='ocrx_word' id='word_1_165' title='bbox 548 2242 614 2283; x_wconf 88' lang='lat' dir='ltr'>esse</span> <span class='ocrx_word' id='word_1_166' title='bbox 629 2226 682 2283; x_wconf 87' lang='lat' dir='ltr'>ista</span> <span class='ocrx_word' id='word_1_167' title='bbox 700 2225 728 2282; x_wconf 88' lang='lat' dir='ltr'>in</span> <span class='ocrx_word' id='word_1_168' title='bbox 744 2223 798 2283; x_wconf 87' lang='lat' dir='ltr'>bac</span> <span class='ocrx_word' id='word_1_169' title='bbox 810 2232 907 2301; x_wconf 87' lang='lat' dir='ltr'>parte;</span> <span class='ocrx_word' id='word_1_170' title='bbox 929 2224 982 2283; x_wconf 94' lang='lat' dir='ltr'>sed</span> <span class='ocrx_word' id='word_1_171' title='bbox 1005 2240 1062 2281; x_wconf 86' lang='lat' dir='ltr'>non</span> <span class='ocrx_word' id='word_1_172' title='bbox 1078 2224 1224 2324; x_wconf 90' lang='lat' dir='ltr'>concedo,</span> <span class='ocrx_word' id='word_1_173' title='bbox 1251 2233 1283 2284; x_wconf 89' lang='lat' dir='ltr'>ut</span> <span class='ocrx_word' id='word_1_174' title='bbox 1298 2226 1354 2284; x_wconf 81' lang='lat' dir='ltr'>solt</span> 
     </span>
     <span class='ocr_line' id='line_1_22' title="bbox 327 2294 1354 2384; baseline -0.006 -12"><span class='ocrx_word' id='word_1_175' title='bbox 327 2311 432 2372; x_wconf 78' lang='lat' dir='ltr'>rasim</span> <span class='ocrx_word' id='word_1_176' title='bbox 465 2307 539 2381; x_wconf 82' lang='lat' dir='ltr'>Quin</span> <span class='ocrx_word' id='word_1_177' title='bbox 557 2308 627 2367; x_wconf 91' lang='lat' dir='ltr'>illud</span> <span class='ocrx_word' id='word_1_178' title='bbox 650 2307 742 2367; x_wconf 89' lang='lat' dir='ltr'>adhuc</span> <span class='ocrx_word' id='word_1_179' title='bbox 761 2308 881 2382; x_wconf 90' lang='lat' dir='ltr'>adiicio,</span> <span class='ocrx_word' id='word_1_180' title='bbox 902 2300 1002 2378; x_wconf 89' lang='grc' dir='ltr'><em>πάθος</em></span> <span class='ocrx_word' id='word_1_181' title='bbox 1028 2317 1114 2384; x_wconf 87' lang='lat' dir='ltr'>utque</span> <span class='ocrx_word' id='word_1_182' title='bbox 1133 2294 1210 2384; x_wconf 79' lang='grc' dir='ltr'><em>ἦθος</em></span> <span class='ocrx_word' id='word_1_183' title='bbox 1232 2326 1301 2367; x_wconf 89' lang='lat' dir='ltr'>esse</span> <span class='ocrx_word' id='word_1_184' title='bbox 1321 2311 1354 2368; x_wconf 91' lang='lat' dir='ltr'>in·</span> 
     </span>
     <span class='ocr_line' id='line_1_23' title="bbox 368 2390 1354 2491; baseline 0 -41"><span class='ocrx_word' id='word_1_185' title='bbox 368 2394 450 2450; x_wconf 86' lang='lat' dir='ltr'>terim</span> <span class='ocrx_word' id='word_1_186' title='bbox 470 2409 508 2449; x_wconf 86' lang='lat' dir='ltr'>ex</span> <span class='ocrx_word' id='word_1_187' title='bbox 523 2392 623 2450; x_wconf 87' lang='lat' dir='ltr'>eadem</span> <span class='ocrx_word' id='word_1_188' title='bbox 637 2400 751 2491; x_wconf 90' lang='lat' dir='ltr'>natura,</span> <span class='ocrx_word' id='word_1_189' title='bbox 773 2393 812 2449; x_wconf 89' lang='lat' dir='ltr'>ita</span> <span class='ocrx_word' id='word_1_190' title='bbox 832 2399 863 2449; x_wconf 93' lang='lat' dir='ltr'>ut</span> <span class='ocrx_word' id='word_1_191' title='bbox 889 2390 959 2450; x_wconf 89' lang='lat' dir='ltr'>illud</span> <span class='ocrx_word' id='word_1_192' title='bbox 974 2392 1063 2450; x_wconf 88' lang='lat' dir='ltr'>maius</span> <span class='ocrx_word' id='word_1_193' title='bbox 1079 2393 1116 2451; x_wconf 89' lang='lat' dir='ltr'>sit</span> <span class='ocrx_word' id='word_1_194' title='bbox 1131 2391 1188 2450; x_wconf 90' lang='lat' dir='ltr'>hoc</span> <span class='ocrx_word' id='word_1_195' title='bbox 1205 2394 1309 2467; x_wconf 87' lang='lat' dir='ltr'>minus,</span> <span class='ocrx_word' id='word_1_196' title='bbox 1331 2402 1354 2450; x_wconf 80' lang='lat' dir='ltr'>ut</span> 
     </span>
     <span class='ocr_line' id='line_1_24' title="bbox 369 2435 1354 2551; baseline 0 -18"><span class='ocrx_word' id='word_1_197' title='bbox 369 2492 448 2533; x_wconf 91' lang='lat' dir='ltr'>amor</span> <span class='ocrx_word' id='word_1_198' title='bbox 463 2468 570 2548; x_wconf 85' lang='grc' dir='ltr'><em>πάθος,</em></span> <span class='ocrx_word' id='word_1_199' title='bbox 593 2476 696 2533; x_wconf 87' lang='lat' dir='ltr'>caritas</span> <span class='ocrx_word' id='word_1_200' title='bbox 711 2435 803 2550; x_wconf 71' lang='grc' dir='ltr'><em>ἦθοςς</em></span> <span class='ocrx_word' id='word_1_201' title='bbox 827 2475 966 2534; x_wconf 89' lang='lat' dir='ltr'>interdum</span> <span class='ocrx_word' id='word_1_202' title='bbox 987 2474 1125 2534; x_wconf 88' lang='lat' dir='ltr'>diversa</span> <span class='ocrx_word' id='word_1_203' title='bbox 1116 2485 1191 2534; x_wconf 88' lang='lat' dir='ltr'>mter</span> <span class='ocrx_word' id='word_1_204' title='bbox 1211 2493 1265 2551; x_wconf 90' lang='lat' dir='ltr'>se,</span> <span class='ocrx_word' id='word_1_205' title='bbox 1288 2478 1354 2535; x_wconf 83' lang='lat' dir='ltr'>sicu</span> 
     </span>
     <span class='ocr_line' id='line_1_25' title="bbox 368 2545 1350 2639; baseline 0.002 -23"><span class='ocrx_word' id='word_1_206' title='bbox 368 2561 397 2616; x_wconf 91' lang='lat' dir='ltr'>in</span> <span class='ocrx_word' id='word_1_207' title='bbox 411 2557 546 2639; x_wconf 78' lang='lat' dir='ltr'>epilogis,</span> <span class='ocrx_word' id='word_1_208' title='bbox 564 2575 627 2616; x_wconf 92' lang='lat' dir='ltr'>nam</span> <span class='ocrx_word' id='word_1_209' title='bbox 644 2575 717 2633; x_wconf 91' lang='lat' dir='ltr'>quae</span> <span class='ocrx_word' id='word_1_210' title='bbox 732 2551 831 2627; x_wconf 86' lang='grc' dir='ltr'><em>πάθος</em></span> <span class='ocrx_word' id='word_1_211' title='bbox 847 2558 1017 2632; x_wconf 82' lang='lat' dir='ltr'>concitavit,</span> <span class='ocrx_word' id='word_1_212' title='bbox 1035 2545 1112 2636; x_wconf 78' lang='grc' dir='ltr'><em>ἦθος</em></span> <span class='ocrx_word' id='word_1_213' title='bbox 1126 2558 1202 2618; x_wconf 91' lang='lat' dir='ltr'>solet</span> <span class='ocrx_word' id='word_1_214' title='bbox 1216 2560 1350 2635; x_wconf 78' lang='lat' dir='ltr'>mitigare</span> 
     </span>
     <span class='ocr_line' id='line_1_26' title="bbox 369 2640 1353 2720; baseline 0.001 -21"><span class='ocrx_word' id='word_1_215' title='bbox 369 2640 487 2718; x_wconf 90' lang='lat' dir='ltr'>Proprie</span> <span class='ocrx_word' id='word_1_216' title='bbox 508 2651 600 2699; x_wconf 86' lang='lat' dir='ltr'>tamen</span> <span class='ocrx_word' id='word_1_217' title='bbox 621 2640 687 2699; x_wconf 91' lang='lat' dir='ltr'>mibi</span> <span class='ocrx_word' id='word_1_218' title='bbox 714 2640 796 2699; x_wconf 92' lang='lat' dir='ltr'>huius</span> <span class='ocrx_word' id='word_1_219' title='bbox 821 2641 942 2700; x_wconf 90' lang='lat' dir='ltr'>nominis</span> <span class='ocrx_word' id='word_1_220' title='bbox 968 2643 1152 2720; x_wconf 85' lang='lat' dir='ltr'>exprimenda</span> <span class='ocrx_word' id='word_1_221' title='bbox 1178 2651 1278 2701; x_wconf 87' lang='lat' dir='ltr'>natura</span> <span class='ocrx_word' id='word_1_222' title='bbox 1306 2652 1353 2702; x_wconf 88' lang='lat' dir='ltr'>est</span> 
     </span>
     <span class='ocr_line' id='line_1_27' title="bbox 363 2724 1352 2824; baseline 0.002 -43.016"><span class='ocrx_word' id='word_1_223' title='bbox 363 2733 509 2824; x_wconf 87' lang='lat' dir='ltr'>quatenus</span> <span class='ocrx_word' id='word_1_224' title='bbox 539 2724 774 2802; x_wconf 87' lang='lat' dir='ltr'>appellatione</span> <span class='ocrx_word' id='word_1_225' title='bbox 765 2742 829 2801; x_wconf 83' lang='lat' dir='ltr'>ipso</span> <span class='ocrx_word' id='word_1_226' title='bbox 867 2742 925 2784; x_wconf 91' lang='grc' dir='ltr'>ιιοιι</span> <span class='ocrx_word' id='word_1_227' title='bbox 952 2728 1021 2785; x_wconf 89' lang='lat' dir='ltr'>satis</span> <span class='ocrx_word' id='word_1_228' title='bbox 1052 2726 1207 2802; x_wconf 81' lang='lat' dir='ltr'>significari</span> <span class='ocrx_word' id='word_1_229' title='bbox 1235 2725 1352 2784; x_wconf 89' lang='lat' dir='ltr'>videtur</span> 
     </span>
     <span class='ocr_line' id='line_1_28' title="bbox 328 2795 1353 2905; baseline 0.001 -40"><span class='ocrx_word' id='word_1_230' title='bbox 328 2819 361 2872; x_wconf 84' lang='lat'>13</span> <span class='ocrx_word' id='word_1_231' title='bbox 363 2795 470 2883; x_wconf 76' lang='grc' dir='ltr'><em>Ἠθος,</em></span> <span class='ocrx_word' id='word_1_232' title='bbox 493 2808 568 2885; x_wconf 86' lang='lat' dir='ltr'>quod</span> <span class='ocrx_word' id='word_1_233' title='bbox 584 2807 766 2905; x_wconf 82' lang='lat' dir='ltr'>intelligimus</span> <span class='ocrx_word' id='word_1_234' title='bbox 783 2808 918 2886; x_wconf 88' lang='lat' dir='ltr'>quodque</span> <span class='ocrx_word' id='word_1_235' title='bbox 936 2828 952 2868; x_wconf 88' lang='lat' dir='ltr'>a</span> <span class='ocrx_word' id='word_1_236' title='bbox 972 2809 1131 2868; x_wconf 91' lang='lat' dir='ltr'>dlcentibus</span> <span class='ocrx_word' id='word_1_237' title='bbox 1152 2808 1353 2868; x_wconf 88' lang='lat' dir='ltr'>desideramus</span> 
     </span>
     <span class='ocr_line' id='line_1_29' title="bbox 369 2891 1354 2968; baseline 0 -18"><span class='ocrx_word' id='word_1_238' title='bbox 369 2892 397 2950; x_wconf 91' lang='lat' dir='ltr'>id</span> <span class='ocrx_word' id='word_1_239' title='bbox 417 2893 480 2966; x_wconf 90' lang='lat' dir='ltr'>erit,</span> <span class='ocrx_word' id='word_1_240' title='bbox 497 2891 572 2968; x_wconf 89' lang='lat' dir='ltr'>quod</span> <span class='ocrx_word' id='word_1_241' title='bbox 588 2900 654 2950; x_wconf 89' lang='lat' dir='ltr'>ante</span> <span class='ocrx_word' id='word_1_242' title='bbox 669 2892 760 2950; x_wconf 87' lang='lat' dir='ltr'>omnia</span> <span class='ocrx_word' id='word_1_243' title='bbox 777 2891 906 2952; x_wconf 87' lang='lat' dir='ltr'>bonitate</span> <span class='ocrx_word' id='word_1_244' title='bbox 920 2893 1177 2968; x_wconf 83' lang='lat' dir='ltr'>commendabitur,</span> <span class='ocrx_word' id='word_1_245' title='bbox 1194 2909 1253 2951; x_wconf 92' lang='lat' dir='ltr'>non</span> <span class='ocrx_word' id='word_1_246' title='bbox 1268 2892 1354 2951; x_wconf 91' lang='lat' dir='ltr'>soluu</span> 
     </span>
     <span class='ocr_line' id='line_1_30' title="bbox 369 2974 1354 3054; baseline -0.001 -20"><span class='ocrx_word' id='word_1_247' title='bbox 369 2976 436 3034; x_wconf 90' lang='lat' dir='ltr'>mite</span> <span class='ocrx_word' id='word_1_248' title='bbox 456 2993 492 3034; x_wconf 86' lang='lat' dir='ltr'>ac</span> <span class='ocrx_word' id='word_1_249' title='bbox 513 2975 655 3053; x_wconf 89' lang='lat' dir='ltr'>placidum</span> <span class='ocrx_word' id='word_1_250' title='bbox 675 2974 726 3033; x_wconf 86' lang='lat' dir='ltr'>sed</span> <span class='ocrx_word' id='word_1_251' title='bbox 753 2975 922 3054; x_wconf 88' lang='lat' dir='ltr'>plerumque</span> <span class='ocrx_word' id='word_1_252' title='bbox 943 2976 1075 3049; x_wconf 89' lang='lat' dir='ltr'>blandum</span> <span class='ocrx_word' id='word_1_253' title='bbox 1103 2986 1132 3035; x_wconf 91' lang='lat' dir='ltr'>et</span> <span class='ocrx_word' id='word_1_254' title='bbox 1157 2977 1309 3035; x_wconf 86' lang='lat' dir='ltr'>humanum</span> <span class='ocrx_word' id='word_1_255' title='bbox 1335 2993 1354 3033; x_wconf 92' lang='lat' dir='ltr'>e</span> 
     </span>
     <span class='ocr_line' id='line_1_31' title="bbox 370 3058 1354 3137; baseline -0.002 -19"><span class='ocrx_word' id='word_1_256' title='bbox 370 3059 547 3119; x_wconf 88' lang='lat' dir='ltr'>audientibus</span> <span class='ocrx_word' id='word_1_257' title='bbox 574 3058 694 3119; x_wconf 85' lang='lat' dir='ltr'>amabile</span> <span class='ocrx_word' id='word_1_258' title='bbox 723 3069 808 3137; x_wconf 86' lang='lat' dir='ltr'>atque</span> <span class='ocrx_word' id='word_1_259' title='bbox 835 3059 1001 3134; x_wconf 90' lang='lat' dir='ltr'>iucundum,</span> <span class='ocrx_word' id='word_1_260' title='bbox 1035 3062 1064 3119; x_wconf 89' lang='lat' dir='ltr'>in</span> <span class='ocrx_word' id='word_1_261' title='bbox 1090 3077 1147 3137; x_wconf 91' lang='lat' dir='ltr'>quo</span> <span class='ocrx_word' id='word_1_262' title='bbox 1173 3058 1354 3137; x_wconf 79' lang='lat' dir='ltr'>exprimend(</span> 
     </span>
     <span class='ocr_line' id='line_1_32' title="bbox 370 3143 1354 3217; baseline 0.001 -17"><span class='ocrx_word' id='word_1_263' title='bbox 370 3161 475 3201; x_wconf 89' lang='lat' dir='ltr'>summa</span> <span class='ocrx_word' id='word_1_264' title='bbox 493 3145 583 3202; x_wconf 88' lang='lat' dir='ltr'>virtus</span> <span class='ocrx_word' id='word_1_265' title='bbox 599 3162 632 3201; x_wconf 92' lang='lat' dir='ltr'>ea</span> <span class='ocrx_word' id='word_1_266' title='bbox 649 3151 709 3217; x_wconf 92' lang='lat' dir='ltr'>est,</span> <span class='ocrx_word' id='word_1_267' title='bbox 735 3152 765 3201; x_wconf 92' lang='lat' dir='ltr'>ut</span> <span class='ocrx_word' id='word_1_268' title='bbox 777 3143 868 3202; x_wconf 84' lang='lat' dir='ltr'>fluere</span> <span class='ocrx_word' id='word_1_269' title='bbox 886 3146 978 3203; x_wconf 85' lang='lat' dir='ltr'>omnia</span> <span class='ocrx_word' id='word_1_270' title='bbox 994 3161 1032 3202; x_wconf 86' lang='lat' dir='ltr'>ex</span> <span class='ocrx_word' id='word_1_271' title='bbox 1046 3153 1146 3203; x_wconf 86' lang='lat' dir='ltr'>natura</span> <span class='ocrx_word' id='word_1_272' title='bbox 1161 3161 1256 3202; x_wconf 87' lang='lat' dir='ltr'>rerum</span> <span class='ocrx_word' id='word_1_273' title='bbox 1271 3143 1354 3202; x_wconf 88' lang='lat' dir='ltr'>homi·</span> 
     </span>
     <span class='ocr_line' id='line_1_33' title="bbox 370 3227 1354 3304; baseline -0.002 -20"><span class='ocrx_word' id='word_1_274' title='bbox 370 3245 492 3304; x_wconf 90' lang='lat' dir='ltr'>numque</span> <span class='ocrx_word' id='word_1_275' title='bbox 504 3228 662 3302; x_wconf 86' lang='lat' dir='ltr'>videantur,</span> <span class='ocrx_word' id='word_1_276' title='bbox 679 3243 735 3303; x_wconf 88' lang='lat' dir='ltr'>quo</span> <span class='ocrx_word' id='word_1_277' title='bbox 746 3242 843 3286; x_wconf 89' lang='lat' dir='ltr'>mores</span> <span class='ocrx_word' id='word_1_278' title='bbox 857 3227 979 3287; x_wconf 89' lang='lat' dir='ltr'>dicentis</span> <span class='ocrx_word' id='word_1_279' title='bbox 996 3229 1175 3288; x_wconf 86' lang='lat' dir='ltr'>exoratione</span> <span class='ocrx_word' id='word_1_280' title='bbox 1191 3227 1354 3304; x_wconf 61' lang='lat' dir='ltr'>perluceant</span> 
     </span>
     <span class='ocr_line' id='line_1_34' title="bbox 329 3310 1354 3388; baseline -0.001 -20"><span class='ocrx_word' id='word_1_281' title='bbox 329 3323 363 3376; x_wconf 77' lang='lat'>14</span> <span class='ocrx_word' id='word_1_282' title='bbox 371 3319 399 3368; x_wconf 92' lang='lat' dir='ltr'>et</span> <span class='ocrx_word' id='word_1_283' title='bbox 414 3310 621 3388; x_wconf 86' lang='lat' dir='ltr'>quodammodo</span> <span class='ocrx_word' id='word_1_284' title='bbox 637 3320 840 3386; x_wconf 81' lang='lat' dir='ltr'>agnoscantur.</span> <span class='ocrx_word' id='word_1_285' title='bbox 870 3310 955 3383; x_wconf 85' lang='lat' dir='ltr'>Quod</span> <span class='ocrx_word' id='word_1_286' title='bbox 970 3320 1015 3370; x_wconf 88' lang='lat' dir='ltr'>est</span> <span class='ocrx_word' id='word_1_287' title='bbox 1029 3312 1091 3370; x_wconf 89' lang='lat' dir='ltr'>siue</span> <span class='ocrx_word' id='word_1_288' title='bbox 1105 3310 1190 3370; x_wconf 91' lang='lat' dir='ltr'>dubio</span> <span class='ocrx_word' id='word_1_289' title='bbox 1205 3312 1281 3369; x_wconf 88' lang='lat' dir='ltr'>inter</span> <span class='ocrx_word' id='word_1_290' title='bbox 1294 3326 1354 3370; x_wconf 88' lang='lat' dir='ltr'>con·</span> 
     </span>
     <span class='ocr_line' id='line_1_35' title="bbox 369 3394 1354 3473; baseline -0.002 -21"><span class='ocrx_word' id='word_1_291' title='bbox 369 3397 478 3452; x_wconf 89' lang='lat' dir='ltr'>iunctas</span> <span class='ocrx_word' id='word_1_292' title='bbox 494 3397 615 3453; x_wconf 86' lang='lat' dir='ltr'>maxime</span> <span class='ocrx_word' id='word_1_293' title='bbox 630 3411 788 3473; x_wconf 85' lang='lat' dir='ltr'>personas,</span> <span class='ocrx_word' id='word_1_294' title='bbox 812 3396 944 3471; x_wconf 88' lang='lat' dir='ltr'>quotiens</span> <span class='ocrx_word' id='word_1_295' title='bbox 959 3394 1093 3470; x_wconf 85' lang='lat' dir='ltr'>ferimus,</span> <span class='ocrx_word' id='word_1_296' title='bbox 1111 3394 1299 3471; x_wconf 76' lang='lat' dir='ltr'>ignoscimus,</span> <span class='ocrx_word' id='word_1_297' title='bbox 1317 3409 1354 3451; x_wconf 86' lang='lat' dir='ltr'>sa·</span> 
     </span>
     <span class='ocr_line' id='line_1_36' title="bbox 370 3476 1354 3556; baseline 0.001 -22"><span class='ocrx_word' id='word_1_298' title='bbox 370 3476 541 3551; x_wconf 82' lang='lat' dir='ltr'>tisfucimus,</span> <span class='ocrx_word' id='word_1_299' title='bbox 566 3496 730 3553; x_wconf 90' lang='lat' dir='ltr'>monemus,</span> <span class='ocrx_word' id='word_1_300' title='bbox 753 3477 913 3554; x_wconf 84' lang='lat' dir='ltr'>proculab</span> <span class='ocrx_word' id='word_1_301' title='bbox 936 3479 993 3554; x_wconf 85' lang='lat' dir='ltr'>ira,</span> <span class='ocrx_word' id='word_1_302' title='bbox 1016 3477 1170 3556; x_wconf 87' lang='lat' dir='ltr'>proculab</span> <span class='ocrx_word' id='word_1_303' title='bbox 1186 3477 1264 3537; x_wconf 90' lang='lat' dir='ltr'>odio.</span> <span class='ocrx_word' id='word_1_304' title='bbox 1304 3476 1354 3536; x_wconf 73' lang='lat' dir='ltr'>sec</span> 
     </span>
     <span class='ocr_line' id='line_1_37' title="bbox 371 3559 1354 3639; baseline -0.002 -22"><span class='ocrx_word' id='word_1_305' title='bbox 371 3568 465 3617; x_wconf 91' lang='lat' dir='ltr'>tamen</span> <span class='ocrx_word' id='word_1_306' title='bbox 480 3560 535 3619; x_wconf 87' lang='lat' dir='ltr'>alia</span> <span class='ocrx_word' id='word_1_307' title='bbox 550 3564 639 3637; x_wconf 86' lang='lat' dir='ltr'>patris</span> <span class='ocrx_word' id='word_1_308' title='bbox 655 3562 793 3622; x_wconf 77' lang='lat' dir='ltr'>adversus</span> <span class='ocrx_word' id='word_1_309' title='bbox 813 3560 916 3636; x_wconf 88' lang='lat' dir='ltr'>lilium,</span> <span class='ocrx_word' id='word_1_310' title='bbox 936 3565 1038 3622; x_wconf 91' lang='lat' dir='ltr'>tutoris</span> <span class='ocrx_word' id='word_1_311' title='bbox 1060 3563 1198 3621; x_wconf 85' lang='lat' dir='ltr'>adversus</span> <span class='ocrx_word' id='word_1_312' title='bbox 1210 3559 1354 3639; x_wconf 87' lang='lat' dir='ltr'>pupillum.</span> 
     </span>
     <span class='ocr_line' id='line_1_38' title="bbox 370 3642 1353 3724; baseline 0 -24"><span class='ocrx_word' id='word_1_313' title='bbox 370 3644 462 3701; x_wconf 89' lang='lat' dir='ltr'>mariti</span> <span class='ocrx_word' id='word_1_314' title='bbox 483 3642 621 3702; x_wconf 89' lang='lat' dir='ltr'>adversus</span> <span class='ocrx_word' id='word_1_315' title='bbox 643 3662 763 3705; x_wconf 85' lang='lat' dir='ltr'>uxorem</span> <span class='ocrx_word' id='word_1_316' title='bbox 784 3644 944 3710; x_wconf 84' lang='lat' dir='ltr'>moderatio</span> <span class='ocrx_word' id='word_1_317' title='bbox 965 3655 1030 3714; x_wconf 84' lang='lat' dir='ltr'>est;</span> <span class='ocrx_word' id='word_1_318' title='bbox 1052 3645 1080 3704; x_wconf 91' lang='lat' dir='ltr'>bi</span> <span class='ocrx_word' id='word_1_319' title='bbox 1102 3647 1175 3704; x_wconf 90' lang='lat' dir='ltr'>enim</span> <span class='ocrx_word' id='word_1_320' title='bbox 1193 3643 1353 3724; x_wconf 67' lang='lat' dir='ltr'>praeferunt</span> 
     </span>
     <span class='ocr_line' id='line_1_39' title="bbox 370 3727 1354 3807; baseline -0.002 -22"><span class='ocrx_word' id='word_1_321' title='bbox 370 3744 469 3786; x_wconf 87' lang='lat' dir='ltr'>eorum</span> <span class='ocrx_word' id='word_1_322' title='bbox 489 3728 633 3807; x_wconf 88' lang='lat' dir='ltr'>ipsorum,</span> <span class='ocrx_word' id='word_1_323' title='bbox 655 3746 672 3788; x_wconf 85' lang='lat' dir='ltr'>a</span> <span class='ocrx_word' id='word_1_324' title='bbox 695 3727 797 3806; x_wconf 88' lang='lat' dir='ltr'>quibus</span> <span class='ocrx_word' id='word_1_325' title='bbox 818 3729 984 3806; x_wconf 87' lang='lat' dir='ltr'>laeduntur,</span> <span class='ocrx_word' id='word_1_326' title='bbox 1008 3731 1174 3805; x_wconf 73' lang='lat' dir='ltr'>carimtem,</span> <span class='ocrx_word' id='word_1_327' title='bbox 1195 3745 1291 3807; x_wconf 87' lang='lat' dir='ltr'>neque</span> <span class='ocrx_word' id='word_1_328' title='bbox 1304 3727 1354 3785; x_wconf 83' lang='lat' dir='ltr'>ali(</span> 
     </span>
    </p>
   </div>
   <div class='ocr_carea' id='block_1_3' title="bbox 0 0 1599 4409">
    <p class='ocr_par' dir='ltr' id='par_1_3' title="bbox 0 0 1599 4409">
     <span class='ocr_line' id='line_1_40' title="bbox 0 0 1599 4409; baseline 0 0"><span class='ocrx_word' id='word_1_329' title='bbox 0 0 1599 4409; x_wconf 95' lang='lat' dir='ltr'> </span> 
     </span>
    </p>
   </div>
  </div>
 </body>
</html>
