3184 4409
592 462 1018 531 mar.0nsnon.n1s.xr,3.
1243 453 1324 523 215Ζ

246 646 280 703 ᾖ
301 621 399 698 liam,
410 621 474 699 quia
490 622 653 680 interiectio
670 629 715 680 est
728 620 793 698 foto
804 620 955 698 prosaque
973 630 1001 679 et
1017 623 1178 681 continuum
1193 641 1302 683 sermo·

246 740 275 803 μ
298 724 383 781 nem,
401 707 449 782 qui
467 704 593 764 faciebat
609 703 735 766 Italiam
750 702 943 802 Looipuque,
965 704 1072 802 dividit.
1106 705 1149 765 Ob
1169 708 1301 767 eandem·

246 815 268 871 5,
299 806 486 869 que‘causam
498 788 601 866 quarto
614 790 774 868 prosaque,
791 788 894 848 deinde
908 786 1085 865 Lemnoque
1095 793 1176 850 cessit
1191 793 1301 861 litoro,·

246 915 277 958 ι
299 875 348 933 ubi
363 876 417 932 iam
434 875 487 932 erit
504 873 665 948 distinctio,
688 874 753 950 quia
771 872 836 931 inde
853 872 924 931 alius
940 873 1040 949 incipit
1055 891 1168 932 sensus.
1199 876 1258 934 Sed
1273 878 1301 934 in

246 1001 274 1042 3
296 959 371 1036 ipsis
393 959 478 1016 etiam
503 956 730 1016 distinctionibus
747 965 860 1034 tempus
881 956 952 1015 alias
968 955 1083 1015 brevius
1100 957 1170 1016 alias
1186 957 1300 1035 longius

297 1041 439 1101 dabimus.
470 1040 594 1100 Interest
610 1042 693 1115 enim,
712 1043 874 1099 sermonem
886 1039 982 1099 finiant
994 1057 1029 1099 an
1045 1058 1169 1100 sensum.
1202 1041 1342 1121 ltaque38

246 1158 268 1187 ·.·
295 1125 377 1185 illam
399 1126 611 1184 distinctionem
627 1124 734 1187 Litora
753 1126 882 1202 protinus
904 1124 996 1183 altero
1019 1126 1135 1201 spiritus
1158 1126 1236 1185 initio
1258 1129 1299 1186 in·

246 1206 266 1297 ,4'
295 1226 421 1286 sequar;
445 1227 508 1268 cum
532 1208 601 1267 illuc
623 1225 733 1268 venero
748 1206 846 1287 Atque
865 1209 948 1268 ottae
963 1210 1082 1269 moenio
1097 1208 1229 1270 nomae:
1250 1210 1311 1270 de·.

246 1338 264 1382 Β
295 1309 404 1371 ponam
425 1291 613 1373 etmcrabor
633 1302 663 1353 et
684 1309 787 1351 novum
804 1309 902 1350 rursus
925 1291 1072 1351 exordium
1087 1293 1200 1351 faciam.
1230 1295 1342 1358 Sunt39

246 1426 260 1466 Ι
295 1376 451 1452 aliquando
482 1388 512 1436 et
543 1377 605 1435 sine
635 1378 826 1454 respiratione
860 1374 999 1452 quaedam
1030 1393 1127 1434 morae
1160 1379 1245 1436 etiam
1271 1381 1299 1437 in

246 1510 257 1535 ,
295 1461 437 1538 periodis.
480 1460 518 1520 Ut
547 1461 622 1519 enim
650 1461 716 1520 illa:
755 1458 793 1520 Ia
817 1468 901 1520 coetu
927 1477 1000 1520 vero
1027 1461 1133 1539 populi
1158 1460 1298 1536 maai,

294 1546 448 1621 capotium
474 1543 631 1621 publicum
649 1563 777 1623 pereas,
803 1544 949 1622 moqister
969 1545 1100 1622 equitum
1128 1553 1185 1603 etc.
1211 1546 1298 1606 multa

295 1627 425 1688 membra
448 1627 554 1687 habent
576 1628 694 1706 (sensus
710 1630 784 1688 enim
799 1638 864 1687 sunt
878 1627 925 1687 alii
941 1636 1027 1704 atque
1047 1628 1112 1706 alii)
1138 1629 1190 1688 sed
1215 1647 1299 1688 unam

297 1712 583 1772 circumductionem:
618 1713 657 1771 ita
682 1713 796 1791 paulum
815 1712 980 1787 morandum
1007 1713 1035 1771 in
1057 1711 1101 1770 his
1128 1712 1297 1788 intervallis,

296 1812 355 1853 non
372 1794 620 1873 interrumpendus
640 1805 685 1855 est
701 1804 863 1856 contextus.
895 1795 953 1855 Sed
976 1814 992 1855 e
1009 1798 1152 1856 contrario
1169 1798 1298 1874 spiritum

295 1879 410 1937 interim
425 1881 560 1958 recipere
577 1881 639 1938 sine
654 1880 804 1939 intellectu
816 1895 915 1939 morae
929 1897 1054 1939 necesse
1070 1890 1131 1955 est,
1157 1897 1213 1958 quo
1230 1880 1297 1940 loco

298 1964 380 2039 quasi
395 1963 591 2042 surripiendus
607 1972 666 2031 est;
690 1963 799 2040 alioqui
817 1963 841 2021 si
861 1963 963 2021 inscite
980 1963 1153 2040 recipiatur,
1175 1981 1233 2023 non
1246 1967 1296 2023 mi-

295 2064 349 2104 nus
365 2047 465 2106 alierat
486 2047 669 2106 obscuritatis
683 2065 767 2125 quam
780 2047 884 2106 vitiosa
900 2046 1053 2106 distinctio.
1083 2047 1181 2106 Virtus
1203 2058 1297 2107 autem

296 2130 488 2206 distinguendi
504 2130 630 2190 fortasse
645 2132 682 2190 sit
694 2147 796 2209 parva;
812 2130 874 2189 sine
886 2147 943 2208 qua
957 2138 1051 2190 tamen
1067 2148 1134 2189 esse
1148 2131 1225 2192 nulla
1240 2131 1296 2192 alia

295 2215 324 2272 in
339 2215 452 2291 agendo
468 2223 576 2293 potest.

381 2297 515 2357 Ornata
544 2307 588 2357 est
609 2299 817 2377 pronuntiatio,
847 2298 892 2357 cui
916 2297 1087 2373 suffragatur
1107 2314 1167 2356 vox
1188 2297 1331 2372 facilis‚40

294 2399 413 2457 magna,
429 2381 526 2456 beata,
542 2378 696 2457 flexibilis,
706 2381 795 2457 firma,
813 2381 916 2457 dulcis,
937 2381 1089 2456 durabilis,
1106 2380 1194 2455 clara,
1211 2399 1294 2458 pura,

295 2483 398 2524 secans
418 2471 486 2523 aera
509 2473 538 2524 et
559 2465 674 2524 auribus
691 2466 813 2542 sedens,
839 2466 901 2543 (est
918 2467 992 2524 enim
1007 2464 1145 2543 quaedam
1160 2464 1196 2524 ad
1217 2465 1294 2525 audi·

294 2557 352 2608 tum
375 2548 590 2610 accommodata
612 2566 670 2608 ncn
688 2549 881 2626 magnitudine
896 2549 948 2614 sed
965 2549 1159 2627 proprietate)
1180 2548 1216 2608 ad
1237 2548 1295 2608 hoc

267 2640 269 2644 '
293 2633 373 2692 velut
392 2631 568 2707 tractabilis,
591 2635 688 2711 utique
705 2632 816 2692 habens
832 2649 930 2693 omnes
946 2634 975 2691 in
988 2651 1037 2707 se,
1059 2633 1107 2710 qui
1129 2631 1293 2693 desideran-

294 2726 354 2791 tur,
374 2734 463 2775 sonos
479 2717 710 2795 intentionesque
726 2725 755 2776 et
770 2725 848 2792 tcta,
869 2725 900 2776 ut
913 2717 1006 2791 aiunt,
1025 2733 1165 2794 mquam·
1182 2718 1227 2776 cui
1244 2716 1293 2776 ad·

295 2803 349 2858 erit
363 2801 462 2860 lateris
480 2799 615 2878 firmitas,
639 2802 756 2879 spiritus
780 2819 845 2861 cnm
865 2803 959 2878 spatio
974 2801 1106 2880 pertinax
1126 2809 1184 2861 tum
1200 2799 1293 2860 labori

293 2900 350 2941 non
365 2884 453 2944 iacile
470 2902 616 2944 cessurus.
647 2883 749 2962 Neque
763 2885 949 2962 gravissimus
964 2894 1059 2944 autem
1078 2886 1108 2943 in
1121 2885 1229 2944 musica
1245 2901 1292 2942 sc·
1301 2891 1333 2945 41

293 2986 346 3024 nus
363 2986 418 3027 nec
433 2970 613 3028 acutissimus
630 2969 807 3028 orationibus
823 2970 966 3028 convenit.
997 2967 1068 3028 Nam
1086 2977 1115 3027 et
1129 2968 1177 3028 hic
1193 2985 1293 3045 parum

294 3050 388 3109 clarus
404 3053 574 3131 nimiumque
586 3053 689 3132 plenus
704 3052 812 3112 nullum
828 3052 933 3112 alierre
948 3053 1047 3112 animis
1063 3060 1169 3112 motum
1183 3058 1291 3128 potest,

294 3142 322 3192 et
338 3134 388 3193 ille
405 3139 571 3212 praetenuis
590 3146 620 3196 et
634 3137 802 3210 immodicae
823 3135 976 3212 claritatis,
1001 3153 1064 3195 cum
1086 3144 1131 3195 est
1147 3135 1221 3194 ultra
1241 3153 1291 3193 ve·

292 3236 369 3291 rum,
393 3226 450 3277 tum
467 3237 562 3296 neque
576 3222 808 3298 pronuntiatione
826 3219 906 3279 ilecti
920 3237 1015 3298 neque
1036 3219 1140 3279 diutius
1157 3218 1235 3278 ferre
1250 3220 1291 3277 in·

292 3303 448 3361 tentionem
469 3312 576 3381 potest.
612 3302 683 3363 Nam
704 3321 763 3362 vox
787 3311 818 3362 ut
837 3305 936 3380 nervi,
960 3320 1017 3382 quo
1038 3304 1203 3378 remissior,
1235 3301 1332 3362 hoc42

291 3387 408 3461 gravior
431 3394 460 3444 et
480 3387 610 3464 plenior:
634 3403 692 3465 quo
708 3388 835 3464 tensior,
856 3387 913 3447 hoc
933 3389 1026 3477 tqnuis
1049 3396 1079 3447 et
1102 3395 1185 3446 acuta
1199 3388 1291 3463 magis

292 3478 346 3527 est.
374 3471 423 3528 Sic
438 3471 492 3528 ima
509 3470 566 3528 vim
581 3487 637 3529 non
652 3469 756 3547 babet,
776 3489 884 3531 summa
902 3473 994 3550 rumpi
1011 3471 1200 3549 periclitatur.
1230 3468 1295 3529 lle·

292 3553 345 3613 diis
367 3570 438 3629 ergo
459 3553 593 3612 utendum
609 3555 705 3628 souis,
731 3554 819 3632 hique
837 3573 901 3614 cum
915 3555 1047 3632 augenda
1061 3556 1218 3615 intentione
1240 3571 1290 3613 ex·

292 3637 412 3711 citandi,
437 3655 500 3696 cum
522 3638 720 3698 summittenda
736 3647 802 3698 sunt
816 3640 1004 3717 temperandi.
1350 3706 1352 3711 ,

373 3719 444 3781 Nam
465 3722 555 3801 prima
578 3731 623 3782 est
645 3721 813 3784 observatio
834 3732 916 3784 recte
931 3724 1130 3803 pronuntiandi
1153 3725 1331 3800 aequa-aa
