3184 4409
315 496 373 560 148
406 536 409 543 -
619 511 657 556 n.
679 508 756 556 sss.
780 508 999 569 domomum

311 665 452 740 mirabor,
468 663 582 724 Latinos
595 665 685 738 magis
702 662 856 722 indulsisse
871 663 1074 740 compositioni
1091 680 1183 741 quem
1194 663 1312 742 Attioot,

257 758 306 813 146
314 766 370 826 quo
386 751 476 808 minus
493 750 521 807 in
536 746 633 805 verbis
651 745 773 805 habeant
787 747 933 805 varietatis
950 754 979 805 et
993 749 1123 823 gratiae:
1143 766 1205 809 neo
1223 749 1311 813 vitiu

314 834 450 906 dixerim,
467 833 491 890 si
507 829 611 890 Cicero
627 848 644 889 a
658 829 856 890 Demosthene
872 830 987 906 pdolum
1001 832 1030 889 in
1044 831 1101 890 lieo
1117 841 1208 910 parte
1227 832 1309 893 desti

313 918 363 975 vit.
408 916 467 975 Sed
482 933 555 993 quae
571 916 607 972 sit
622 913 782 972 differentia
797 915 888 972 nostri
905 912 1066 995 Graecique
1080 917 1249 994 sermonis,
1270 932 1307 975 ex·

313 999 432 1078 plicabit
447 1016 570 1058 summus
584 997 667 1057 liber.
978 1036 982 1045 ·

396 1081 573 1160 Compositio
587 1081 666 1158 (num
677 1081 762 1139 finem
773 1081 921 1157 imponere
933 1098 1055 1157 egresso
1067 1081 1249 1145 destinatum
1262 1101 1307 1145 nno

314 1167 379 1226 dnm
398 1166 534 1224 volumini
557 1165 679 1243 festino)
698 1163 785 1223 debet
804 1182 871 1222 esse
893 1164 1032 1240 honeste,
1059 1167 1212 1242 iucunde,¹
1232 1170 1306 1227 verit

256 1248 383 1311 147Eius
400 1257 459 1309 tres
475 1259 572 1327 partes
589 1248 678 1323 ordo,
696 1249 876 1323 coniunctio,
898 1265 1041 1307 numerus.
1087 1247 1179 1310 Retio
1198 1253 1230 1311 in
1244 1252 1307 1311 edis

313 1334 426 1407 ctione,
444 1333 640 1407 detractione,
657 1333 828 1398 mutatione:
848 1350 917 1391 usus
930 1349 984 1411 pro
1000 1342 1099 1392 netum
1113 1351 1235 1409 rerum,
1251 1353 1308 1415 que

312 1416 446 1477 dicimus:
470 1433 671 1493 cummagno,
688 1425 718 1474 ut
732 1416 874 1475 sentiendi
892 1424 978 1492 etque
991 1418 1152 1495 eloquendi
1170 1420 1255 1499 prior
1269 1420 1307 1485 sit:

313 1499 500 1559 dissimulatio
520 1518 605 1559 curae
621 1500 795 1577 praecipua,
816 1508 846 1559 ut
866 1501 976 1560 numeri
991 1509 1095 1580 sponte
1113 1501 1243 1563 fluxisse
1264 1520 1309 1563 nus

313 1584 445 1642 arcessiti
462 1591 491 1642 et
506 1585 599 1643 eoacti
615 1600 682 1642 esse
702 1584 862 1643 uideantur.
1314 1592 1318 1601 “

664 1791 849 1798 -..--..—-
853 1790 917 1797 .....
929 1791 936 1797 -

676 1943 855 2008 LIBER
894 1945 939 2009 X.

312 2075 388 2125 Libro
405 2075 501 2124 decimo
520 2075 582 2125 hueo
600 2076 769 2125 eontinentur:
790 2074 827 2125 De
840 2066 1068 2139 oopiever'borum.
1107 2073 1184 2133 Quae
1198 2076 1308 2143 legende

347 2144 392 2202 Qui
412 2144 562 2194 Graecorum
585 2146 695 2194 maxime
718 2144 828 2209 legendi.
870 2142 918 2202 Qui
940 2144 1119 2194 Romanorum.
1170 2146 1210 2197 De
1236 2148 1309 2196 imitu-

345 2213 422 2265 tione.
451 2213 579 2272 Quomodo
598 2213 767 2265 scribendum.
797 2210 928 2270 Quomodo
946 2212 1142 2262 emendandum.
1177 2213 1250 2273 Quae
1267 2228 1310 2263 me

345 2283 414 2331 xime
431 2282 572 2333 scribenda.
607 2282 643 2330 D'e
661 2283 822 2346 cogitatione.
858 2281 989 2353 Quomodo
1007 2280 1194 2345 extemporalis
1209 2282 1310 2335 facilites

346 2359 449 2417 paretur
467 2358 491 2400 et
510 2352 672 2401 eorrtineetur.

630 2503 673 2552 DE
693 2501 789 2552 curm
807 2499 996 2553 VERBORUM.

374 2616 396 2676 l.
419 2598 479 2679 Seu
499 2615 572 2674 haee
593 2615 746 2694 eloquendi
769 2621 945 2693 praecepta,
972 2613 1046 2672 siout
1070 2615 1237 2688 cognitioni
1257 2620 1314 2675 sunt

312 2700 493 2774 necessarie,
512 2700 550 2758 ita
566 2702 701 2759 nonsatis
714 2697 749 2759 ad
761 2701 817 2757 vim
833 2697 946 2758 dieendi
961 2696 1074 2771 velent,
1090 2698 1147 2755 nisi
1165 2698 1226 2758 illis
1243 2698 1314 2759 nrnr

313 2785 451 2863 quaedem
463 2783 602 2858 facilites,
620 2802 693 2860 quae
710 2783 785 2862 apud
801 2781 929 2842 Graecos
946 2778 1002 2854 ἕξις
1016 2780 1199 2858 nominatur,
1217 2800 1312 2845 atses

312 2870 398 2936 serit;
430 2869 465 2928 ad
487 2884 570 2945 quam
592 2867 746 2927 scribendo
767 2867 832 2946 plus
851 2883 887 2926 an
902 2864 1027 2942 legendo
1048 2882 1085 2923 an
1100 2863 1231 2926 dioendo
1253 2884 1313 2926 oon

311 2952 436 3026 feretur,
456 2951 553 3010 solere
570 2953 667 3029 quaeri
683 2954 755 3011 scio.
802 2950 886 3023 Quod
904 2959 984 3009 esset
999 2948 1130 3025 diligenti
1146 2948 1236 3009 nobis
1253 2967 1314 3011 exn·

312 3036 472 3096 minandum
493 3052 575 3109 eure,
596 3036 619 3092 si
638 3036 767 3112 quelibet
783 3053 881 3094 earum
896 3051 992 3093 rerum
1006 3048 1162 3110 possemus
1179 3052 1239 3094 una
1254 3049 1316 3094 esse

283 3121 450 3180 moontenti.
492 3118 598 3177 Verum
623 3120 662 3178 ita
692 3128 757 3178 sunt
784 3120 860 3177 inter
881 3135 915 3177 se
944 3134 1075 3177 connexa
1102 3125 1131 3176 et
1160 3118 1315 3178 indiscrete

312 3206 422 3279 omnia,
437 3213 484 3277 ut,
500 3205 524 3262 si
540 3201 606 3281 quid
622 3221 659 3261 ex
672 3203 716 3262 his
732 3202 873 3278 deluerit,
893 3202 998 3262 irustm
1013 3201 1050 3259 sit
1064 3201 1093 3260 in
1108 3204 1221 3261 ueteris
1241 3200 1315 3263 lubo-

311 3294 411 3345 ratum.
455 3286 526 3346 Nem
549 3305 643 3364 neque
659 3286 752 3347 solida
769 3295 855 3364 atque
871 3285 990 3345 robuste
1006 3284 1092 3344 inerit
1114 3302 1245 3367 unquam
1261 3285 1315 3347 elo·

313 3371 446 3445 quentia,
473 3372 526 3429 nisi
549 3371 637 3430 multo
658 3371 725 3430 stilo
747 3371 826 3428 vires
845 3370 1006 3449 adceperit:
1034 3377 1063 3428 et
1088 3371 1161 3429 eitra
1183 3370 1315 3431 lectionis

312 3452 475 3529 exemplum
494 3453 577 3512 labor
598 3455 649 3513 ille
675 3471 778 3513 carens
802 3463 919 3513 restore
934 3453 1004 3513 lluit.
1043 3450 1098 3525 Qui
1114 3461 1214 3513 autem
1234 3456 1315 3526 solet,

313 3551 370 3611 quo
386 3552 518 3614 quaeque
539 3539 594 3595 sint
608 3537 693 3598 modo
710 3537 848 3612 dicenda,
870 3538 924 3596 nisi
940 3546 1035 3597 tamen
1053 3537 1082 3594 in
1097 3530 1257 3615 procinctu
1271 3552 1316 3617 ps·

312 3626 458 3696 rutamque
475 3619 510 3678 ad
526 3637 624 3679 omnes
648 3640 732 3680 casus
754 3620 885 3680 hebuerit
903 3621 1114 3701 eloquentiam,
1136 3620 1221 3682 velut
1242 3620 1315 3682 olno-

283 3702 352 3761 ttsis
368 3701 510 3761 thesauris
524 3703 679 3763 insultabit.
698 3758 700 3763 .
716 3703 780 3764 Non
795 3712 935 3764 autemut
951 3704 1076 3783 quidque
1091 3706 1256 3783 pmooipne
1270 3720 1315 3763 ne-

305 3789 466 3852 cessarium
485 3798 547 3872 est,
572 3789 616 3851 sio
638 3789 674 3850 ad
691 3787 874 3850 eiiiuiendum
886 3797 1031 3848 oratorem
1049 3788 1166 3847 maximi
1186 3788 1315 3869 protinus
