3184 4409
325 292 387 356 250
640 304 1003 367 trasemundum

324 462 426 538 Decii,
450 459 536 520 Mucii
556 459 664 539 aliique
684 456 930 521 innumerabiles?
957 457 1108 533 commu
1134 464 1218 525 enin
1233 459 1307 525 Grati

325 546 492 626 praeceptis
508 544 621 621 valent,
646 552 752 605 tantum
766 543 903 621 Romani,
924 542 1002 622 qnod
1022 553 1074 605 eat
1093 548 1216 625 mains,
1239 562 1307 609 aar*

281 639 314 693 31
324 629 390 710 plis.
421 629 598 706 Tantumque
613 644 671 687 non
692 629 817 705 cognitis
837 627 888 689 ille
902 626 991 687 rebus
1009 626 1190 708 admisu-it,
1217 632 1307 711 qni!

322 713 408 774 modo
431 713 590 792 proximum
611 720 723 792 tempus
745 711 899 791 lucemque
923 720 1117 791 praesentem
1135 714 1247 777 intueri
1263 712 1307 777 d

323 798 423 858 credat
442 796 495 855 sed
514 812 626 855 omnem
646 795 825 875 posteritatis
845 795 1010 855 memoriam
1032 797 1171 875 spatium
1189 794 1306 861 ritseb

321 889 423 941 nestae
439 887 469 938 et
483 879 654 938 curriculum
669 879 760 941 laudis
775 879 931 938 existimet.
956 876 1030 939 Hinc
1044 878 1119 941 mihi
1136 881 1196 943 ille
1210 880 1307 943 Ιώ

321 965 440 1025 haustus
454 962 550 1038 bibat,
560 963 639 1036 ¹bino
653 970 795 1040 sumptam
809 960 972 1022 libertatem
985 962 1015 1021 in
1029 965 1136 1025 causis
1156 974 1250 1047 atque
1264 980 1307 1027 a}

322 1049 393 1108 siliis
408 1055 548 1127 praestet.
573 1045 676 1125 Neque
692 1047 746 1105 erit
760 1044 911 1127 perfectus
928 1054 1044 1124 orator,
1059 1047 1123 1109 nist
1141 1051 1195 1130 qul
1209 1048 1307 1113 hm

321 1132 421 1193 dicere
436 1139 466 1191 et
481 1132 556 1191 sciet
571 1139 600 1190 et
615 1128 741 1190 audebit.
814 1194 817 1202 ,

387 1281 617 1336 anonssnrunu
641 1280 728 1332 runis
752 1279 870 1334 orvnrs
892 1276 1038 1333 onsaoar
1061 1266 1263 1337 scrnrtnssrs

404 1378 455 1439 Ill.
474 1377 569 1438 luris
584 1395 699 1456 quoque
715 1379 846 1438 civilis
862 1374 1198 1441 necessariabniovirc
1210 1378 1310 1443 scttffl

322 1471 369 1523 cst
386 1471 415 1523 et
429 1478 539 1521 morum
559 1479 595 1520 sc
610 1460 783 1538 religionum
797 1463 861 1522 elus
874 1462 918 1522 rei
934 1458 1093 1540 publicae,
1119 1479 1212 1542 quam
1227 1480 1310 1543 eapse

322 1555 377 1607 set.
411 1544 483 1606 Nam
499 1544 593 1623 qualis
614 1563 682 1605 esse
698 1562 801 1606 suasor
820 1545 854 1618 in,
864 1543 994 1607 consiliis
1008 1542 1145 1623 publica
1170 1548 1311 1627 priuatim

321 1630 429 1710 poterit
444 1636 487 1688 tot
500 1646 615 1704 rerum,
631 1628 735 1707 quibus
750 1629 910 1708 praecipue
926 1628 1027 1688 civitas
1044 1630 1236 1709 continetur,
1250 1632 1311 1711 Ιμ

320 1711 390 1774 rus?
420 1711 484 1787 Quo
508 1720 602 1772 autem
618 1706 704 1773 modo
719 1723 870 1792 patronum
886 1730 920 1773 se
937 1728 1090 1773 causam
1107 1730 1173 1785 non
1195 1712 1311 1779 micat

320 1798 414 1873 uerit,
436 1797 500 1875 qui,
524 1795 601 1873 quod
617 1804 662 1856 est
682 1797 821 1858 incensis
838 1795 1085 1875 potentissimum,
1111 1798 1156 1861 sit
1174 1796 1215 1861 ab
1237 1798 1311 1861 alte·

320 1882 476 1961 petiturus,
508 1897 602 1958 paene
622 1895 679 1939 nou
705 1879 849 1940 dissimilis
870 1880 923 1956 iis,
956 1879 1005 1958 qui
1032 1887 1198 1959 poetarum
1222 1882 1311 1963 ser*

293 1960 525 2045 apronuntiant?
552 1963 625 2023 Nam
648 1963 861 2041 quodammodo
880 1962 1011 2024 mandata
1033 1962 1197 2043 perferet,
1230 1976 1260 2029 et
1278 1980 1310 2037 st.

322 2066 396 2129 quae
412 2047 467 2107 sibi
483 2044 507 2109 ⁴a
526 2046 621 2107 indice
643 2048 722 2108 credi
739 2046 934 2127 postulaturus
948 2054 1010 2121 est,
1035 2045 1139 2110 aliena
1161 2048 1226 2113 nde
1240 2048 1310 2123 disti,

322 2141 351 2192 ct
373 2133 436 2210 ipse
460 2130 627 2208 litigantium
649 2131 801 2192 auxiliator
823 2129 923 2208 egebit
942 2128 1059 2191 auxilio.
1094 2130 1190 2205 Quod
1210 2142 1245 2197 ut
1264 2128 1311 2195 leti

320 2231 519 2292 nonuunquam
533 2215 643 2274 minore
659 2214 840 2276 incommodo
855 2214 965 2294 possit,
984 2230 1048 2274 cum
1062 2212 1149 2276 domi
1164 2223 1311 2297 praecept

323 2309 352 2360 et
374 2299 535 2376 composita
560 2306 590 2358 et
616 2299 690 2358 sicut
709 2307 824 2375 cetera,
859 2315 934 2377 quae
949 2298 978 2357 in
999 2314 1089 2359 causa
1113 2309 1205 2379 sunt,
1239 2298 1311 2363 rso

322 2383 432 2442 scendo
454 2382 569 2458 cognita
591 2381 626 2443 ad
648 2381 771 2442 iudicem
793 2382 939 2460 perferet:
963 2379 1031 2460 qnid
1052 2380 1106 2441 liet
1127 2384 1221 2447 iniis

322 2465 479 2540 stionibns,
496 2482 571 2542 qnae
588 2464 683 2526 subito
698 2467 772 2525 inter
785 2467 865 2544 ipsas
879 2466 1011 2526 actiones
1025 2466 1112 2525 nasci
1132 2400 1312 2531 solemn

323 2548 491 2609 deformiter
507 2558 656 2627 respectet
671 2559 699 2609 et
714 2551 787 2609 inter
802 2548 943 2609 subsellia
956 2549 1084 2609 macres
1104 2550 1311 2617 advocatus

292 2627 471 2708 oterroget‘l
498 2631 597 2692 Potest
612 2642 706 2692 autem
729 2634 800 2693 satis
815 2633 971 2710 diligenter
986 2632 1152 2713 accipere,
1176 2654 1255 2717 quae
1267 2642 1312 2697 tu

322 2716 433 2791 audiet,
459 2732 521 2775 cum
541 2717 568 2774 ei
589 2717 813 2792 dicendumst,
837 2725 885 2776 aut
905 2715 1017 2776 lortiter
1038 2713 1195 2799 aiilrmape
1216 2728 1265 2782 ast
1280 2718 1311 2779 Ἰ

321 2818 417 2878 genoe
437 2816 491 2878 pro
513 2801 572 2859 suis
594 2795 713 2860 dicere?
746 2799 842 2862 Possit
862 2799 900 2859 in
917 2797 1097 2861 actionibus:
1131 2803 1206 2882 qnid
1229 2802 1311 2865 fletu

322 2885 522 2959 altercatione,
539 2882 586 2942 ubi
598 2883 805 2944 occurrendum
817 2884 963 2959 continno,
977 2899 1038 2943 nec.
1047 2880 1150 2947 libers
1161 2887 1203 2950 ad
1213 2886 1311 2951 disce*

321 2967 386 3027 dum
408 2964 568 3027 moreest?
602 2966 693 3043 Quid,
716 2968 740 3026 si
758 2964 834 3027 forte
850 2967 959 3045 peritus
978 2965 1049 3026 iuris
1063 2964 1119 3027 ille
1135 2986 1200 3031 non
1214 2962 1311 3035 addi

321 3050 411 3127 Quid,
436 3053 461 3110 si
484 3053 548 3129 quis
570 3068 628 3110 nou
643 3052 711 3111 satis
726 3052 755 3110 in
772 3069 807 3111 ea
824 3068 857 3111 re
876 3051 978 3111 doctus
1000 3048 1107 3111 lalsum
1129 3052 1246 3133 aliquid
1259 3050 1311 3115 sal*-

321 3132 443 3194 iecerit?
476 3130 539 3195 Hoc
561 3137 636 3195 enim
657 3143 703 3195 est
725 3135 876 3195 maximum
895 3133 1073 3212 ignomntiae
1096 3136 1228 3217 malurn,
1250 3132 1311 3219 qstl

293 3217 414 3278 acreda
430 3236 495 3278 eum
510 3219 601 3295 scire,
624 3220 672 3298 qui
686 3226 811 3279 moueat.
846 3215 873 3277 N
875 3235 950 3297 eque
967 3232 1024 3294 ego
1037 3233 1107 3289 snm
1123 3222 1225 3285 nostri
1237 3219 1311 3285 mt‘!

321 3301 438 3375 ignarus
454 3300 597 3361 oblitusve
614 3320 729 3379 eornm,
753 3303 802 3382 qui
815 3301 895 3363 velut
910 3299 945 3361 ad
960 3299 1075 3361 arculas
1091 3303 1206 3366 sedent
1223 3314 1254 3369 et
1264 3302 1310 3367 tels

321 3384 472 3460 agentibus
493 3387 729 3464 sumministrant,
754 3402 850 3464 neque
873 3386 950 3448 idem
970 3382 1103 3447 &accos
1129 3404 1310 3473 quoquere

321 3468 383 3526 scio
399 3467 562 3546 factitasse,
587 3470 662 3530 ande
678 3488 782 3530 nomen
794 3470 840 3530 bis
858 3470 1128 3550 pragmaticum
1150 3472 1252 3551 datu
1266 3477 1309 3535 eti·

315 3551 381 3617 sed
391 3551 500 3637 loquor
514 3552 551 3616 de
566 3563 700 3634 oratore,
715 3556 764 3635 qui
777 3571 835 3616 non
850 3554 1006 3617 clamorem
1018 3552 1111 3617 modo
1126 3574 1215 3623 nun
1228 3553 1308 3623 nne

682 3946 1359 4056 Α
