3184 4409
560 492 1003 562 rnsr.oaarou.u1o.1rr,3.
1221 487 1279 546 115

284 648 442 708 auditorem
467 664 523 706 nec
553 646 692 722 languere
716 647 860 728 patiuntur
886 648 1005 709 subinde
1037 650 1131 728 aliqua
1161 653 1280 713 notabili

283 734 375 808 ligura
392 732 563 806 excitatum,
586 739 617 789 ct>
629 730 734 789 babent
753 732 893 809 quandam
908 751 945 791 ex
957 733 1007 793 illa
1021 737 1082 793 vitii
1097 737 1278 797 similitudine

283 817 420 893 gratiam,
445 823 476 873 ut
495 816 525 874 in
546 814 617 874 cibis
637 816 749 873 interim
771 833 842 875 acor
860 818 924 894 ipse
938 818 1077 877 iucundus
1095 828 1148 878 est.
1194 820 1278 894 Quod

284 901 447 975 continget,
466 900 490 956 si
505 916 600 976 neque
615 899 830 976 supramodum
844 901 949 959 multae
965 901 1070 960 fuerint
1084 920 1138 961 nec
1150 905 1278 964 ciusdem

282 985 399 1059 generis
415 991 462 1040 aut
477 983 591 1041 iunctae
608 991 655 1040 aut
669 983 853 1059 frequentem
878 987 943 1061 quia
962 987 1122 1045 satietatem
1139 995 1169 1045 ut
1184 991 1277 1047 varie·

283 1076 326 1125 tas
345 1084 441 1126 earum
457 1066 495 1124 ita
509 1067 612 1124 raritas
628 1066 737 1142 elingit.

364 1149 439 1208 lllud
454 1157 498 1207 est
510 1151 604 1208 aerius
620 1150 729 1225 genus,
749 1150 826 1226 quod
839 1168 896 1210 non
909 1160 1015 1212 tantum
1030 1153 1183 1212 iuratione
1198 1155 1319 1232 posi-28

282 1243 342 1293 tum
350 1242 396 1293 est
406 1232 543 1309 loquendi
555 1235 607 1294 sed
619 1234 689 1310 ipsis
701 1234 833 1293 sensibus
846 1253 909 1294 cum
915 1239 1034 1312 gratiam
1041 1245 1099 1295 tum
1107 1240 1191 1296 etiam
1199 1240 1276 1296 vires

283 1316 495 1376 accommodat:
524 1315 663 1393 liquibus
676 1318 795 1394 primum
812 1320 864 1393 sit,
881 1320 957 1396 quod
979 1320 1009 1378 lit
1024 1338 1077 1397 per
1094 1322 1276 1380 adieetio-

282 1418 367 1460 nem.
384 1384 467 1460 Pinna
480 1409 544 1458 sunt
555 1417 673 1476 genera.
689 1399 797 1460 Namet
808 1401 897 1461 verba
906 1404 1148 1479 geminantur,vel
1159 1403 1276 1483 amptiu-

283 1485 365 1545 sandi
377 1485 484 1560 gratia:
497 1493 527 1542 ut
541 1483 659 1557 Occidi,
672 1486 783 1562 occidi,
796 1505 855 1545 non
864 1485 917 1564 Sp.
926 1485 1086 1557 Maelium·
1098 1489 1217 1547 alterum
1232 1497 1277 1547 est

283 1571 374 1645 enim,
388 1568 464 1646 quod
476 1568 595 1643 indicat,
612 1567 748 1643 alterum,
764 1568 841 1645 quod
852 1570 985 1638 affirmat3
1001 1571 1050 1629 vel
1061 1573 1230 1633 miserandi:
1246 1582 1279 1631 ut

527 1650 574 1712 Ab
594 1650 753 1731 Corydon,
777 1651 918 1731 Corydon
937 1690 988 1712 -.

282 1736 364 1808 Quae
386 1735 487 1796 eadem
509 1737 600 1813 ligura
624 1753 825 1813 nonnunquam
849 1756 902 1815 per
922 1739 1040 1797 ironiam
1057 1737 1092 1797 ad
1109 1737 1317 1798 elevandum29

282 1821 467 1878 convertitur.
488 1821 594 1879 Similis
609 1822 810 1898 geminationis
825 1830 892 1897 post
909 1821 1032 1900 aliquam
1047 1823 1275 1882 interiectionem

281 1903 417 1980 repetitio
434 1912 478 1961 est
494 1904 546 1963 sed
564 1905 650 1982 paulo
674 1906 757 1963 etiam
772 1904 986 1964 vehementior:
1008 1903 1114 1980 Bona,
1134 1908 1276 1967 misorum

280 1987 349 2047 me!
370 1988 564 2067 (consumptis
586 1990 664 2050 enim
685 1989 825 2049 lacrimis
841 1996 941 2049 tamen
956 1989 1070 2065 iudanis
1084 1990 1184 2050 animo
1202 1991 1275 2051 bae-

279 2079 329 2134 ret
344 2072 445 2150 dolor)
467 2071 563 2147 bona,
584 2073 726 2150 inquam,
748 2068 802 2135 Cn.
819 2069 953 2149 Pompeii
972 2073 1190 2134 acerbissimae
1207 2074 1277 2132 voci

279 2155 418 2215 subdecio
438 2157 611 2232 praeconis.
658 2153 741 2216 Visis
761 2163 790 2215 et
817 2155 894 2215 uiuis
920 2173 981 2216 non
1003 2157 1048 2217 ad
1066 2156 1276 2233 deponendam

278 2241 337 2299 sed
363 2239 408 2299 od
432 2239 672 2316 confirmandum
701 2240 878 2299 audaciam.
930 2237 968 2297 Et
992 2237 1027 2297 ab
1052 2239 1154 2298 iisdem
1178 2237 1316 2296 vertisse

278 2322 363 2400 plura
390 2322 495 2381 acriter
528 2331 557 2381 et
584 2325 723 2383 instanter
749 2323 905 2399 incipiunt:
945 2321 1064 2384 Niiilne
1093 2330 1122 2384 ie
1149 2330 1273 2384 noctur·

278 2424 351 2466 num
369 2407 561 2482 praesidium
578 2407 704 2486 palatii,
727 2408 802 2466 nibil
824 2407 911 2467 urbis
930 2408 1069 2484 oipiiiue,
1091 2406 1166 2468 rcidd
1187 2407 1275 2467 timor

276 2492 397 2568 popuii,
419 2491 495 2551 nibil
515 2507 678 2552 consensus
692 2490 837 2551 bonorum
853 2492 997 2565 omnium,
1018 2491 1095 2552 nibil
1107 2492 1158 2552 bic
1178 2491 1273 2551 muni·

279 2575 413 2634 tissimus
427 2574 560 2634 iubendi
573 2581 697 2634 senatus
713 2575 815 2648 locus,
836 2575 913 2634 nibil
925 2575 1032 2635 borum
1045 2593 1102 2636 oro
1115 2575 1274 2652 cultusque

278 2659 458 2718 mouerunt?
479 2667 508 2716 et
522 2659 550 2715 in
567 2657 667 2716 iisdem
682 2657 828 2716 desinunt:
849 2655 923 2730 Quis
939 2677 990 2719 eos
1007 2660 1193 2736 postulauit?
1209 2655 1273 2736 Ap-

276 2743 356 2818 pius.
389 2737 463 2812 Quis
481 2742 648 2820 produnit?
679 2737 807 2818 Appius.
851 2741 1018 2819 Quanquam
1034 2741 1091 2802 hoc
1112 2743 1314 2820 exemplumbl

278 2823 315 2882 ad
331 2822 406 2883 aliud
430 2841 546 2902 quoque
565 2824 681 2883 schema
696 2826 837 2902 pertinet,
860 2828 940 2885 cuius
956 2835 985 2884 et
1004 2827 1082 2885 initia
1096 2828 1170 2885 inter
1191 2844 1224 2884 se
1244 2834 1273 2884 ei

278 2907 350 2965 fines
366 2908 450 2968 iidem
465 2917 545 2984 sunt,
562 2910 631 2986 quis
645 2917 675 2967 et
690 2911 774 2986 quis,
789 2905 908 2988 Appius
919 2918 948 2968 et
957 2906 1084 2986 Appius.
1108 2909 1200 2982 Quale
1213 2917 1271 2967 est:

279 2989 341 3062 Qui
358 3002 442 3069 sunt,
464 2995 516 3070 prii
528 2992 658 3070 foedera
676 3011 771 3072 saepe
791 2995 961 3072 ruperunt?
996 2990 1271 3070 Cartbopinienses.

279 3073 340 3146 Qui
357 3083 443 3152 sunt,
470 3077 521 3154 qui
542 3076 753 3137 crudelissimo
769 3076 879 3138 bellurn
896 3078 1078 3155 pesuerunt?
1110 3074 1272 3154 Cartbopi-

275 3160 406 3220 nienses.
452 3158 511 3232 Qui
525 3168 611 3235 sunt,
632 3162 684 3237 qui
699 3159 823 3220 ltaliam
843 3161 1075 3238 deformarent?
1110 3157 1273 3236 Cartbapi·

274 3243 406 3303 aienses.
449 3241 509 3315 Qui
524 3252 611 3320 sunt,
633 3246 685 3321 qui
698 3244 756 3305 sibi
774 3244 892 3323 ipnosci
903 3245 1079 3323 postulant?
1110 3240 1271 3319 Corstopi-

274 3328 407 3388 nienses.
453 3326 544 3387 Etiam
563 3329 591 3386 in
613 3328 816 3406 contrapositis
839 3327 889 3388 vel
912 3327 1113 3405 comparativis
1132 3326 1208 3386 solet
1227 3333 1314 3386 re·32

276 3410 424 3487 spondere
439 3413 593 3489 primorum
607 3411 762 3471 verborum
782 3411 894 3472 alterna
913 3412 1063 3490 repetitio,
1090 3409 1167 3488 quod
1186 3409 1272 3470 modo

275 3495 360 3553 huius
385 3513 461 3573 esse„
473 3496 531 3555 loci
551 3498 648 3573 potius
677 3497 751 3556 dixi:
789 3495 904 3575 Vipiias
927 3504 960 3556 tu
980 3496 1020 3556 de
1037 3503 1138 3571 node,
1152 3503 1193 3556 ut
1211 3495 1272 3554 tuis

276 3580 530 3641 consultatoribus
544 3582 751 3658 respondeasr
770 3582 839 3653 itte,
855 3588 889 3641 ui
901 3598 953 3656 eo,
975 3594 1032 3657 quo
1045 3580 1188 3654 intendit,
1209 3596 1271 3638 ma·

273 3668 345 3722 ture
370 3681 439 3722 cum
454 3664 590 3725 exercitu
606 3665 780 3740 perueniat.
820 3662 861 3725 Te
874 3664 1043 3741 9aturum‚·
1064 3664 1147 3724 ilium
1166 3662 1270 3723 bucci—

273 3764 387 3806 narum
398 3755 506 3808 cantus
518 3749 692 3810 commedat.
737 3745 781 3809 Tu
795 3750 942 3811 actionem
951 3747 1164 3889 ιἰιειίτιιιζςξξὶἱο
1175 3747 1272 3806 aciem
