3184 4409
546 542 548 546 Α
584 495 672 545 rusa.
687 495 835 548 cernon.
847 496 915 544 mm
927 496 967 563 11,
979 492 1006 548 o.
1245 483 1285 545 73

292 651 385 712 virtus
409 650 501 712 adest.
543 648 646 730 Neque
672 652 746 711 euim
769 668 823 710 nos
846 650 987 710 tarditatis
1010 658 1111 711 natura
1133 651 1285 728 damnavit,
1293 661 1328 715 24

293 736 346 795 sed
363 736 476 796 dicendi
498 737 666 795 mutavimus
681 754 773 813 genus
792 745 822 794 et
837 735 911 794 ultra
925 735 1008 794 nobis
1026 753 1110 813 quam
1132 736 1286 814 oportebat

292 819 478 888 indulsimus;
505 822 544 880 ita
567 829 702 879 nontam
727 820 843 896 ingenio
867 818 908 878 illi
928 836 981 877 uos
1005 829 1176 897 superarunt
1202 838 1286 898 quam

278 904 458 982 rproposito.
499 903 588 963 Multa
611 921 682 980 ergo
701 903 801 964 licebit
821 903 948 980 eligere;
973 902 1025 963 sed
1050 904 1204 963 curandum
1220 905 1284 978 erit,

292 1005 331 1046 ne
354 988 407 1062 iis,
431 988 533 1066 quibus
555 990 695 1065 permixta
717 997 796 1062 suut,
819 978 1008 1065 inquinentur.
1046 986 1192 1060 Quosdam
1214 997 1327 1050 ver025

294 1073 399 1146 etiam,
424 1089 496 1149 quos
512 1080 590 1131 totos
606 1073 707 1132 imitari
723 1080 873 1150 oporteat,
898 1081 927 1130 et
947 1071 1038 1131 luisse
1059 1089 1150 1148 nuper
1166 1081 1195 1130 et
1211 1089 1285 1129 nunc

294 1170 379 1228 esse,
403 1155 499 1233 quidni
524 1155 647 1216 libenter
666 1173 722 1215 uon
745 1159 832 1218 modo
857 1156 1052 1214 concesserim
1074 1173 1173 1214 verum
1201 1156 1285 1214 etiam

293 1237 513 1300 contenderim?
547 1241 605 1300 Sed
621 1240 648 1299 hi
665 1241 712 1318 qui
729 1242 802 1315 sint,
818 1257 876 1298 non
891 1240 1086 1317 cuiuscunque
1102 1248 1147 1297 est
1161 1242 1343 1316 pronun-26²

292 1325 377 1382 tiare.
410 1322 508 1382 Tutius
525 1324 602 1382 circa
620 1325 733 1402 priores
748 1323 796 1382 vel
814 1331 941 1398 erratur,
964 1322 1088 1400 ideoque
1106 1322 1179 1381 hanc
1196 1339 1285 1382 novo-

293 1425 354 1465 rum
371 1406 468 1467 distuli
485 1408 654 1482 lectionem,
670 1425 706 1467 ne
722 1409 840 1467 imitatio
857 1407 989 1466 iudicium
1005 1406 1200 1465 antecederet.

512 1561 555 1611 DE
574 1560 738 1611 DIVISIONE
755 1562 797 1611 ET
815 1559 1061 1614 PARENCHIRESI.

376 1656 437 1718 VL-
464 1657 528 1719 Fuit
543 1660 628 1718 etiam
649 1661 677 1718 in
692 1659 749 1718 hoc
766 1660 910 1720 diversum
926 1657 1161 1737 praecipientium
1176 1672 1283 1734 propo·

294 1743 395 1818 situm,
420 1743 498 1820 quod
518 1760 617 1802 eorum
633 1744 746 1822 quidam
763 1745 916 1818 materias,
939 1761 1009 1821 quas
1025 1741 1175 1819 discipulis
1191 1740 1226 1799 ad
1243 1739 1284 1798 di·

295 1827 416 1888 cendum
429 1826 543 1902 dabant,
559 1845 616 1886 non
629 1829 754 1887 contenti
769 1827 909 1887 divisione
925 1827 1050 1902 dirigere
1066 1825 1150 1885 latius
1161 1823 1284 1884 diceudo

294 1910 563 1989 prosequebantur,
593 1929 648 1970 uec
679 1912 772 1970 solum
801 1910 1018 1989 probationibus
1047 1909 1204 1987 implebant
1232 1908 1285 1967 sed

295 1996 379 2054 etiam
396 1995 558 2055 affectibus.
598 1995 672 2071 atii,
696 2014 759 2054 cum
778 1997 884 2073 primas
902 1995 987 2053 modo
1011 1993 1102 2053 lineas
1124 1993 1310 2064 duxissenti

295 2088 359 2157 post
386 2078 630 2154 declamationes,
660 2079 727 2157 quid
755 2080 899 2139 omisisset
932 2079 1072 2156 quisque,
1105 2074 1283 2142 tractabant;

294 2162 434 2240 quosdam
449 2181 521 2222 vero
543 2163 626 2223 locos
641 2180 698 2222 non
719 2164 828 2222 miuore
844 2181 928 2231 cura,
952 2179 1036 2239 quam
1057 2178 1120 2219 cum
1135 2158 1171 2218 ad
1187 2159 1283 2217 dicen·

294 2246 358 2307 dum
380 2246 438 2324 ipsi
461 2256 630 2324 surgerent,
654 2247 837 2306 excolebant.
875 2246 953 2306 Utile
975 2253 1142 2321 utrumque,
1167 2250 1196 2300 et
1217 2242 1283 2301 ideo

293 2338 424 2390 neutrum
441 2330 476 2390 ab
495 2332 587 2391 altero
605 2349 726 2410 separo:
752 2331 805 2390 sed
821 2332 844 2389 si
860 2331 959 2390 iacere
977 2337 1083 2388 tantum
1098 2327 1219 2386 alterum
1234 2343 1283 2383 ne·

293 2431 379 2474 cesse
396 2415 451 2488 sit,
475 2414 540 2492 plus
556 2414 684 2493 proderit
705 2416 918 2476 demonstrasse
939 2422 1048 2473 rectam
1063 2412 1192 2490 protinus
1209 2409 1284 2467 viam

292 2516 377 2577 quam
393 2504 535 2558 revocare
551 2498 586 2558 ab
603 2517 703 2558 errore
719 2502 774 2560 iam
791 2499 899 2578 lapsos.
930 2499 1051 2558 Primum
1069 2498 1135 2575 quia
1152 2493 1310 2555 emenda-3

291 2585 401 2642 tionem
415 2582 531 2643 auribus
554 2584 638 2642 modo
655 2585 816 2661 accipiunt,
841 2583 1008 2643 divisionem
1030 2598 1101 2640 vero
1122 2579 1157 2639 ad
1174 2579 1283 2654 cogita-

291 2667 400 2725 tionem
413 2666 498 2725 etiam
512 2675 540 2725 et
551 2667 645 2726 stilum
661 2667 823 2746 perferunt;
839 2668 942 2727 deinde
958 2665 1034 2747 quod
1050 2664 1184 2724 libentius
1199 2679 1283 2740 prae·

292 2751 450 2829 cipierrtem
466 2750 581 2809 audiunt
597 2769 680 2829 quam
694 2751 963 2830 reprehendentem.
1000 2751 1030 2810 Si
1047 2751 1181 2828 quivero
1196 2745 1283 2825 paulo

292 2842 353 2895 sunt
367 2834 552 2911 vivaciores,
575 2835 661 2894 iubis
676 2836 847 2914 pracsertim
861 2835 1003 2908 moribus,
1022 2836 1106 2893 etiam
1117 2835 1284 2900 ¹irascuntur

293 2917 477 2979 admonitioni
502 2928 530 2976 et
554 2919 632 2978 taciti
653 2925 823 2998 repugnant.
861 2919 964 2998 Neque
985 2919 1051 2978 ideo
1076 2927 1171 2978 tamen
1191 2916 1282 2972 miuus

293 3003 356 3063 vitia
372 3009 479 3080 apoete
498 3004 682 3079 coarguenda
705 3012 779 3062 suut.
821 3003 958 3063 Habenda
981 3004 1055 3062 enirn
1077 3003 1150 3061 ratio
1168 3004 1307 3059 cetero-4

294 3102 360 3162 nun,
373 3087 431 3164 qui
447 3095 621 3160 recta‘esse,
639 3105 713 3164 quae
729 3098 904 3166 praeceptor
920 3105 976 3146 uon
992 3085 1202 3157 emendaverit,
1219 3099 1282 3141 cre·

294 3168 366 3231 tau.
399 3167 529 3248 Utraque
546 3179 639 3229 autem
655 3173 728 3230 ratio
743 3172 890 3232 miscenda
906 3181 950 3230 est
966 3182 995 3231 et
1009 3173 1047 3230 ita
1065 3167 1229 3241 tractanda,
1252 3174 1283 3224 nt

293 3253 370 3331 ipsae
384 3271 436 3315 res
454 3254 647 3331 postulabunt.
669 3254 799 3333 Namque
814 3256 1015 3335 incipientibus
1029 3253 1118 3314 danda
1135 3253 1188 3312 erit
1202 3250 1306 3311 veluto

293 3337 484 3416 pnelurmata
499 3339 616 3397 materia
632 3340 787 3398 secuudum
805 3341 943 3418 cuiusque
957 3340 1049 3406 vires;
1075 3346 1104 3397 at
1126 3354 1190 3397 cum
1210 3335 1280 3394 satis

293 3423 493 3501 conposuisse
506 3440 573 3480 sese
589 3423 623 3481 ad
639 3422 802 3500 exemplum
817 3423 996 3497 videbuntur,
1015 3422 1131 3501 praevia
1142 3420 1281 3499 quaedam

290 3503 511 3567 demonstranda
528 3508 667 3583 vestigia,
692 3525 766 3585 quae
783 3509 929 3585 persecuti
946 3509 1000 3566 iam
1017 3508 1076 3565 suis
1093 3504 1201 3564 viribus
1217 3503 1279 3560 sine

289 3588 463 3649 adminiculo
484 3590 622 3666 progredi
643 3591 764 3667 possint.
800 3591 1009 3670 Nonnunquam.
1029 3590 1107 3650 credi
1127 3588 1181 3647 sibi
1198 3588 1305 3664 ipsos6

289 3672 448 3750 oportebit,
465 3690 501 3731 ne
516 3673 589 3733 mala
606 3675 812 3734 consuetudine
828 3693 943 3752 semper
954 3676 1076 3736 alienum
1092 3673 1219 3732 laborem
1235 3685 1280 3725 se-

290 3758 395 3836 quendi
410 3755 483 3817 nihil
504 3774 557 3835 per
572 3774 605 3816 se
627 3759 725 3818 conari
741 3767 769 3819 et
789 3752 932 3840 quaerere
948 3761 1053 3824 sciant.
1089 3755 1209 3834 Quodsi
1220 3751 1324 3859 satias.x
