3184 4409
349 446 424 515 1681-
663 462 1021 522 murcomannum

347 627 493 696 totamque
512 617 547 675 de
562 617 592 675 vi
607 615 737 694 explicet
751 633 881 691 causam,
901 634 976 694 quae
991 625 1036 676 est
1050 618 1139 696 ipsius
1154 618 1268 677 actione
1283 617 1334 676 de-

305 699 449 762 28iensa?
474 701 533 760 Sed
548 717 601 758 nos
618 699 702 759 ducit
709 699 872 759 scholarum
888 700 1076 775 consuetudo,
1092 702 1238 780 inquibus
1254 711 1335 760 certa
1352 746 1356 754 .

348 785 486 863 quaedam
501 792 653 861 ponuntur,
670 800 743 860 quae
759 783 884 843 themata
898 783 1027 859 dicimus,
1042 793 1160 862 praeter
1174 802 1249 862 quac
1264 784 1334 844 nihil

348 879 393 929 εει
408 869 578 928 diluendum.
609 866 737 944 ldeoque
753 868 877 927 narratio
893 870 1043 945 prooemio
1058 886 1175 947 semper
1189 868 1335 944 subiungi·

348 962 401 1023 tur.
440 951 509 1010 lude
526 950 654 1009 libertas·
667 950 923 1026 declamatoribus,
945 960 976 1010 ut
998 952 1229 1010 etiamsecuudo
1245 953 1335 1030 partis

304 1043 416 1096 29suae
433 1035 500 1094 loco
516 1051 633 1093 narrare
647 1035 805 1094 videantur.
841 1032 913 1093 Nam
928 1052 991 1093 cum
1006 1051 1059 1112 pro
1080 1037 1206 1112 petitore
1221 1034 1334 1094 dicunt:

347 1129 376 1178 et
391 1120 589 1195 expositione,
606 1119 868 1195 tanquam'priores
881 1127 982 1194 agant,
997 1120 1037 1178 uti
1054 1119 1160 1194 solent,
1177 1127 1206 1177 ει
1221 1126 1334 1177 contra·

347 1204 487 1277 dictione,
511 1210 643 1278 tanquam
664 1201 874 1279 respondeaot;
896 1201 982 1279 idque
1003 1201 1034 1260 lit
1054 1212 1146 1262 recte.
1177 1201 1249 1261 Nam
1272 1218 1335 1260 cum

347 1289 383 1345 sit
408 1286 578 1345 declamatio
604 1285 760 1344 sorensium
782 1286 925 1344 actionum
949 1285 1112 1362 meditatio,
1146 1303 1197 1344 cur
1223 1302 1281 1343 non
1307 1286 1335 1342 in

347 1379 495 1447 utrumque
513 1369 643 1447 protinus
659 1369 753 1428 locum
767 1386 800 1427 se
815 1365 973 1428 exerceat?
1003 1367 1090 1428 Gaius
1107 1370 1224 1430 rationis
1241 1369 1335 1444 ignari

348 1472 384 1512 ex
398 1471 494 1528 more,
512 1455 556 1511 cui
572 1461 737 1527 assuerunt,
759 1452 828 1512 uiuit
843 1454 871 1512 in
886 1452 950 1511 loro
966 1462 1064 1530 putant
1079 1471 1147 1512 esee
1161 1452 1332 1511 mutandum.

304 1536 404 1600 deSed
422 1539 450 1595 iu
465 1535 647 1595 scholasticis
663 1553 779 1613 quoque
801 1552 999 1613 nonuunquam
1019 1539 1130 1611 evenit,
1152 1545 1183 1594 ut
1196 1553 1250 1613 pro
1269 1552 1334 1594 nar·

345 1622 457 1679 ratione
477 1622 514 1679 sit
529 1621 700 1698 propositio.
735 1618 808 1678 Nam
822 1619 889 1696 quid
904 1629 1047 1696 exponet,
1071 1638 1145 1698 quae
1166 1619 1333 1696 zelotypum

346 1703 437 1762 rnalae
455 1704 631 1763 tractationis
652 1712 784 1778 accusat,
807 1712 861 1762 aut·
875 1704 922 1780 qui
939 1701 1075 1778 Cynicum
1096 1703 1172 1781 apud
1192 1718 1332 1762 censores

346 1804 425 1845 reum
440 1787 476 1846 de
491 1786 617 1845 moribus
632 1786 715 1854 facit;
737 1805 800 1846 cum
815 1795 905 1846 totum
921 1788 1029 1846 crimen
1042 1804 1099 1846 uno
1114 1786 1205 1846 verbo
1221 1787 1249 1844 in
1264 1802 1333 1862 qua·

347 1869 417 1929 libet
428 1872 548 1929 actionis
563 1879 645 1948 parte
659 1871 754 1948 posito
767 1873 837 1929 satis
849 1867 1007 1930 iudicetur?
1031 1871 1088 1931 Sed
1100 1871 1173 1930 haec
1183 1870 1333 1928 hactenus.

305 1963 337 2016 31
427 1953 519 2029 Nunc,
539 1971 611 2031 quae
627 1955 664 2012 sit
681 1953 852 2014 narrandi
868 1955 981 2029 ratio,
1001 1954 1178 2031 subiungam.
1199 1951 1333 2012 Narratio

283 2106 295 2121 ,
348 2046 392 2097 est
407 2038 450 2097 rei
465 2038 559 2097 iactae
574 2046 622 2096 εει
637 2045 667 2096 ει
682 2037 776 2098 iactae
791 2037 869 2096 utilis
884 2036 920 2096 ad
934 2039 1162 2115 persuadendum
1176 2037 1332 2115 expositio,

346 2121 394 2180 vel
416 2122 461 2198 (ut
474 2121 671 2198 Apollodorus
692 2120 767 2200 linit)
789 2123 881 2180 oratio
902 2120 1011 2180 docens
1027 2121 1201 2196 auditorem,
1223 2119 1290 2197 quid
1305 2120 1333 2176 in

348 2207 545 2264 controversia
561 2207 607 2263 sit.
637 2203 707 2263 Eam
721 2204 854 2282 plerique
869 2205 1044 2283 scriptores,
1065 2207 1186 2264 maxim
1202 2204 1250 2280 qui
1268 2209 1333 2261 sunt

348 2288 382 2347 ab
398 2288 543 2363 lsocrate,
562 2288 662 2346 volunt
677 2306 744 2347 esse
759 2287 896 2364 lucidam,
912 2287 1041 2363 brevem,
1058 2287 1253 2347 verisimilem.
1275 2283 1332 2344 Ne·

349 2389 403 2449 que
425 2375 497 2430 enim
518 2371 623 2444 refert,
646 2387 681 2429 εε
701 2388 754 2449 pro
776 2371 871 2431 lucida
891 2374 1088 2449 perspicuam,
1111 2389 1165 2449 pro
1186 2368 1333 2429 verisimili

306 2454 525 2532 32probabilem
547 2454 751 2514 credibilemve
773 2453 908 2513 dicamus.
946 2455 1054 2514 Eadem
1073 2455 1157 2514 nobis
1177 2454 1275 2532 placet
1292 2452 1332 2511 di·

347 2539 436 2606 visio;
459 2555 617 2616 quanquam
633 2547 662 2596 et
676 2536 851 2597 Aristoteles
871 2538 906 2597 ab
921 2538 1051 2599 lsocrate
1066 2548 1150 2617 parte
1165 2541 1194 2596 in
1205 2554 1261 2596 una
1276 2535 1332 2594 dis

348 2624 471 2680 senserit
486 2629 671 2698 praeceptum
686 2620 835 2682 brevitatis
849 2622 982 2698 irridens,
998 2632 1130 2700 tanquam
1145 2638 1269 2680 necesse
1285 2620 1332 2690 sit,

348 2705 462 2780 longam
486 2712 619 2764 esse-aut
639 2704 756 2763 brevem
779 2707 1006 2784 expositionem,
1030 2724 1086 2766 nec
1107 2705 1194 2765 liceat
1215 2707 1258 2763 ire
1279 2719 1334 2779 per

347 2789 485 2862 medium,
509 2787 672 2847 Theodorei
694 2805 809 2866 quoque
830 2789 923 2848 solum
943 2790 1104 2866 relinquant
1121 2789 1245 2848 ultimam
1266 2803 1332 2864 par

349 2880 422 2945 tem,
446 2873 511 2948 quia
531 2890 586 2931 uec
607 2871 733 2931 breviter
748 2874 845 2949 utique
865 2890 920 2931 nec
938 2873 1062 2933 dilucide
1077 2889 1192 2951 semper
1211 2872 1248 2928 sit
1262 2868 1334 2927 utile

310 2965 344 3017 33
353 2972 509 3032 exponere.
557 2955 620 3028 Quo
643 2955 805 3031 diligentius
827 2955 1031 3032 distinguenda·
1048 2965 1112 3015 sunt
1135 2953 1261 3030 singula,
1290 2960 1332 3025 ut,

349 3040 415 3115 quid
431 3057 546 3118 quoque
563 3040 629 3098 loco
645 3041 746 3116 prosit,
764 3040 920 3099 ostendam.
942 3039 1074 3101 Narratio
1087 3048 1132 3098 est
1147 3046 1194 3098 aut
1205 3044 1265 3096 tota
1277 3052 1333 3112 pro

347 3122 430 3181 nobis
447 3133 494 3182 aut
510 3131 569 3182 tota
583 3140 637 3200 pro
653 3122 823 3181 adversariis
842 3132 889 3182 aut
903 3125 989 3184 mixta
1005 3124 1195 3200 exutrisquc.
1232 3119 1263 3178 Si
1278 3119 1335 3177 erit

347 3213 424 3264 tota
443 3224 508 3284 pro
533 3205 654 3280 nohis,
684 3207 809 3264 contenti
829 3208 915 3264 simus
936 3206 980 3265 his
1003 3206 1093 3265 tribus
1114 3203 1258 3284 partibus,
1279 3219 1336 3280 per

349 3306 418 3365 quas
435 3291 572 3363 eflicitur,
590 3307 646 3366 quo
662 3289 775 3348 facilius
791 3289 1095 3366 iudexintclligat,
1113 3287 1334 3358 meminerit,

306 3373 484 3439 sacredat.
528 3373 590 3432 Nec
606 3375 753 3450 quisquam
767 3372 993 3450 reprehensione
1009 3374 1124 3449 dignum
1138 3379 1235 3449 putet,
1255 3368 1334 3446 quod

347 3458 564 3533 proposuerim,
587 3474 664 3530 eam,
692 3473 765 3533 quae
788 3457 824 3514 sit
847 3464 906 3514 tota
929 3474 983 3534 pro
1005 3456 1106 3531 nohis,
1137 3455 1245 3514 debere
1266 3469 1333 3510 esso

347 3540 548 3615 verisimilem,
572 3558 635 3598 cum
652 3557 721 3597 vera
736 3541 782 3596 sit.
819 3539 889 3597 Sunt
907 3542 980 3598 enim
995 3539 1115 3618 plurima
1130 3556 1200 3597 vera
1220 3535 1334 3614 quidem

348 3623 400 3681 sed
419 3640 516 3700 parum
540 3622 703 3694 credibilia,
723 3623 797 3680 sicut
816 3621 889 3680 ialsa
910 3639 1026 3700 quoque
1046 3623 1214 3699 lrequenter
1232 3618 1332 3679 verisi-

347 3707 449 3767 milia..
481 3705 576 3777 Quare
601 3722 658 3763 non
680 3706 778 3764 minus.
791 3704 1057 3783 laborandumest,
1083 3714 1115 3765 ut
1134 3705 1237 3780 iudex,
1260 3717 1333 3781 quac
