3184 4409
349 453 410 513 212
663 460 1026 522 meanwarorum

306 630 377 684 loct
394 619 471 679 clara
492 628 522 679 et
536 617 649 678 obtusa.
682 617 807 694 Spiritus
821 616 906 676 etiam
926 615 1044 693 longior
1059 614 1267 698 breviorque.
1297 619 1332 681 lla

348 721 460 779 causas,
476 721 527 762 cur
542 701 668 779 quidque
683 718 782 760 eorum
797 700 919 775 accidat,
935 700 1075 779 persequi
1093 705 1266 782 proposito
1283 702 1333 784 opti

346 788 541 847 necessarium
556 794 616 845 est:
639 801 776 844 eorumne
792 785 830 843 sit
845 783 1024 859 differentia,
1045 784 1075 843 ln
1094 787 1214 864 quibus
1231 787 1334 851 aurab

348 872 522 948 concipitur,
538 887 575 929 an
592 885 702 943 eorum,
720 885 774 946 per
788 884 864 946 quae
879 866 960 927 velut
971 884 1083 943 organa
1100 880 1211 945 meot;¹
1225 873 1285 952 ipsi
1299 886 1334 952 prt

346 957 408 1033 pria
423 963 539 1028 natura,
563 971 598 1012 an
612 961 698 1030 prout
714 959 860 1018 moretum
879 950 979 1011 leteris
995 954 1177 1031 pectorisve
1195 955 1336 1017 llrmitrsr

347 1039 448 1115 capitis
466 1038 551 1096 etlam
565 1036 631 1114 plus
653 1034 777 1095 adiuvet.
792 1074 795 1079 -
809 1032 882 1095 Nem
897 1052 972 1113 opus
987 1043 1033 1095 est
1055 1037 1203 1123 omnibus
1220 1041 1337 1101 sicutne

346 1125 405 1181 oris
420 1121 505 1181 modo
525 1120 666 1180 suavitate
681 1118 734 1178 scd
751 1119 860 1179 narium
875 1135 1009 1197 quoque,
1026 1136 1082 1197 per
1101 1136 1201 1199 quas,
1224 1124 1304 1202 quod
1315 1140 1338 1183 a

345 1215 445 1284 perest
459 1205 557 1280 vocis,
575 1205 712 1280 egeritur.
745 1202 846 1263 Dulcis
861 1220 930 1262 esse
943 1211 1038 1263 tamen
1057 1202 1156 1265 debet
1172 1223 1241 1267 non
1262 1222 1339 1287 euprr

305 1290 429 1354 librans
453 1305 551 1348 sonus.
590 1286 725 1347 Uteudi
739 1303 834 1347 voce
854 1285 1006 1365 multiplex
1020 1287 1109 1347 ratio.
1148 1288 1233 1351 Nam
1249 1300 1340 1371 praeta

345 1374 423 1433 illam
437 1372 634 1446 differentiam,
651 1388 726 1449 quae
743 1380 788 1430 est
802 1371 956 1449 tripertita,
971 1378 1093 1446 acutae,
1111 1377 1237 1451 gravis,
1254 1375 1341 1441 dena

344 1467 401 1516 turn
416 1457 549 1532 intentis,
571 1464 630 1515 tum
647 1456 795 1529 remissis,
819 1463 877 1515 tum
889 1453 989 1530 elatis,
1011 1463 1070 1515 tum
1085 1455 1293 1521 inferioribus
1305 1473 1342 1519 nt

303 1541 387 1604 18dls
403 1557 476 1618 opus
490 1548 553 1614 est,
576 1541 676 1616 spatiis
693 1555 809 1616 quoque
824 1537 994 1599 lentioribus
1005 1546 1055 1598 aut
1069 1539 1281 1605 citationibus.
1306 1539 1344 1605 ost

343 1625 387 1684 his
402 1624 473 1702 ipsis
488 1623 581 1683 media
596 1623 765 1682 interiacent
779 1620 883 1690 multa;
906 1631 935 1682 et
955 1631 986 1683 ut
1000 1622 1111 1698 iacies,
1134 1640 1344 1705 quanqum

343 1708 526 1786 paucissimis
549 1714 677 1782 constat,
706 1707 844 1766 inlinitum
862 1704 951 1766 babet
971 1705 1190 1769 differentiam:
1223 1711 1268 1771 ita
1293 1726 1345 1784 vox,

343 1793 399 1850 etsi
420 1809 545 1869 paucas,
568 1808 642 1868 quae
659 1791 799 1851 nominari
819 1791 949 1870 possint,
976 1790 1104 1850 continet
1121 1793 1272 1871 species,
1296 1811 1345 1874 prc

342 1875 404 1951 pria
420 1876 524 1953 cuique
539 1883 600 1950 est,
627 1882 656 1934 et
670 1891 727 1934 nou
743 1874 818 1935 haec
838 1876 930 1934 miuus
950 1873 1068 1934 auribus
1084 1890 1177 1952 quam
1194 1877 1296 1939 oculis
1311 1876 1346 1939 illl

343 1958 529 2035 dignoscitur.
643 1989 646 1996 ,

302 2044 336 2098 19
426 2043 577 2119 Augentur
602 2049 696 2102 autem
721 2043 796 2102 sicut
817 2043 940 2103 omnium
962 2042 1105 2103 ita-vocis
1132 2060 1263 2125 quoque
1283 2046 1343 2106 bon

343 2144 444 2201 cura,
468 2126 644 2204 negligentia
659 2129 828 2186 minuuntur.
860 2125 920 2186 Sed
935 2142 1004 2186 cura
1019 2141 1077 2186 uon
1100 2127 1214 2190 eadem
1236 2127 1343 2192 oratori·

342 2210 396 2270 bus
409 2228 483 2288 quae
499 2210 653 2288 phonascis
666 2211 816 2277 convenit:
834 2218 928 2270 umen
942 2209 1030 2271 multe
1040 2217 1106 2269 suut
1123 2212 1267 2292 utrisque
1282 2228 1342 2275 co*

342 2295 450 2369 munia,
477 2295 595 2354 firmitas
618 2295 766 2371 corporis,
788 2311 827 2353 ne
849 2293 885 2354 ad
907 2292 1066 2372 spadonum
1093 2302 1125 2353 et
1146 2294 1304 2358 mulierum
1322 2301 1343 2355 ct

343 2395 496 2455 aegrorum
525 2378 682 2437 exilitatem
701 2393 760 2437 vox
781 2385 880 2436 nostra
898 2385 1048 2445 tenuetur;
1078 2378 1158 2456 quod
1182 2380 1341 2451 ambulatio,

342 2463 458 2536 unctio,
479 2463 594 2521 veneris
618 2460 806 2536 abstinentia,
828 2460 924 2521 facilis
943 2460 1073 2521 ciborum
1087 2461 1243 2541 digestio,
1267 2464 1342 2524 idest

300 2552 334 2603 20
343 2545 509 2620 frugalitas,
535 2554 672 2624 praestat.
713 2545 870 2605 Praeterea
894 2553 924 2604 ut
945 2547 1002 2605 sint
1025 2545 1127 2605 lauces
1148 2543 1342 2626 integrae,il

343 2637 387 2687 est
404 2628 509 2688 molles
527 2647 562 2688 ac
578 2628 678 2704 leves,
701 2646 821 2706 quarum
835 2629 906 2689 vitio
924 2638 954 2689 et
968 2629 1109 2706 frangitur
1125 2638 1156 2689 et
1176 2630 1343 2693 obscuratur

342 2721 370 2770 et
394 2722 583 2788 exasperatur
606 2722 635 2772 et
652 2712 789 2774 scinditur
809 2729 878 2772 vox.
909 2711 982 2774 Nam
1004 2722 1035 2772 ut
1051 2712 1140 2773 tibiae
1164 2715 1276 2776 eodem
1293 2714 1342 2793 spi

341 2797 396 2855 ritu
425 2806 547 2874 accepto
571 2796 656 2855 alium
678 2796 785 2857 clausis
809 2796 894 2856 alium
918 2799 1027 2875 apertis
1051 2796 1247 2859 foraminibus
1269 2799 1342 2861 alar

341 2895 398 2937 uon
413 2880 483 2939 satis
498 2889 639 2958 purgatae
661 2881 747 2941 alium
764 2897 889 2958 quassae
905 2894 1007 2941 sonum
1020 2879 1161 2943 reddunt:
1183 2884 1229 2944 ita
1252 2884 1343 2945 lauces

341 2972 483 3023 tumentes
504 2963 682 3040 strangulant
703 2981 827 3040 vocem,
854 2963 975 3024 obtusae
999 2963 1173 3041 obscurant,
1197 2984 1289 3028 rasae
1302 2983 1341 3026 er

299 3055 328 3108 21
341 3057 493 3124 asperent,
526 3047 683 3108 convulsae
705 3048 809 3108 fractis
832 3057 898 3107 suut
921 3048 1038 3126 organis
1060 3048 1181 3109 similes.
1222 3048 1345 3112 Finditur

342 3134 426 3189 etiam
445 3133 562 3208 spiritus
579 3129 694 3191 obiectu
710 3132 806 3211 aliquo
822 3133 897 3191 sicut
912 3131 1014 3212 lapillo
1028 3141 1130 3192 tenues
1146 3150 1264 3212 aquae,
1283 3150 1344 3214 qua·

315 3221 402 3272 *runs
422 3215 514 3274 lluxus
531 3217 641 3274 etiamsi
661 3215 735 3275 ultra
750 3215 865 3293 paulum
880 3218 955 3292 coit,
976 3215 1083 3295 aliquid
1104 3225 1202 3276 tamen
1219 3219 1287 3279 cavi
1305 3234 1345 3278 re

344 3296 445 3375 linquit
455 3308 523 3375 post
537 3299 566 3366 id
580 3299 683 3376 ipsum,
700 3301 778 3378 quod
793 3299 963 3362 offenderat.
987 3299 1095 3360 llumor
1108 3317 1233 3380 quoque
1248 3317 1345 3363 voce!

341 3390 388 3438 aut
410 3383 526 3441 nimius·
534 3383 651 3460 impedit
671 3392 719 3442 aut
742 3392 928 3462 consumptus
948 3384 1087 3445 destituit.
1121 3383 1196 3445 Nam
1216 3385 1345 3465 fatigatio

340 3472 370 3522 ut
386 3482 511 3542 corpora
528 3482 585 3526 nou
605 3466 794 3545 adpraesens
811 3467 897 3528 modo
913 3477 1026 3547 tempus
1041 3466 1095 3528 sed
1116 3470 1204 3529 etiam
1224 3470 1256 3530 iu
1277 3470 1345 3531 lutu-

297 3557 399 3609 rarum
424 3548 521 3607 afficit.
553 3549 612 3609 Sed
633 3560 664 3610 ut
685 3553 872 3611 communiter
893 3561 924 3613 et
947 3551 1102 3630 pbouascls
1124 3561 1156 3612 et
1180 3553 1347 3617 oratoribus

339 3633 506 3691 necessaria
528 3635 713 3710 exercitatio,
743 3652 799 3713 qua
825 3637 918 3696 omnis
940 3635 1166 3697 convalescunt:
1198 3638 1242 3699 ita
1264 3654 1347 3700 curre

339 3730 397 3773 non
415 3714 490 3773 idem
513 3733 605 3792 genus
628 3727 681 3778 est.
722 3718 794 3778 Nam
809 3737 904 3798 neque
919 3729 1000 3780 certa
1015 3728 1147 3799 tempora
1169 3720 1207 3782 ad
1222 3723 1347 3804 spatiar-
