3184 4409
337 453 395 514 128
649 465 685 513 u.
700 464 778 512 aaa.
796 437 1014 524 Quinummm

334 629 414 694 ctus,
436 619 513 696 quod
535 621 564 678 in
584 636 652 678 anre
673 618 753 678 velut
774 617 898 696 quodam
914 617 1059 677 vestibulo
1078 619 1176 691 statim
1202 619 1336 689 offendiu

335 704 438 763 deiude
455 696 532 780 quod
552 712 651 762 natura
672 702 800 761 ducimur
820 701 855 760 ad
876 701 987 761 modos.
1029 699 1132 779 Neque
1152 703 1234 762 enirn
1257 704 1337 764 aliter

335 789 483 863 eveniret,
511 795 542 845 ut
565 786 607 845 illi
626 802 742 862 quoquc
758 802 932 862 organorum
954 785 1037 860 soni,
1059 803 1229 863 quanquam
1250 787 1337 846 verba

334 888 392 930 non
415 871 590 948 exprimunt,
615 869 644 928 in
664 869 737 928 alios
761 877 856 928 tamen
878 877 965 947 atque
986 867 1060 928 alios
1081 877 1177 928 motus
1197 870 1336 930 ducerem

294 956 502 1019 llauditorem.
539 953 571 1013 ln
593 952 794 1012 certaminibus
818 953 909 1011 sacris
931 969 987 1011 oon
1007 951 1106 1011 eadem
1128 953 1250 1012 ratione
1272 971 1335 1014 con·

336 1040 421 1098 citant
437 1039 545 1098 animos
562 1054 596 1096 ac
611 1037 768 1103 remittunt;
784 1051 842 1095 non
854 1035 973 1095 eosdem
987 1035 1088 1095 modos
1100 1034 1259 1113 adhibent,
1277 1055 1335 1097 cum

334 1121 469 1181 bellicum
485 1130 530 1180 est
545 1120 701 1180 canendum
719 1129 748 1178 et
764 1137 826 1179 oum
838 1121 933 1196 posito
944 1137 1021 1197 genu
1036 1118 1262 1196 supplicandum
1280 1130 1334 1185 est:

334 1224 390 1265 neo
415 1206 491 1265 idem
512 1206 659 1281 signorum
679 1211 837 1263 concentus
864 1212 909 1262 est
931 1201 1110 1280 procedente
1132 1202 1167 1261 ad
1191 1204 1335 1280 proelium

294 1291 479 1365 lnexercitu,
503 1287 579 1347 idem
601 1289 733 1364 receptui
756 1304 879 1346 carmen.
924 1285 1226 1363 Pythagoreis·certe
1249 1289 1335 1347 moris

334 1373 403 1448 luit,
430 1381 459 1431 et
483 1391 546 1431 cum
567 1372 768 1448 evigilassem,
795 1371 905 1430 animos
927 1371 962 1430 ad
986 1371 1076 1444 lyram
1099 1371 1250 1449 excitare,
1281 1387 1334 1449 qno

335 1464 433 1516 essent
448 1456 483 1515 ad
500 1456 641 1532 agendum
656 1457 831 1522 erectiores;
854 1463 884 1513 et
901 1472 964 1513 cum
981 1469 1109 1512 somnum
1127 1462 1285 1532 peterent,
1304 1453 1335 1513 ad

335 1541 455 1600 eandem
470 1541 549 1617 prius
572 1538 663 1598 lenire
680 1548 808 1614 mentes,
830 1546 876 1614 ut,
899 1539 924 1596 si
945 1537 1011 1616 quid
1026 1536 1131 1596 luisset
1144 1536 1334 1598 turbidiorum

292 1638 326 1690 13
337 1624 557 1700 cogitationum,
576 1632 792 1700 componerent.
831 1621 941 1694 Quodsi
959 1623 1083 1681 numeris
1098 1638 1133 1679 ac
1148 1623 1246 1682 modis
1261 1624 1335 1681 inest

335 1707 475 1785 quaedam
495 1708 581 1765 tacita
598 1707 659 1764 vis:
686 1707 713 1764 in
736 1707 867 1766 oratione
884 1714 929 1764 est
948 1704 1216 1772 vehementissima;
1248 1723 1332 1784 quan·

334 1801 449 1868 tumque
473 1791 608 1865 interest,
631 1808 733 1849 sensus
752 1790 828 1849 idem
849 1789 952 1866 quibus
972 1789 1071 1849 verbis
1091 1788 1251 1864 efferatur,
1274 1799 1332 1849 tan·

334 1883 401 1947 tum,
417 1871 506 1933 verba
519 1874 619 1933 eadem
634 1891 689 1951 qua
704 1874 914 1951 compositione
925 1872 974 1933 vel
985 1874 1014 1932 in
1024 1881 1104 1932 textu
1119 1873 1276 1948 iungantur
1286 1872 1330 1932 vel

333 1960 361 2016 in
376 1957 430 2015 line
447 1957 622 2017 claudantur.
667 1956 740 2016 Nam
756 1956 895 2035 quaedam
913 1965 943 2015 et
958 1957 1106 2016 sententiis
1117 1974 1209 2034 parva
1226 1966 1257 2016 et
1273 1956 1329 2016 elo·

292 2044 448 2105 lunatione
464 2037 575 2101 modica
590 2043 679 2100 virtus
699 2041 773 2100 haec
791 2040 855 2100 sola
873 2041 1063 2100 commendat.
1101 2039 1239 2117 Denique
1259 2038 1330 2119 quod

334 2127 535 2203 cuiquevisnm
546 2127 599 2183 erit
610 2124 807 2200 vehementer,
817 2123 950 2199 dulciter,
963 2125 1100 2202 speciose
1108 2124 1229 2200 dictum,
1239 2124 1330 2184 solvat

333 2218 362 2268 et
378 2209 489 2269 turbet:
513 2209 614 2268 abierit
632 2209 722 2266 omnis
737 2210 798 2282 vis,
815 2207 991 2283 iucunditas,
1008 2207 1107 2267 decor.
1137 2206 1235 2267 Solvit
1247 2225 1329 2287 quae·

332 2295 396 2354 dam
412 2311 463 2352 sua
480 2295 509 2352 in
525 2291 646 2351 Oratore
663 2290 783 2351 Cicero:
801 2290 905 2369 Neque
917 2311 965 2352 mc
978 2292 1102 2352 diuitiae
1116 2301 1259 2367 mouent,
1270 2293 1329 2371 qut·

332 2379 389 2437 bus
402 2396 504 2438 omues
513 2373 679 2453 Africanos
694 2383 723 2436 et
736 2374 857 2437 Laelios
871 2375 958 2436 moto
970 2376 1113 2438 venalicii
1130 2383 1330 2438 mercatores

333 2477 391 2537 que
405 2467 608 2538 superarunt,
633 2469 661 2518 et
684 2462 869 2537 insequentes
885 2459 1023 2537 deinceps
1039 2458 1193 2537 periodos;
1220 2478 1292 2538 quas
1308 2457 1329 2517 si

333 2544 368 2602 ad
386 2543 465 2601 illum
479 2544 592 2603 modum
607 2543 723 2602 turbes:
744 2544 824 2606 velut
839 2544 930 2603 fracta
947 2553 995 2602 aut
1009 2553 1173 2603 transversa
1188 2543 1251 2603 tela
1266 2560 1329 2622 pro·

292 2628 448 2684 ldieceris.
493 2627 572 2686 Idem
594 2629 728 2703 corrigit,
753 2646 827 2705 quae
853 2645 869 2686 a
891 2626 1022 2687 Graccho
1044 2628 1205 2705 composita
1235 2627 1329 2686 durius

333 2718 422 2788 putat.
445 2709 527 2769 Illum
542 2711 642 2778 decet;
659 2728 711 2769 nos
727 2712 781 2770 hac
796 2729 893 2770 sumus
907 2710 1078 2789 probatione
1094 2711 1239 2784 contenti,
1256 2708 1331 2789 quod

333 2795 361 2851 in
383 2792 553 2866 scribendo,
584 2812 657 2870 quae
679 2795 818 2854 se-nohis
844 2795 982 2854 solutiora
1003 2794 1186 2867 obtulerunt,
1212 2810 1330 2872 compo·

332 2878 432 2935 nimus.
482 2877 556 2950 Quid
579 2879 653 2935 enim
674 2881 772 2937 attinet
792 2897 893 2939 eorum
917 2879 1049 2956 exempla
1075 2895 1236 2954 quaerere,
1258 2894 1330 2955 quae

332 2961 385 3020 sibi
402 2963 523 3038 quisque
541 2963 668 3039 experiri
684 2960 802 3039 potest?
838 2961 911 3021 lllud
926 2972 1044 3021 notasse
1060 2963 1129 3020 satis
1143 2960 1257 3035 habeo,
1274 2978 1330 3039 quo

331 3046 496 3123 pulchriora
517 3054 545 3104 et
561 3063 649 3103 sensu
666 3055 694 3104 et
711 3047 876 3106 elocutione
892 3047 1079 3118 dissolveris,
1097 3045 1153 3104 hoc
1169 3047 1331 3105 orationem

332 3132 422 3204 magis
445 3129 604 3189 deformem
626 3130 708 3204 fore,
744 3132 809 3207 quia
834 3130 1011 3207 negligentia
1035 3129 1240 3189 collocationis
1269 3129 1330 3208 ipsa
1356 3151 1359 3156 ·

292 3213 484 3273 roverborum
507 3215 573 3273 luce
600 3213 833 3290 deprehenditur.
878 3214 979 3292 ltaque
1001 3221 1031 3272 ut
1056 3213 1213 3288 confiteor,
1237 3229 1331 3291 paene

332 3295 455 3354 ultimam
472 3297 634 3357 oratoribus
656 3307 745 3357 artem
769 3299 1003 3376 compositionis,
1031 3314 1106 3374 quae
1128 3296 1263 3374 perlecta
1283 3297 1330 3370 sit,

332 3380 507 3454 contigisse:
530 3384 568 3440 ita
588 3382 645 3440 illis
669 3399 784 3459 qnoque
807 3381 911 3460 priscis
935 3379 1058 3440 habitam
1080 3383 1154 3439 inter
1169 3398 1274 3455 curas,
1304 3382 1331 3439 iu

333 3471 465 3537 quantum
481 3464 572 3523 adhuc
588 3465 791 3542 proiecerant,
816 3474 896 3543 puto.
934 3464 1037 3541 Neque
1059 3466 1133 3523 enim
1149 3463 1216 3522 mihi
1234 3481 1330 3541 quara·

332 3544 402 3603 libet
425 3565 543 3622 magnus
574 3558 675 3608 auctor
699 3548 804 3608 Cicero
831 3549 1026 3627 persuaserit,
1050 3546 1170 3622 Lysian,
1197 3546 1329 3608 Herodo-

292 3636 406 3703 litum,
432 3630 616 3704 Thucydiden
642 3650 739 3710 parum
760 3632 905 3692 studiosos
927 3634 989 3691 eius
1010 3631 1111 3690 luisse.
1151 3628 1249 3690 Genus
1272 3631 1331 3691 lor·

332 3721 410 3774 tasse
434 3716 489 3774 sint
514 3717 606 3775 secuti
630 3733 686 3774 non
709 3717 799 3791 idem,
824 3716 901 3795 qnod
924 3715 1137 3776 Demosthenes
1161 3722 1210 3774 aut
1230 3715 1314 3775 Plato
1322 3737 1330 3786 ;
