<?xml version="1.0" encoding="UTF-8"?>
<!DOCTYPE html PUBLIC "-//W3C//DTD XHTML 1.0 Transitional//EN"
    "http://www.w3.org/TR/xhtml1/DTD/xhtml1-transitional.dtd">
<html xmlns="http://www.w3.org/1999/xhtml" xml:lang="en" lang="en">
 <head>
  <title>
</title>
<meta http-equiv="Content-Type" content="text/html;charset=utf-8" />
  <meta name='ocr-system' content='tesseract 3.04.00' />
  <meta name='ocr-capabilities' content='ocr_page ocr_carea ocr_par ocr_line ocrx_word'/>
</head>
<body>
  <div class='ocr_page' id='page_1' title='image "./mfabiiquintilia02quingoog_0132.png"; bbox 0 0 3184 4409; ppageno 0'>
   <div class='ocr_carea' id='block_1_1' title="bbox 342 442 1017 532">
    <p class='ocr_par' dir='ltr' id='par_1_1' title="bbox 342 442 1017 532">
     <span class='ocr_line' id='line_1_1' title="bbox 342 442 1017 532; baseline -0.003 -10"><span class='ocrx_word' id='word_1_1' title='bbox 342 460 403 522; x_wconf 86' lang='lat'><strong>104</strong></span> <span class='ocrx_word' id='word_1_2' title='bbox 591 442 595 448; x_wconf 64' lang='grc'>’</span> <span class='ocrx_word' id='word_1_3' title='bbox 656 473 785 526; x_wconf 76' lang='lat' dir='ltr'><strong>mesu.</strong></span> <span class='ocrx_word' id='word_1_4' title='bbox 799 447 1017 532; x_wconf 67' lang='lat' dir='ltr'><strong>somniamus</strong></span> 
     </span>
    </p>
   </div>
   <div class='ocr_carea' id='block_1_2' title="bbox 296 622 1342 2635">
    <p class='ocr_par' dir='ltr' id='par_1_2' title="bbox 342 622 1336 873">
     <span class='ocr_line' id='line_1_2' title="bbox 342 622 1336 706; baseline 0.004 -19"><span class='ocrx_word' id='word_1_5' title='bbox 342 622 471 703; x_wconf 72' lang='lat' dir='ltr'><strong>subituri</strong></span> <span class='ocrx_word' id='word_1_6' title='bbox 485 628 611 688; x_wconf 89' lang='lat' dir='ltr'><strong>dicamus</strong></span> <span class='ocrx_word' id='word_1_7' title='bbox 624 625 677 687; x_wconf 89' lang='lat' dir='ltr'><strong>has</strong></span> <span class='ocrx_word' id='word_1_8' title='bbox 689 629 868 704; x_wconf 74' lang='lat' dir='ltr'>geometriae</span> <span class='ocrx_word' id='word_1_9' title='bbox 880 645 947 688; x_wconf 88' lang='lat' dir='ltr'><strong>esse</strong></span> <span class='ocrx_word' id='word_1_10' title='bbox 960 635 1068 706; x_wconf 86' lang='lat' dir='ltr'><strong>partes.</strong></span> <span class='ocrx_word' id='word_1_11' title='bbox 1089 625 1230 704; x_wconf 82' lang='lat' dir='ltr'><strong>Equidem</strong></span> <span class='ocrx_word' id='word_1_12' title='bbox 1242 631 1336 691; x_wconf 92' lang='lat' dir='ltr'><strong>omnia</strong></span> 
     </span>
     <span class='ocr_line' id='line_1_3' title="bbox 342 710 1335 790; baseline 0.001 -19"><span class='ocrx_word' id='word_1_13' title='bbox 342 712 406 771; x_wconf 83' lang='lat' dir='ltr'><strong>iere</strong></span> <span class='ocrx_word' id='word_1_14' title='bbox 428 710 518 770; x_wconf 92' lang='lat' dir='ltr'><strong>credo</strong></span> <span class='ocrx_word' id='word_1_15' title='bbox 541 730 630 790; x_wconf 92' lang='lat' dir='ltr'><strong>posse</strong></span> <span class='ocrx_word' id='word_1_16' title='bbox 657 730 724 771; x_wconf 91' lang='lat' dir='ltr'><strong>casu</strong></span> <span class='ocrx_word' id='word_1_17' title='bbox 750 712 847 789; x_wconf 91' lang='lat' dir='ltr'><strong>aliquo</strong></span> <span class='ocrx_word' id='word_1_18' title='bbox 868 715 967 771; x_wconf 89' lang='lat' dir='ltr'><strong>venire</strong></span> <span class='ocrx_word' id='word_1_19' title='bbox 993 712 1021 769; x_wconf 93' lang='lat' dir='ltr'><strong>iu</strong></span> <span class='ocrx_word' id='word_1_20' title='bbox 1044 711 1169 770; x_wconf 81' lang='lat' dir='ltr'><strong>officium</strong></span> <span class='ocrx_word' id='word_1_21' title='bbox 1194 716 1335 781; x_wconf 80' lang='lat' dir='ltr'><strong>oratoris3</strong></span> 
     </span>
     <span class='ocr_line' id='line_1_4' title="bbox 345 794 1049 873; baseline -0.003 -19"><span class='ocrx_word' id='word_1_22' title='bbox 345 795 421 873; x_wconf 92' lang='lat' dir='ltr'><strong>quod</strong></span> <span class='ocrx_word' id='word_1_23' title='bbox 437 797 461 854; x_wconf 92' lang='lat' dir='ltr'><strong>si</strong></span> <span class='ocrx_word' id='word_1_24' title='bbox 477 813 533 854; x_wconf 92' lang='lat' dir='ltr'><strong>uon</strong></span> <span class='ocrx_word' id='word_1_25' title='bbox 550 795 676 870; x_wconf 86' lang='lat' dir='ltr'><strong>accidet,</strong></span> <span class='ocrx_word' id='word_1_26' title='bbox 697 813 754 855; x_wconf 91' lang='lat' dir='ltr'><strong>uon</strong></span> <span class='ocrx_word' id='word_1_27' title='bbox 770 803 853 855; x_wconf 88' lang='lat' dir='ltr'><strong>eruut</strong></span> <span class='ocrx_word' id='word_1_28' title='bbox 868 798 895 855; x_wconf 92' lang='lat' dir='ltr'><strong>ei</strong></span> <span class='ocrx_word' id='word_1_29' title='bbox 911 794 1049 854; x_wconf 86' lang='lat' dir='ltr'><strong>subiecta.</strong></span> 
     </span>
    </p>

    <p class='ocr_par' dir='ltr' id='par_1_3' title="bbox 301 877 1338 1210">
     <span class='ocr_line' id='line_1_5' title="bbox 301 877 1338 957; baseline 0 -18"><span class='ocrx_word' id='word_1_30' title='bbox 301 887 336 939; x_wconf 75' lang='lat'><strong>20</strong></span> <span class='ocrx_word' id='word_1_31' title='bbox 411 877 468 938; x_wconf 73' lang='lat' dir='ltr'><strong>‘lta</strong></span> <span class='ocrx_word' id='word_1_32' title='bbox 484 881 526 939; x_wconf 94' lang='lat' dir='ltr'><strong>sic</strong></span> <span class='ocrx_word' id='word_1_33' title='bbox 542 896 657 957; x_wconf 92' lang='lat' dir='ltr'><strong>quoque</strong></span> <span class='ocrx_word' id='word_1_34' title='bbox 673 889 754 938; x_wconf 89' lang='lat' dir='ltr'><strong>recte</strong></span> <span class='ocrx_word' id='word_1_35' title='bbox 770 880 907 954; x_wconf 81' lang='lat' dir='ltr'><strong>diximus,</strong></span> <span class='ocrx_word' id='word_1_36' title='bbox 923 880 1105 939; x_wconf 78' lang='lat' dir='ltr'><strong>materiam</strong></span> <span class='ocrx_word' id='word_1_37' title='bbox 1122 878 1338 940; x_wconf 90' lang='lat' dir='ltr'><strong>rhetorices</strong></span> 
     </span>
     <span class='ocr_line' id='line_1_6' title="bbox 345 962 1337 1041; baseline 0.002 -19"><span class='ocrx_word' id='word_1_38' title='bbox 345 981 429 1022; x_wconf 88' lang='lat' dir='ltr'><strong>esse</strong></span> <span class='ocrx_word' id='word_1_39' title='bbox 456 980 573 1022; x_wconf 92' lang='lat' dir='ltr'><strong>omnes</strong></span> <span class='ocrx_word' id='word_1_40' title='bbox 600 981 661 1022; x_wconf 94' lang='lat' dir='ltr'><strong>res</strong></span> <span class='ocrx_word' id='word_1_41' title='bbox 684 963 725 1023; x_wconf 89' lang='lat' dir='ltr'><strong>ad</strong></span> <span class='ocrx_word' id='word_1_42' title='bbox 748 964 936 1022; x_wconf 90' lang='lat' dir='ltr'><strong>dicendum</strong></span> <span class='ocrx_word' id='word_1_43' title='bbox 964 964 996 1022; x_wconf 92' lang='lat' dir='ltr'><strong>ei</strong></span> <span class='ocrx_word' id='word_1_44' title='bbox 1022 962 1229 1032; x_wconf 88' lang='lat' dir='ltr'><strong>subiectas;</strong></span> <span class='ocrx_word' id='word_1_45' title='bbox 1259 965 1337 1041; x_wconf 94' lang='lat' dir='ltr'><strong>quod</strong></span> 
     </span>
     <span class='ocr_line' id='line_1_7' title="bbox 345 1044 1335 1125; baseline 0.001 -20"><span class='ocrx_word' id='word_1_46' title='bbox 345 1046 459 1125; x_wconf 91' lang='lat' dir='ltr'><strong>quidem</strong></span> <span class='ocrx_word' id='word_1_47' title='bbox 480 1047 583 1125; x_wconf 91' lang='lat' dir='ltr'><strong>probat</strong></span> <span class='ocrx_word' id='word_1_48' title='bbox 605 1049 690 1106; x_wconf 86' lang='lat' dir='ltr'><strong>etiam</strong></span> <span class='ocrx_word' id='word_1_49' title='bbox 713 1064 808 1107; x_wconf 89' lang='lat' dir='ltr'><strong>sermo</strong></span> <span class='ocrx_word' id='word_1_50' title='bbox 832 1048 997 1107; x_wconf 90' lang='lat' dir='ltr'><strong>communis</strong></span> <span class='ocrx_word' id='word_1_51' title='bbox 1034 1044 1105 1104; x_wconf 87' lang='lat' dir='ltr'><strong>Nam</strong></span> <span class='ocrx_word' id='word_1_52' title='bbox 1130 1065 1193 1106; x_wconf 92' lang='lat' dir='ltr'><strong>cum</strong></span> <span class='ocrx_word' id='word_1_53' title='bbox 1217 1046 1335 1125; x_wconf 81' lang='lat' dir='ltr'><strong>aliquid,</strong></span> 
     </span>
     <span class='ocr_line' id='line_1_8' title="bbox 345 1120 1336 1210; baseline -0.001 -20"><span class='ocrx_word' id='word_1_54' title='bbox 345 1132 381 1190; x_wconf 96' lang='lat' dir='ltr'><strong>de</strong></span> <span class='ocrx_word' id='word_1_55' title='bbox 405 1147 462 1208; x_wconf 93' lang='lat' dir='ltr'><strong>quo</strong></span> <span class='ocrx_word' id='word_1_56' title='bbox 486 1130 611 1190; x_wconf 85' lang='lat' dir='ltr'><strong>dicamus</strong></span> <span class='ocrx_word' id='word_1_57' title='bbox 619 1133 829 1210; x_wconf 84' lang='lat' dir='ltr'><strong>,accepimus,</strong></span> <span class='ocrx_word' id='word_1_58' title='bbox 854 1133 989 1209; x_wconf 83' lang='lat' dir='ltr'><strong>positam</strong></span> <span class='ocrx_word' id='word_1_59' title='bbox 986 1120 1080 1190; x_wconf 91' lang='lat' dir='ltr'><strong>uobis</strong></span> <span class='ocrx_word' id='word_1_60' title='bbox 1102 1148 1169 1189; x_wconf 88' lang='lat' dir='ltr'><strong>esse</strong></span> <span class='ocrx_word' id='word_1_61' title='bbox 1190 1133 1336 1190; x_wconf 76' lang='lat' dir='ltr'><strong>materiam</strong></span> 
     </span>
    </p>

    <p class='ocr_par' dir='ltr' id='par_1_4' title="bbox 304 1213 1342 1545">
     <span class='ocr_line' id='line_1_9' title="bbox 304 1213 1342 1294; baseline 0 -19"><span class='ocrx_word' id='word_1_62' title='bbox 304 1223 335 1275; x_wconf 79' lang='lat'><strong>21</strong></span> <span class='ocrx_word' id='word_1_63' title='bbox 344 1215 512 1292; x_wconf 82' lang='lat' dir='ltr'><strong>frequenter</strong></span> <span class='ocrx_word' id='word_1_64' title='bbox 527 1218 611 1275; x_wconf 89' lang='lat' dir='ltr'><strong>etiam</strong></span> <span class='ocrx_word' id='word_1_65' title='bbox 625 1215 805 1294; x_wconf 78' lang='lat' dir='ltr'><strong>praefatione</strong></span> <span class='ocrx_word' id='word_1_66' title='bbox 821 1224 966 1274; x_wconf 81' lang='lat' dir='ltr'><strong>testamur</strong></span> <span class='ocrx_word' id='word_1_67' title='bbox 994 1214 1115 1290; x_wconf 84' lang='lat' dir='ltr'><strong>Gorgias</strong></span> <span class='ocrx_word' id='word_1_68' title='bbox 1131 1213 1244 1292; x_wconf 93' lang='lat' dir='ltr'><strong>quidem</strong></span> <span class='ocrx_word' id='word_1_69' title='bbox 1260 1215 1342 1274; x_wconf 83' lang='lat' dir='ltr'><strong>adeo</strong></span> 
     </span>
     <span class='ocr_line' id='line_1_10' title="bbox 345 1296 1338 1377; baseline 0 -21"><span class='ocrx_word' id='word_1_70' title='bbox 345 1298 454 1359; x_wconf 88' lang='lat' dir='ltr'><strong>rhetori</strong></span> <span class='ocrx_word' id='word_1_71' title='bbox 475 1298 510 1357; x_wconf 93' lang='lat' dir='ltr'><strong>de</strong></span> <span class='ocrx_word' id='word_1_72' title='bbox 532 1298 661 1359; x_wconf 88' lang='lat' dir='ltr'><strong>omnibus</strong></span> <span class='ocrx_word' id='word_1_73' title='bbox 683 1299 770 1358; x_wconf 90' lang='lat' dir='ltr'><strong>rebus</strong></span> <span class='ocrx_word' id='word_1_74' title='bbox 790 1301 907 1377; x_wconf 89' lang='lat' dir='ltr'><strong>putavit</strong></span> <span class='ocrx_word' id='word_1_75' title='bbox 921 1316 987 1358; x_wconf 89' lang='lat' dir='ltr'><strong>esse</strong></span> <span class='ocrx_word' id='word_1_76' title='bbox 1009 1296 1178 1372; x_wconf 89' lang='lat' dir='ltr'><strong>dicendum,</strong></span> <span class='ocrx_word' id='word_1_77' title='bbox 1198 1307 1229 1357; x_wconf 92' lang='lat' dir='ltr'><strong>ut</strong></span> <span class='ocrx_word' id='word_1_78' title='bbox 1252 1316 1285 1357; x_wconf 90' lang='lat' dir='ltr'><strong>se</strong></span> <span class='ocrx_word' id='word_1_79' title='bbox 1307 1300 1338 1357; x_wconf 92' lang='lat' dir='ltr'><strong>in</strong></span> 
     </span>
     <span class='ocr_line' id='line_1_11' title="bbox 345 1382 1336 1461; baseline -0.001 -20"><span class='ocrx_word' id='word_1_80' title='bbox 345 1383 493 1442; x_wconf 91' lang='lat' dir='ltr'><strong>auditoriis</strong></span> <span class='ocrx_word' id='word_1_81' title='bbox 515 1384 686 1459; x_wconf 83' lang='lat' dir='ltr'><strong>interrogari</strong></span> <span class='ocrx_word' id='word_1_82' title='bbox 708 1392 873 1461; x_wconf 88' lang='lat' dir='ltr'><strong>pateretur,</strong></span> <span class='ocrx_word' id='word_1_83' title='bbox 901 1399 956 1459; x_wconf 91' lang='lat' dir='ltr'><strong>qua</strong></span> <span class='ocrx_word' id='word_1_84' title='bbox 978 1384 1100 1460; x_wconf 88' lang='lat' dir='ltr'><strong>quisque</strong></span> <span class='ocrx_word' id='word_1_85' title='bbox 1124 1382 1159 1440; x_wconf 91' lang='lat' dir='ltr'><strong>de</strong></span> <span class='ocrx_word' id='word_1_86' title='bbox 1180 1382 1336 1441; x_wconf 89' lang='lat' dir='ltr'><strong>revellet.</strong></span> 
     </span>
     <span class='ocr_line' id='line_1_12' title="bbox 345 1464 1339 1545; baseline 0 -21"><span class='ocrx_word' id='word_1_87' title='bbox 345 1464 539 1542; x_wconf 81' lang='lat' dir='ltr'><strong>Hermagoras</strong></span> <span class='ocrx_word' id='word_1_88' title='bbox 560 1484 692 1545; x_wconf 88' lang='lat' dir='ltr'><strong>quoque,</strong></span> <span class='ocrx_word' id='word_1_89' title='bbox 714 1466 836 1528; x_wconf 91' lang='lat' dir='ltr'><strong>dicendo</strong></span> <span class='ocrx_word' id='word_1_90' title='bbox 858 1468 1005 1526; x_wconf 87' lang='lat' dir='ltr'><strong>materiam</strong></span> <span class='ocrx_word' id='word_1_91' title='bbox 1023 1484 1089 1525; x_wconf 90' lang='lat' dir='ltr'><strong>esse</strong></span> <span class='ocrx_word' id='word_1_92' title='bbox 1104 1467 1133 1524; x_wconf 92' lang='lat' dir='ltr'><strong>in</strong></span> <span class='ocrx_word' id='word_1_93' title='bbox 1155 1483 1241 1526; x_wconf 89' lang='lat' dir='ltr'><strong>causa</strong></span> <span class='ocrx_word' id='word_1_94' title='bbox 1258 1475 1288 1525; x_wconf 92' lang='lat' dir='ltr'><strong>et</strong></span> <span class='ocrx_word' id='word_1_95' title='bbox 1308 1468 1339 1524; x_wconf 92' lang='lat' dir='ltr'><strong>iu</strong></span> 
     </span>
    </p>

    <p class='ocr_par' dir='ltr' id='par_1_5' title="bbox 304 1549 1341 1880">
     <span class='ocr_line' id='line_1_13' title="bbox 304 1549 1339 1627; baseline -0.001 -17"><span class='ocrx_word' id='word_1_96' title='bbox 304 1549 577 1627; x_wconf 77' lang='lat' dir='ltr'><strong>ttquaestionibus,</strong></span> <span class='ocrx_word' id='word_1_97' title='bbox 606 1567 705 1608; x_wconf 88' lang='lat' dir='ltr'><strong>omnes</strong></span> <span class='ocrx_word' id='word_1_98' title='bbox 728 1569 777 1609; x_wconf 88' lang='lat' dir='ltr'><strong>res</strong></span> <span class='ocrx_word' id='word_1_99' title='bbox 803 1550 948 1610; x_wconf 88' lang='lat' dir='ltr'><strong>subiectas</strong></span> <span class='ocrx_word' id='word_1_100' title='bbox 970 1559 1031 1609; x_wconf 91' lang='lat' dir='ltr'><strong>crat</strong></span> <span class='ocrx_word' id='word_1_101' title='bbox 1053 1549 1230 1627; x_wconf 82' lang='lat' dir='ltr'><strong>complexus.</strong></span> <span class='ocrx_word' id='word_1_102' title='bbox 1277 1550 1339 1609; x_wconf 88' lang='lat' dir='ltr'><strong>Sed</strong></span> 
     </span>
     <span class='ocr_line' id='line_1_14' title="bbox 347 1633 1338 1713; baseline 0.001 -22"><span class='ocrx_word' id='word_1_103' title='bbox 347 1635 532 1710; x_wconf 88' lang='lat' dir='ltr'><strong>quaestiones</strong></span> <span class='ocrx_word' id='word_1_104' title='bbox 554 1636 578 1692; x_wconf 91' lang='lat' dir='ltr'><strong>si</strong></span> <span class='ocrx_word' id='word_1_105' title='bbox 595 1643 681 1710; x_wconf 84' lang='lat' dir='ltr'><strong>negat</strong></span> <span class='ocrx_word' id='word_1_106' title='bbox 697 1633 731 1693; x_wconf 91' lang='lat' dir='ltr'><strong>ad</strong></span> <span class='ocrx_word' id='word_1_107' title='bbox 746 1634 911 1693; x_wconf 88' lang='lat' dir='ltr'><strong>rhetoricen</strong></span> <span class='ocrx_word' id='word_1_108' title='bbox 926 1637 1088 1713; x_wconf 89' lang='lat' dir='ltr'><strong>pertinere,</strong></span> <span class='ocrx_word' id='word_1_109' title='bbox 1107 1633 1238 1693; x_wconf 87' lang='lat' dir='ltr'><strong>dissentit</strong></span> <span class='ocrx_word' id='word_1_110' title='bbox 1252 1651 1268 1693; x_wconf 95' lang='lat' dir='ltr'><strong>a</strong></span> <span class='ocrx_word' id='word_1_111' title='bbox 1284 1651 1338 1692; x_wconf 78' lang='lat' dir='ltr'><strong>uo</strong></span> 
     </span>
     <span class='ocr_line' id='line_1_15' title="bbox 346 1716 1338 1796; baseline -0.001 -20"><span class='ocrx_word' id='word_1_112' title='bbox 346 1716 404 1782; x_wconf 89' lang='lat' dir='ltr'><strong>bis;</strong></span> <span class='ocrx_word' id='word_1_113' title='bbox 426 1719 449 1774; x_wconf 90' lang='lat' dir='ltr'><strong>si</strong></span> <span class='ocrx_word' id='word_1_114' title='bbox 465 1726 559 1776; x_wconf 92' lang='lat' dir='ltr'><strong>autem</strong></span> <span class='ocrx_word' id='word_1_115' title='bbox 580 1717 615 1776; x_wconf 94' lang='lat' dir='ltr'><strong>ad</strong></span> <span class='ocrx_word' id='word_1_116' title='bbox 633 1717 797 1778; x_wconf 88' lang='lat' dir='ltr'><strong>rhetoricen</strong></span> <span class='ocrx_word' id='word_1_117' title='bbox 814 1720 971 1796; x_wconf 83' lang='lat' dir='ltr'><strong>pertinent,</strong></span> <span class='ocrx_word' id='word_1_118' title='bbox 992 1717 1027 1777; x_wconf 89' lang='lat' dir='ltr'><strong>ab</strong></span> <span class='ocrx_word' id='word_1_119' title='bbox 1048 1717 1105 1777; x_wconf 93' lang='lat' dir='ltr'><strong>hoc</strong></span> <span class='ocrx_word' id='word_1_120' title='bbox 1127 1733 1241 1794; x_wconf 90' lang='lat' dir='ltr'><strong>quoque</strong></span> <span class='ocrx_word' id='word_1_121' title='bbox 1257 1716 1338 1775; x_wconf 90' lang='lat' dir='ltr'><strong>adiu·</strong></span> 
     </span>
     <span class='ocr_line' id='line_1_16' title="bbox 346 1799 1341 1880; baseline 0.003 -23"><span class='ocrx_word' id='word_1_122' title='bbox 346 1817 453 1858; x_wconf 89' lang='lat' dir='ltr'><strong>vamur.</strong></span> <span class='ocrx_word' id='word_1_123' title='bbox 484 1799 561 1859; x_wconf 90' lang='lat' dir='ltr'><strong>Nihil</strong></span> <span class='ocrx_word' id='word_1_124' title='bbox 577 1810 622 1860; x_wconf 92' lang='lat' dir='ltr'><strong>est</strong></span> <span class='ocrx_word' id='word_1_125' title='bbox 636 1804 724 1877; x_wconf 89' lang='lat' dir='ltr'><strong>enim,</strong></span> <span class='ocrx_word' id='word_1_126' title='bbox 744 1802 821 1880; x_wconf 93' lang='lat' dir='ltr'><strong>quod</strong></span> <span class='ocrx_word' id='word_1_127' title='bbox 834 1815 892 1861; x_wconf 90' lang='lat' dir='ltr'><strong>non</strong></span> <span class='ocrx_word' id='word_1_128' title='bbox 905 1804 933 1861; x_wconf 89' lang='lat' dir='ltr'><strong>iu</strong></span> <span class='ocrx_word' id='word_1_129' title='bbox 949 1820 1064 1862; x_wconf 88' lang='lat' dir='ltr'><strong>causam</strong></span> <span class='ocrx_word' id='word_1_130' title='bbox 1076 1810 1124 1860; x_wconf 94' lang='lat' dir='ltr'><strong>aut</strong></span> <span class='ocrx_word' id='word_1_131' title='bbox 1138 1801 1341 1878; x_wconf 89' lang='lat' dir='ltr'><strong>quaestionem</strong></span> 
     </span>
    </p>

    <p class='ocr_par' dir='ltr' id='par_1_6' title="bbox 304 1883 1338 2114">
     <span class='ocr_line' id='line_1_17' title="bbox 304 1883 1338 1965; baseline -0.003 -20"><span class='ocrx_word' id='word_1_132' title='bbox 304 1883 438 1945; x_wconf 69' lang='lat' dir='ltr'><strong>ttcadat.</strong></span> <span class='ocrx_word' id='word_1_133' title='bbox 468 1883 643 1944; x_wconf 81' lang='lat' dir='ltr'><strong>Aristoteles</strong></span> <span class='ocrx_word' id='word_1_134' title='bbox 660 1895 719 1945; x_wconf 91' lang='lat' dir='ltr'><strong>tres</strong></span> <span class='ocrx_word' id='word_1_135' title='bbox 735 1885 868 1946; x_wconf 89' lang='lat' dir='ltr'><strong>iaciendo</strong></span> <span class='ocrx_word' id='word_1_136' title='bbox 884 1895 982 1965; x_wconf 89' lang='lat' dir='ltr'><strong>partes</strong></span> <span class='ocrx_word' id='word_1_137' title='bbox 998 1887 1146 1960; x_wconf 90' lang='lat' dir='ltr'><strong>orationis,</strong></span> <span class='ocrx_word' id='word_1_138' title='bbox 1162 1883 1338 1959; x_wconf 89' lang='lat' dir='ltr'><strong>iudicialem,</strong></span> 
     </span>
     <span class='ocr_line' id='line_1_18' title="bbox 347 1966 1338 2049; baseline 0.001 -23"><span class='ocrx_word' id='word_1_139' title='bbox 347 1966 578 2044; x_wconf 89' lang='lat' dir='ltr'><strong>deliberativam,</strong></span> <span class='ocrx_word' id='word_1_140' title='bbox 601 1970 869 2045; x_wconf 81' lang='lat' dir='ltr'><strong>demonstrativam,</strong></span> <span class='ocrx_word' id='word_1_141' title='bbox 889 1988 982 2049; x_wconf 91' lang='lat' dir='ltr'><strong>paene</strong></span> <span class='ocrx_word' id='word_1_142' title='bbox 1003 1979 1033 2028; x_wconf 90' lang='lat' dir='ltr'><strong>et</strong></span> <span class='ocrx_word' id='word_1_143' title='bbox 1055 1971 1119 2048; x_wconf 89' lang='lat' dir='ltr'><strong>ipse</strong></span> <span class='ocrx_word' id='word_1_144' title='bbox 1141 1967 1249 2028; x_wconf 86' lang='lat' dir='ltr'><strong>oratori</strong></span> <span class='ocrx_word' id='word_1_145' title='bbox 1269 1968 1338 2027; x_wconf 90' lang='lat' dir='ltr'><strong>sub·</strong></span> 
     </span>
     <span class='ocr_line' id='line_1_19' title="bbox 347 2053 1127 2120; baseline 0.004 -11"><span class='ocrx_word' id='word_1_146' title='bbox 347 2053 415 2110; x_wconf 91' lang='lat' dir='ltr'><strong>iecit</strong></span> <span class='ocrx_word' id='word_1_147' title='bbox 431 2053 538 2120; x_wconf 90' lang='lat' dir='ltr'><strong>omnia;</strong></span> <span class='ocrx_word' id='word_1_148' title='bbox 558 2053 627 2113; x_wconf 89' lang='lat' dir='ltr'><strong>nihil</strong></span> <span class='ocrx_word' id='word_1_149' title='bbox 646 2057 719 2114; x_wconf 90' lang='lat' dir='ltr'><strong>enim</strong></span> <span class='ocrx_word' id='word_1_150' title='bbox 736 2055 835 2113; x_wconf 92' lang='lat' dir='ltr'><strong>nonin</strong></span> <span class='ocrx_word' id='word_1_151' title='bbox 851 2053 924 2114; x_wconf 89' lang='lat' dir='ltr'><strong>haec</strong></span> <span class='ocrx_word' id='word_1_152' title='bbox 942 2053 1026 2113; x_wconf 91' lang='lat' dir='ltr'><strong>cadit</strong></span> <span class='ocrx_word' id='word_1_153' title='bbox 1123 2070 1127 2078; x_wconf 82' lang='grc'><strong><em>’</em></strong></span> 
     </span>
    </p>

    <p class='ocr_par' dir='ltr' id='par_1_7' title="bbox 304 2134 1339 2384">
     <span class='ocr_line' id='line_1_20' title="bbox 304 2134 1339 2216; baseline 0 -21"><span class='ocrx_word' id='word_1_154' title='bbox 304 2144 339 2196; x_wconf 77' lang='lat' dir='ltr'><strong>rt</strong></span> <span class='ocrx_word' id='word_1_155' title='bbox 429 2134 595 2207; x_wconf 82' lang='lat' dir='ltr'><strong>Quaesitum</strong></span> <span class='ocrx_word' id='word_1_156' title='bbox 611 2156 627 2197; x_wconf 92' lang='lat' dir='ltr'><strong>a</strong></span> <span class='ocrx_word' id='word_1_157' title='bbox 642 2139 822 2216; x_wconf 83' lang='lat' dir='ltr'><strong>paucissimis</strong></span> <span class='ocrx_word' id='word_1_158' title='bbox 838 2138 917 2197; x_wconf 91' lang='lat' dir='ltr'><strong>etde</strong></span> <span class='ocrx_word' id='word_1_159' title='bbox 934 2139 1118 2197; x_wconf 87' lang='lat' dir='ltr'><strong>instrumento</strong></span> <span class='ocrx_word' id='word_1_160' title='bbox 1138 2143 1209 2195; x_wconf 89' lang='lat' dir='ltr'><strong>est.</strong></span> <span class='ocrx_word' id='word_1_161' title='bbox 1229 2134 1339 2195; x_wconf 88' lang='lat' dir='ltr'><strong>Instru-</strong></span> 
     </span>
     <span class='ocr_line' id='line_1_21' title="bbox 346 2219 1339 2300; baseline 0.002 -24"><span class='ocrx_word' id='word_1_162' title='bbox 346 2227 469 2278; x_wconf 90' lang='lat' dir='ltr'><strong>mentum</strong></span> <span class='ocrx_word' id='word_1_163' title='bbox 483 2238 576 2297; x_wconf 89' lang='lat' dir='ltr'><strong>voco,</strong></span> <span class='ocrx_word' id='word_1_164' title='bbox 598 2224 660 2282; x_wconf 90' lang='lat' dir='ltr'><strong>sine</strong></span> <span class='ocrx_word' id='word_1_165' title='bbox 677 2239 733 2300; x_wconf 92' lang='lat' dir='ltr'><strong>quo</strong></span> <span class='ocrx_word' id='word_1_166' title='bbox 751 2222 867 2281; x_wconf 86' lang='lat' dir='ltr'><strong>formari</strong></span> <span class='ocrx_word' id='word_1_167' title='bbox 883 2223 1001 2282; x_wconf 91' lang='lat' dir='ltr'><strong>materia</strong></span> <span class='ocrx_word' id='word_1_168' title='bbox 1018 2221 1104 2296; x_wconf 85' lang='lat' dir='ltr'><strong>inid,</strong></span> <span class='ocrx_word' id='word_1_169' title='bbox 1125 2219 1201 2298; x_wconf 89' lang='lat' dir='ltr'><strong>quod</strong></span> <span class='ocrx_word' id='word_1_170' title='bbox 1214 2219 1339 2279; x_wconf 86' lang='lat' dir='ltr'><strong>velimus</strong></span> 
     </span>
     <span class='ocr_line' id='line_1_22' title="bbox 347 2294 1339 2384; baseline 0.004 -25"><span class='ocrx_word' id='word_1_171' title='bbox 347 2294 442 2378; x_wconf 85' lang='lat' dir='ltr'><strong>effici,</strong></span> <span class='ocrx_word' id='word_1_172' title='bbox 468 2321 540 2382; x_wconf 88' lang='lat' dir='ltr'><strong>opus</strong></span> <span class='ocrx_word' id='word_1_173' title='bbox 562 2322 619 2364; x_wconf 91' lang='lat' dir='ltr'><strong>non</strong></span> <span class='ocrx_word' id='word_1_174' title='bbox 640 2308 741 2384; x_wconf 82' lang='lat' dir='ltr'><strong>possit.</strong></span> <span class='ocrx_word' id='word_1_175' title='bbox 774 2305 882 2365; x_wconf 86' lang='lat' dir='ltr'><strong>Verum</strong></span> <span class='ocrx_word' id='word_1_176' title='bbox 905 2305 962 2366; x_wconf 92' lang='lat' dir='ltr'><strong>hoc</strong></span> <span class='ocrx_word' id='word_1_177' title='bbox 983 2321 1047 2384; x_wconf 67' lang='lat' dir='ltr'><strong>ego⁵</strong></span> <span class='ocrx_word' id='word_1_178' title='bbox 1060 2321 1118 2363; x_wconf 89' lang='lat' dir='ltr'><strong>non</strong></span> <span class='ocrx_word' id='word_1_179' title='bbox 1140 2312 1230 2362; x_wconf 91' lang='lat' dir='ltr'><strong>artem</strong></span> <span class='ocrx_word' id='word_1_180' title='bbox 1248 2303 1339 2363; x_wconf 90' lang='lat' dir='ltr'><strong>credo</strong></span> 
     </span>
    </p>

    <p class='ocr_par' dir='ltr' id='par_1_8' title="bbox 296 2388 1340 2635">
     <span class='ocr_line' id='line_1_23' title="bbox 296 2388 1340 2466; baseline 0.002 -23"><span class='ocrx_word' id='word_1_181' title='bbox 296 2428 299 2433; x_wconf 82' lang='lat'>-</span> <span class='ocrx_word' id='word_1_182' title='bbox 348 2404 436 2460; x_wconf 83' lang='lat' dir='ltr'><strong>egere</strong></span> <span class='ocrx_word' id='word_1_183' title='bbox 453 2389 504 2446; x_wconf 92' lang='lat' dir='ltr'><strong>sed</strong></span> <span class='ocrx_word' id='word_1_184' title='bbox 525 2389 671 2449; x_wconf 83' lang='lat' dir='ltr'><strong>artificem</strong></span> <span class='ocrx_word' id='word_1_185' title='bbox 708 2389 810 2466; x_wconf 90' lang='lat' dir='ltr'><strong>Neque</strong></span> <span class='ocrx_word' id='word_1_186' title='bbox 833 2391 906 2448; x_wconf 91' lang='lat' dir='ltr'><strong>enim</strong></span> <span class='ocrx_word' id='word_1_187' title='bbox 928 2390 1048 2449; x_wconf 88' lang='lat' dir='ltr'><strong>scientia</strong></span> <span class='ocrx_word' id='word_1_188' title='bbox 1069 2388 1213 2448; x_wconf 89' lang='lat' dir='ltr'><strong>desiderat</strong></span> <span class='ocrx_word' id='word_1_189' title='bbox 1233 2388 1340 2446; x_wconf 89' lang='lat' dir='ltr'><strong>instru-</strong></span> 
     </span>
     <span class='ocr_line' id='line_1_24' title="bbox 346 2469 1339 2549; baseline 0.003 -24"><span class='ocrx_word' id='word_1_190' title='bbox 346 2478 484 2545; x_wconf 78' lang='lat' dir='ltr'><strong>mentum,</strong></span> <span class='ocrx_word' id='word_1_191' title='bbox 506 2488 579 2547; x_wconf 91' lang='lat' dir='ltr'><strong>quae</strong></span> <span class='ocrx_word' id='word_1_192' title='bbox 594 2482 692 2549; x_wconf 90' lang='lat' dir='ltr'><strong>potest</strong></span> <span class='ocrx_word' id='word_1_193' title='bbox 710 2491 777 2532; x_wconf 90' lang='lat' dir='ltr'><strong>esse</strong></span> <span class='ocrx_word' id='word_1_194' title='bbox 795 2481 1004 2548; x_wconf 87' lang='lat' dir='ltr'><strong>consummata,</strong></span> <span class='ocrx_word' id='word_1_195' title='bbox 1025 2473 1136 2537; x_wconf 88' lang='lat' dir='ltr'><strong>etiamsi</strong></span> <span class='ocrx_word' id='word_1_196' title='bbox 1152 2470 1222 2529; x_wconf 88' lang='lat' dir='ltr'><strong>nihil</strong></span> <span class='ocrx_word' id='word_1_197' title='bbox 1239 2469 1339 2546; x_wconf 86' lang='lat' dir='ltr'><strong>iaciat,</strong></span> 
     </span>
     <span class='ocr_line' id='line_1_25' title="bbox 347 2552 1338 2635; baseline 0.005 -26"><span class='ocrx_word' id='word_1_198' title='bbox 347 2552 398 2611; x_wconf 91' lang='lat' dir='ltr'><strong>sed</strong></span> <span class='ocrx_word' id='word_1_199' title='bbox 425 2552 475 2610; x_wconf 87' lang='lat' dir='ltr'><strong>ille</strong></span> <span class='ocrx_word' id='word_1_200' title='bbox 503 2556 621 2631; x_wconf 88' lang='lat' dir='ltr'><strong>artifex,</strong></span> <span class='ocrx_word' id='word_1_201' title='bbox 654 2565 684 2615; x_wconf 92' lang='lat' dir='ltr'><strong>ut</strong></span> <span class='ocrx_word' id='word_1_202' title='bbox 713 2556 843 2616; x_wconf 84' lang='lat' dir='ltr'><strong>caelator</strong></span> <span class='ocrx_word' id='word_1_203' title='bbox 870 2557 981 2616; x_wconf 90' lang='lat' dir='ltr'><strong>caelum</strong></span> <span class='ocrx_word' id='word_1_204' title='bbox 1007 2566 1036 2616; x_wconf 92' lang='lat' dir='ltr'><strong>et</strong></span> <span class='ocrx_word' id='word_1_205' title='bbox 1066 2557 1161 2635; x_wconf 90' lang='lat' dir='ltr'><strong>pictor</strong></span> <span class='ocrx_word' id='word_1_206' title='bbox 1189 2554 1338 2632; x_wconf 89' lang='lat' dir='ltr'><strong>penicilla.</strong></span> 
     </span>
    </p>
   </div>
   <div class='ocr_carea' id='block_1_3' title="bbox 346 2632 1338 2778">
    <p class='ocr_par' dir='ltr' id='par_1_9' title="bbox 346 2632 1338 2778">
     <span class='ocr_line' id='line_1_26' title="bbox 346 2632 1338 2777; baseline 0.004 -85"><span class='ocrx_word' id='word_1_207' title='bbox 346 2632 445 2777; x_wconf 58' lang='lat' dir='ltr'><strong>qtqfque</strong></span> <span class='ocrx_word' id='word_1_208' title='bbox 466 2635 571 2696; x_wconf 89' lang='lat' dir='ltr'><strong>haec&#39;</strong></span> <span class='ocrx_word' id='word_1_209' title='bbox 562 2657 590 2697; x_wconf 94' lang='lat' dir='ltr'><strong>m</strong></span> <span class='ocrx_word' id='word_1_210' title='bbox 611 2657 675 2698; x_wconf 90' lang='lat' dir='ltr'><strong>eum</strong></span> <span class='ocrx_word' id='word_1_211' title='bbox 696 2639 806 2756; x_wconf 83' lang='lat' dir='ltr'><strong>locum,</strong></span> <span class='ocrx_word' id='word_1_212' title='bbox 831 2656 887 2718; x_wconf 92' lang='lat' dir='ltr'><strong>quo</strong></span> <span class='ocrx_word' id='word_1_213' title='bbox 910 2640 947 2700; x_wconf 87' lang='lat' dir='ltr'><strong>de</strong></span> <span class='ocrx_word' id='word_1_214' title='bbox 968 2649 1084 2700; x_wconf 91' lang='lat' dir='ltr'><strong>oratore</strong></span> <span class='ocrx_word' id='word_1_215' title='bbox 1103 2639 1204 2698; x_wconf 92' lang='lat' dir='ltr'><strong>dicturi</strong></span> <span class='ocrx_word' id='word_1_216' title='bbox 1228 2655 1338 2713; x_wconf 89' lang='lat' dir='ltr'><strong>sumus,</strong></span> 
     </span>
     <span class='ocr_line' id='line_1_27' title="bbox 366 2737 518 2778; baseline 0.021 -3"><span class='ocrx_word' id='word_1_217' title='bbox 366 2737 373 2775; x_wconf 87' lang='grc' dir='ltr'>ι</span> <span class='ocrx_word' id='word_1_218' title='bbox 398 2737 518 2778; x_wconf 86' lang='lat' dir='ltr'><strong>eramus.</strong></span> 
     </span>
    </p>
   </div>
   <div class='ocr_carea' id='block_1_4' title="bbox 0 0 1600 4409">
    <p class='ocr_par' dir='ltr' id='par_1_10' title="bbox 0 0 1600 4409">
     <span class='ocr_line' id='line_1_28' title="bbox 0 0 1600 4409; baseline 0 0"><span class='ocrx_word' id='word_1_219' title='bbox 0 0 1600 4409; x_wconf 95' lang='lat' dir='ltr'><strong> </strong></span> 
     </span>
    </p>
   </div>
  </div>
 </body>
</html>
