3184 4409
346 513 386 574 70
660 523 1018 583 u.uAB.Qumu11.m1t1

344 681 459 741 latinos
476 696 549 738 vero
563 679 675 739 dicendi
688 685 896 756 praeceptores
913 679 1049 738 extremis
1063 678 1093 737 h.
1108 678 1205 740 Crassi
1221 691 1332 761 tempo-

344 765 580 909 ppqpuscpppisse
597 761 701 823 Cicero
724 771 827 822 auctor
849 771 909 831 est;
935 778 1055 840 quorum
1075 764 1194 840 insignis
1210 769 1333 827 maxime

345 1002 393 1052 DE
415 999 608 1051 LECTIONE
624 997 837 1050 ORATORUM
857 1000 904 1049 ET
923 954 1215 1054 ursuonlcoltuh
1232 1003 1331 1054 APUD

725 1081 944 1132 RHETOREM.

426 1181 462 1240 V.
495 1181 553 1241 Sed
570 1181 606 1240 de
625 1180 736 1239 ratione
757 1179 936 1253 declamandi
956 1188 1024 1256 post
1046 1180 1171 1257 paulum.
1205 1179 1330 1256 Interim,

345 1268 410 1344 quia
428 1268 518 1344 prima
533 1265 694 1326 rhetorices
711 1264 868 1323 rudimenta
885 1273 1055 1338 tractamus,
1074 1280 1130 1322 non
1148 1265 1332 1325 omittendum

343 1351 457 1410 videtur
477 1349 504 1408 id
525 1365 659 1426 quoquc,
680 1357 710 1406 ut
731 1365 877 1424 moneam,
902 1357 1035 1425 quantum
1057 1349 1093 1406 sit
1115 1347 1273 1407 collaturus
1297 1349 1332 1409 ad

344 1433 506 1513 profectum
520 1433 687 1491 discentium
703 1431 811 1505 rhetor,
829 1433 869 1506 si,
886 1431 1152 1509 quemadmoduma
1169 1434 1331 1508 grammati·

345 1520 386 1578 cis
409 1518 532 1592 exigitur
553 1525 702 1594 poetarum
726 1516 884 1574 enarratio:
906 1516 944 1574 ita
966 1517 1030 1592 ipse
1056 1532 1170 1593 quoque
1193 1515 1332 1580 historiae

345 1611 431 1678 atquc
447 1602 531 1658 etiam
552 1601 642 1676 magis
661 1601 819 1658 orationum
841 1599 966 1658 lectione
989 1608 1143 1677 susceptos
1166 1617 1230 1658 ase
1245 1599 1331 1659 disci·

344 1685 429 1763 pulos
445 1685 625 1750 instruxerit;
649 1682 724 1761 quod
740 1700 792 1741 nos
808 1684 836 1741 in
856 1684 971 1760 paucis,
994 1699 1114 1760 quorum
1131 1683 1159 1742 id
1174 1692 1254 1741 aetas
1270 1686 1331 1742 exi-

320 1768 432 1845 agebat
447 1776 475 1826 et
490 1775 624 1845 parentes
641 1767 711 1825 utile
727 1785 793 1825 esse
812 1767 1007 1841 crediderant,
1025 1769 1211 1825 servavimus.
1244 1765 1331 1826 Gete-

344 1871 406 1911 rum
422 1851 608 1910 sentientibus
625 1851 681 1910 iam
702 1859 760 1909 tum
776 1853 881 1929 optima
897 1851 970 1910 duae
985 1869 1033 1910 res
1048 1850 1250 1928 impedimento
1268 1852 1330 1910 fuc-

344 1946 418 2011 ruut,
436 1935 511 2014 quod
527 1945 555 1994 et
570 1935 656 2011 longa
671 1935 849 1995 consuetudo
866 1934 949 1993 aliter
960 1933 1082 1993 docendi
1097 1935 1208 1993 fecerat
1222 1934 1330 2012 legem,

345 2030 374 2080 et
385 2020 495 2079 robusti
511 2019 573 2079 iere
588 2022 705 2078 iuvenes
721 2037 776 2079 nec
787 2019 861 2078 hunc
877 2018 1006 2077 laborem
1021 2018 1217 2078 desiderantes
1233 2037 1331 2078 exem-

320 2105 422 2183 3plum
436 2113 564 2163 nostrum
585 2102 788 2181 sequebantur.
822 2101 884 2161 Nec
906 2111 1015 2178 tamen,
1040 2104 1150 2161 etiamsi
1172 2103 1239 2180 qnid
1262 2104 1331 2162 novi

344 2190 474 2249 velsero
490 2190 678 2262 invenissem,
695 2186 866 2264 praecipere
881 2186 909 2244 in
924 2196 1072 2264 posterum
1087 2186 1218 2264 puderet.
1248 2186 1330 2246 Nunc

343 2291 414 2332 vero
436 2275 497 2331 scio
519 2273 547 2331 id
570 2272 631 2331 lieri
657 2271 731 2349 apud
754 2270 882 2330 Graecos
908 2270 960 2329 sed
980 2272 1072 2346 magis
1093 2288 1146 2348 per
1168 2269 1329 2345 adiutores,

345 2359 409 2435 quia
426 2373 483 2414 non
497 2355 628 2414 videntur
642 2363 772 2431 tempora
793 2354 965 2429 suffectura,
989 2357 1013 2412 si
1031 2353 1193 2430 legentibus
1208 2353 1330 2430 singulis

321 2441 458 2517 4praeire
475 2456 591 2516 semper
609 2439 664 2516 ipsi
684 2437 782 2496 velint.
815 2436 852 2496 Et
873 2437 993 2496 hercule
1014 2437 1189 2516 praelectio,
1212 2438 1331 2514 quaein

344 2523 400 2582 hoc
418 2521 584 2595 adhibetur,
608 2530 638 2580 ut
655 2521 742 2580 facile
763 2529 849 2598 atque
866 2521 998 2580 distincte
1013 2523 1095 2599 pueri
1110 2521 1219 2598 scripta
1236 2521 1330 2581 oculis

344 2615 515 2682 sequantur,
545 2605 629 2663 etiam
652 2604 718 2679 illa,
745 2620 819 2681 quae
839 2606 896 2664 vim
917 2607 1054 2683 cuiusque
1075 2603 1172 2679 verbi,
1200 2604 1225 2662 si
1253 2606 1330 2682 quod

345 2692 435 2748 minus
452 2690 584 2747 usitatum
599 2689 713 2762 incidat,
731 2688 828 2763 docet,
846 2689 961 2748 multum
976 2690 1048 2748 inira
1063 2688 1187 2748 rhetoris
1203 2688 1330 2747 cilicium

319 2773 533 2834 texistimanda
551 2781 604 2830 est.
639 2771 679 2832 At
694 2773 891 2832 demonstrare
905 2775 1026 2831 virtutes
1041 2773 1106 2847 vel,
1123 2774 1147 2832 si
1163 2772 1276 2849 quando
1292 2774 1332 2830 ita

344 2856 466 2931 incidat,
488 2858 573 2931 vitia,
597 2856 625 2915 id
647 2857 837 2933 professionis
861 2857 922 2915 eius
943 2865 1029 2934 atque
1049 2856 1199 2934 promissi,
1224 2873 1282 2934 quo
1297 2874 1331 2914 se

344 2943 508 3017 magistrum
525 2941 707 3018 eloquentiae
722 2939 894 3017 pollicetur,
909 2942 1031 2999 maxime
1047 2942 1193 3018 proprium
1209 2949 1269 3007 est;
1293 2956 1330 2998 eo

345 3026 458 3103 quidem
474 3024 611 3099 validius,
633 3025 710 3102 quod
729 3041 786 3082 uon
807 3026 905 3101 utique
922 3023 996 3082 hunc
1017 3022 1147 3083 laborem
1167 3023 1331 3082 docentium

344 3110 480 3186 postulo,
507 3117 536 3167 ut
557 3109 592 3168 ad
617 3109 755 3184 gremium
779 3109 925 3166 revocatis
948 3109 1086 3185 cuiusque
1107 3124 1206 3166 eorum
1230 3103 1331 3166 liberis

319 3193 470 3252 tilectione
486 3193 658 3252 deserviant.
689 3192 760 3252 Nam
774 3191 841 3250 mihi
857 3210 920 3250 cum
936 3191 1050 3250 facilius
1065 3200 1124 3250 tum
1139 3193 1224 3250 etiarn
1240 3191 1330 3251 multo

343 3277 455 3335 videtur
469 3278 560 3352 magis
570 3276 649 3350 utile,
666 3276 743 3334 iacto
760 3275 874 3334 silentio
890 3293 974 3334 unum
990 3275 1114 3352 aliquem
1130 3273 1222 3352 (quod
1238 3276 1331 3353 ipsum

344 3362 477 3437 imperari
498 3362 650 3438 pervices
673 3361 808 3437 optimum
831 3361 891 3438 est)
918 3351 1094 3418 constituere
1116 3359 1274 3434 lectorem,
1301 3367 1332 3418 ut

344 3446 472 3521 protinus
499 3444 720 3522 pronuntiationi
749 3460 864 3521 quoque
894 3452 1077 3510 assuescant;
1110 3451 1167 3501 tum
1197 3444 1330 3520 exposita

321 3527 445 3601 lcausa,
462 3528 488 3584 in
505 3545 588 3605 quam
603 3527 709 3604 scripta
725 3526 839 3602 legetur
855 3526 963 3600 oratio,
981 3526 1060 3603 (nam
1075 3527 1118 3585 sic
1134 3526 1240 3585 clarius
1256 3543 1330 3604 quae

344 3611 473 3670 dicentur
492 3610 612 3686 intelligi
633 3611 783 3688 poterunt)
811 3609 880 3668 nihil
907 3612 1030 3669 otiosum
1047 3611 1122 3687 pati,
1147 3609 1282 3688 quodque
1302 3611 1331 3668 in

343 3697 506 3754 inventione
523 3694 655 3773 quodque
676 3695 703 3752 in
720 3693 885 3752 elocutione
907 3694 1096 3752 annotandum
1117 3695 1186 3762 erit;
1209 3694 1331 3774 quaein

327 3781 490 3852 prooemio
504 3778 677 3845 conciliandi
690 3777 792 3839 iudicis
808 3779 896 3846 ratio;
918 3795 992 3856 quac
1008 3778 1141 3838 narrandi
1156 3778 1218 3856 tux,
1235 3778 1330 3840 brevi·
