3184 4409
585 471 674 520 mse.
698 469 847 519 onanoa.
870 471 1005 538 cram,
1021 469 1050 524 3.
1239 462 1297 523 111

299 645 357 708 per
372 633 417 703 et,
433 635 578 703 utcunque
588 626 678 685 valuit
694 625 889 701 consuetudo,
904 636 1055 687 mutantur.
1079 628 1197 707 ltaque,
1213 629 1238 688 si
1251 648 1300 689 an-

299 714 409 789 tiquum
431 728 593 770 sermonem
615 719 715 769 nostro
738 727 953 787 comparemus,
978 729 1071 788 paene
1089 715 1144 772 iam
1164 713 1301 791 quidquid

300 795 445 872 loquimur
466 795 557 872 ligura
580 804 642 853 est:
671 804 701 853 ut
715 796 775 855 truc
789 813 826 854 re
839 797 979 859 incidere
998 813 1071 871 non,
1094 805 1125 854 ut
1139 807 1257 856 veteres
1271 806 1300 856 et

302 878 406 939 Cicero
430 881 604 956 praecipue,
638 878 719 939 lonc
742 897 828 947 rem;
861 887 891 937 et
917 881 1091 941 incumbere
1115 882 1160 941 illi
1187 898 1244 940 non
1268 884 1301 942 in

299 964 399 1037 illem,
423 972 452 1022 et
471 965 595 1042 plenum
609 964 678 1024 cino
692 979 750 1021 non
770 963 850 1038 cini,
873 971 902 1021 et
917 964 989 1023 hnic
1002 981 1060 1023 non
1078 965 1160 1025 tnnc
1174 966 1301 1026 adulari

300 1048 355 1106 iam
382 1047 486 1106 dicitur
515 1055 545 1106 et
566 1046 654 1106 -mille
682 1047 752 1112 alia;
775 1048 937 1123 utinamque
963 1065 1020 1106 non
1047 1051 1147 1126 peiora
1174 1051 1298 1108 vincant.

252 1131 262 1142 '
298 1130 407 1190 Verum
425 1130 571 1189 schemata
586 1128 686 1204 λέξεως
706 1131 825 1189 duorum
846 1140 911 1189 sunt
931 1149 1084 1207 generum:
1113 1133 1235 1192 alterum
1250 1133 1328 1196 'lo-2

299 1215 405 1294 quendi
420 1216 560 1273 rationem
575 1223 696 1287 vocant,
715 1213 840 1295 alterum
851 1217 973 1274 maxime
989 1216 1184 1276 collocatione
1199 1219 1298 1294 exqui-

299 1299 385 1357 situm
408 1306 462 1356 est.
499 1297 626 1370 Quorum
646 1300 759 1357 tametsi
780 1307 929 1376 utrumque
945 1303 1079 1359 convenit
1097 1302 1234 1360 orationi:
1252 1309 1298 1359 ta·

299 1401 365 1441 men
383 1383 480 1460 possis
498 1380 569 1440 illud
589 1383 860 1458 grammaticum
876 1381 933 1442 hoc
952 1383 1179 1445 rhetoricum
1207 1386 1299 1460 iungis

298 1467 407 1528 dicere.
975 1462 979 1468 ’
1191 1472 1194 1481 ’

383 1550 463 1611 Prius
489 1548 521 1610 fit
544 1546 645 1610 iisdem
675 1548 832 1624 generibus
855 1550 958 1629 quibus
982 1555 1059 1614 vitia.
1108 1551 1196 1611 Esset
1224 1555 1299 1612 enim

299 1637 437 1695 orationis
465 1635 582 1694 schema
609 1633 726 1707 vitium,
754 1633 779 1692 si
803 1652 861 1693 non
886 1644 1037 1714 peteretur
1064 1637 1117 1696 sed
1139 1636 1297 1696 accideret.

296 1719 404 1779 Verum
421 1722 607 1793 auctoritate,
635 1725 798 1792 vetustate,
823 1720 1029 1779 consuetudine
1053 1721 1224 1798 plerumque
1248 1721 1328 1786 dea

298 1803 422 1863 lendltnr
441 1821 532 1880 saepe
554 1805 639 1862 etiam
660 1805 772 1862 ratione
794 1804 923 1880 quadam.
961 1803 1106 1882 Ideoque,
1135 1823 1198 1863 cum
1223 1805 1261 1863 sit
1281 1822 1299 1865 a

298 1887 420 1964 simplici
447 1897 589 1965 rectoque
618 1887 755 1964 loquendi
785 1906 896 1963 genere
918 1887 1047 1962 deflexa,
1071 1889 1161 1946 virtus
1182 1899 1244 1964 est,
1274 1890 1299 1948 si

297 1970 384 2031 habet
404 1971 556 2050 probabile
580 1970 703 2047 aliquid,
727 1972 804 2048 quod
829 1981 975 2049 sequatur.
1025 1971 1087 2032 Una
1104 1981 1199 2031 tamen
1217 1975 1245 2032 in
1264 1990 1298 2033 re

296 2059 418 2115 maxime
439 2057 534 2130 utilis,
556 2064 586 2113 ut
609 2055 743 2114 cotidiani
766 2073 801 2114 ac
822 2073 938 2133 semper
961 2055 1063 2114 eodem
1079 2055 1165 2114 modo
1183 2055 1297 2115 formati

295 2141 438 2199 sermonis
455 2131 606 2199 fastidium*
617 2138 696 2198 levet
711 2148 740 2197 et
756 2155 809 2221 nos
830 2139 973 2216 evulgari
988 2140 1102 2199 dicendi
1118 2157 1229 2215 genere
1247 2140 1296 2199 de·

246 2282 266 2300 „
295 2225 402 2284 fendat.
448 2223 511 2296 Qua
525 2225 549 2283 si
563 2224 625 2300 quis
638 2241 726 2300 parce
743 2232 788 2298 et,
808 2241 870 2282 cum
886 2242 934 2281 res
950 2233 1069 2300 poscet,
1088 2232 1198 2297 utetur,
1214 2224 1295 2283 velut
1309 2239 1327 2289 4

296 2324 417 2385 asperso
443 2308 564 2385 quodam
587 2306 767 2366 condimento
789 2308 938 2367 iucundior
961 2309 1028 2374 erit;
1053 2316 1081 2366 at
1108 2310 1155 2384 qui
1182 2309 1297 2367 nimium

296 2393 491 2466 allecta-verit,
518 2393 608 2470 ipsam
630 2391 707 2450 illam
729 2391 851 2468 gratiam
873 2393 1020 2451 varietatis
1040 2393 1159 2450 amittet.
1200 2391 1294 2465 Quan-

297 2494 380 2554 quam
403 2483 467 2534 sunt
490 2476 629 2552 quaedam
646 2475 756 2551 figurae
776 2477 815 2535 ita
832 2484 987 2552 receptae,
1004 2484 1035 2535 ut
1052 2493 1146 2553 paene
1167 2477 1223 2535 iam
1238 2475 1297 2535 hoc

294 2563 387 2638 ipsum
399 2575 503 2618 nomen
515 2560 681 2635 effugerint;
702 2577 774 2636 quae
787 2561 898 2618 etiamsi
908 2560 1018 2628 luerint
1034 2559 1213 2640 crebriores²
1227 2577 1295 2619 con·

294 2651 392 2704 suetas
409 2661 492 2702 aures
509 2644 600 2702 minus
617 2642 731 2702 ferient.
767 2642 840 2703 Nam
855 2653 989 2703 secretae
1005 2653 1034 2702 et
1050 2653 1132 2704 extra
1146 2644 1324 2721 vulgarent>

293 2746 375 2787 usum
400 2728 514 2805 positae
539 2727 663 2805 ideoque
682 2729 774 2803 nragis
797 2727 928 2803 nobiles,
954 2737 985 2787 ut
1008 2730 1136 2788 novitate
1158 2730 1295 2804 excitant,

293 2814 332 2871 ita
356 2813 440 2890 copia
456 2813 575 2887 satiant,
602 2829 657 2870 nec
672 2830 705 2871 se
722 2811 823 2871 obvias
839 2812 930 2872 inisse
952 2813 1058 2873 dicenti
1079 2813 1132 2872 sed
1151 2813 1295 2890 conquisi-

294 2906 338 2954 tas
354 2903 383 2954 et
405 2913 442 2954 ex
458 2893 588 2954 omnihus
603 2895 722 2955 latebris
739 2904 885 2956 extractas
906 2907 1120 2975 congestasque
1135 2896 1295 2956 declarant.

292 2978 377 3039 Fiunt
392 2987 507 3055 ergoet
523 2981 599 3038 circa
611 2997 703 3056 genus
719 2980 829 3057 li'gurae
844 2982 873 3039 in
886 2981 1063 3056 nominibus,
1079 2989 1186 3040 namet
1201 2981 1324 3046 oculeo

293 3065 377 3142 copti
393 3065 498 3143 talpae
520 3071 549 3122 et
570 3065 667 3124 timidi
681 3065 794 3126 damae
810 3065 941 3124 dicuntur
958 3064 1137 3140 aVergilio;
1161 3063 1214 3122 sed
1229 3063 1296 3123 suh-

293 3155 338 3207 est
353 3149 442 3223 ratio,
460 3148 525 3224 quia
541 3165 628 3206 sexus
644 3157 766 3226 uterque
781 3148 875 3208 altero
891 3149 1083 3225 significatur,
1105 3156 1221 3224 tamque
1236 3165 1295 3208 ma·

290 3250 340 3292 res
363 3249 429 3290 esse
451 3232 546 3309 talpas
567 3232 723 3310 damasque
747 3249 831 3309 qnam
846 3233 983 3307 feminas,
1006 3240 1116 3291 certum
1138 3240 1197 3299 est;
1220 3240 1250 3292 et
1265 3232 1295 3293 iu

291 3313 406 3376 verbis:
428 3324 459 3374 ut
473 3316 647 3395 fabricatus
665 3324 711 3377 est
727 3318 866 3394 plodium
882 3326 911 3375 et
923 3318 1078 3376 inimicam
1092 3316 1219 3392 punitos
1238 3325 1294 3378 eet.

292 3399 378 3474 Quod
403 3401 503 3460 mirum
524 3402 615 3459 minus
637 3408 697 3474 est,
726 3400 803 3477 quod
828 3402 856 3459 ln
875 3409 981 3459 natura
1002 3397 1156 3457 verborum
1171 3406 1240 3477 est,
1266 3409 1325 3467 et?

292 3501 368 3562 qnae
386 3482 507 3542 facimus
527 3484 653 3562 patiendi
675 3485 761 3544 modo
778 3502 869 3563 saepe
889 3485 1002 3558 dicere,
1024 3491 1054 3541 nt
1069 3484 1223 3559 arbitror,
1244 3503 1294 3545 eu·

292 3569 398 3645 spicer
402 3590 416 3636 ,·
439 3577 468 3626 et
484 3576 584 3626 contra
599 3567 740 3641 faciendi,
764 3585 839 3645 quae
857 3569 994 3645 patimur,
1011 3575 1042 3625 ut
1058 3571 1190 3647 captum·
1213 3569 1293 3628 ideo·

294 3670 351 3730 que
367 3650 506 3729 frequens
523 3653 693 3729 permutatio
711 3660 757 3711 est
774 3660 805 3711 et
821 3651 962 3729 pleraque
982 3659 1104 3729 utroque
1119 3652 1207 3712 modo
1222 3652 1293 3711 elie·

291 3744 406 3797 rnntur:
427 3735 621 3814 luxuriatur,
636 3737 791 3806 luxuriat·
813 3732 996 3814 fluctuatur,
1013 3732 1163 3813 tluetoctr
1185 3753 1293 3797 aseen-
