3184 4409
492 474 582 525 msa.
598 475 747 526 aaaron.
765 476 834 523 nm.
853 471 973 543 v111,a.
1187 464 1228 524 55

272 628 334 691 ise?
358 630 395 691 Ει
410 629 493 706 alibi,
513 627 614 710 Caput
626 631 769 710 opponis,
788 649 858 691 cum
872 649 908 691 ea
923 630 1116 709 carnificans.
1147 630 1229 692 Unde

272 717 345 776 erim
365 716 440 793 grati
463 714 558 775 idiotis
582 714 716 792 lepores:
744 713 837 792 qualis
858 722 903 772 εει
929 713 980 773 ille
1004 715 1080 793 apud
1105 714 1144 773 bl.
1164 715 1271 780 Tul-aa

272 817 300 859 an
323 799 430 875 Pania,
458 801 513 881 qui
534 817 603 859 cum
628 799 744 859 maiore
768 816 876 859 amare
898 797 1070 871 cubitabat,
1100 807 1144 874 ει,
1176 798 1228 860 Cn.

272 886 374 962 acius,
396 884 448 961 qai
463 884 618 944 connisum
632 883 736 949 acidas
750 881 890 958 conficit,
912 889 942 940 et
962 897 1015 959 pro
1031 880 1138 941 Milone
1158 883 1230 943 illud

271 976 356 1029 nasta
366 967 471 1044 Rufio,
488 975 517 1026 et
529 961 872 1027 Emamdnantasar.
895 963 928 1024 ld
938 974 1032 1024 tamen
1047 966 1075 1023 in
1086 966 1228 1025 declama·

271 1049 342 1110 ribus
359 1060 403 1110 est
418 1050 572 1110 notabilius
590 1049 756 1127 laudarique
770 1067 817 1108 me
832 1065 923 1128 puero
940 1048 1070 1124 solebat,
1085 1047 1136 1109 Da
1143 1051 1230 1128 patri

271 1153 361 1204 aarum·
387 1144 415 1194 et
436 1136 464 1192 in
486 1133 605 1209 eodem,
627 1131 729 1195 Etiam
751 1151 859 1195 canem
875 1135 990 1210 pascis.
1032 1131 1091 1191 Res
1117 1133 1272 1211 quidem23

272 1219 389 1297 aecipae
406 1221 434 1277 in
449 1217 558 1278 scholis
574 1235 681 1295 anceps
694 1216 746 1277 sed
761 1217 931 1294 frequenter
946 1235 1032 1276 causa
1047 1217 1139 1292 risus,
1154 1234 1230 1276 nunc

271 1304 418 1379 [quaeum
428 1301 501 1361 baec
513 1302 683 1360 exercitatio
695 1301 798 1379 procul
810 1318 827 1358 a
837 1300 961 1359 veritate
972 1301 1103 1360 seiuncta
1115 1299 1230 1361 labaret

271 1386 392 1445 credibili
411 1385 566 1445 verborum
586 1384 700 1445 fastidia
719 1402 753 1445 ac
770 1383 824 1444 sibi
846 1400 976 1460 magnam
992 1393 1102 1463 partem
1119 1401 1229 1444 sermo·
1264 1387 1265 1390 ’

271 1487 277 1527 l
293 1468 455 1530 absciderit.

318 1596 387 1658 Cum
411 1600 468 1659 sint
489 1607 584 1659 autem
602 1597 693 1657 verba
714 1597 849 1676 propria,
873 1597 956 1674 licta,
979 1599 1131 1659 translata:
1161 1613 1272 1678 pra-24

269 1683 303 1742 iis
328 1683 495 1760 dignitatem
513 1682 561 1742 dat
582 1683 797 1759 antiquitas.
847 1680 976 1759 Namque
1003 1691 1032 1742 et
1056 1683 1230 1743 sanctiorem

277 1768 368 1844 magis
383 1766 577 1826 admirabilem
593 1767 701 1826 iaciunt
716 1767 893 1842 arationem,
916 1765 1018 1845 quibus
1036 1783 1093 1827 non
1108 1767 1230 1845 quilibet

270 1851 318 1910 erit
332 1869 450 1926 usurus,
473 1867 567 1927 eoque
583 1858 749 1909 ornamento
765 1850 897 1909 acerrimi
917 1849 1013 1910 iudicii
1033 1849 1064 1909 P.
1081 1849 1228 1929 Vergilius

271 1937 316 1994 iae
334 1943 379 1994 εει
397 1952 474 1993 usus.
522 1931 580 1995 otti·
601 1934 675 1994 euim
690 1942 720 1992 ct
734 1934 881 2010 quianam
902 1941 930 1992 et
944 1934 1014 1994 miii
1028 1942 1058 1993 et
1068 1952 1149 2012 pane
1164 1936 1270 2015 pel-25

270 2026 329 2080 tent
351 2027 381 2080 et
395 2030 551 2099 aspergunt
571 2014 665 2095 illam,
689 2037 763 2097 quae
779 2018 864 2078 etiam
880 2018 1043 2095 inpietatis
1065 2027 1109 2079 εει
1124 2020 1228 2095 gratis·

270 2123 317 2181 na,
333 2094 482 2165 vetustatis
495 2103 688 2164 inimitabilem
704 2104 757 2162 arti
772 2102 980 2162 auctoritatem.
1019 2100 1077 2161 Sed
1094 2103 1229 2162 utendum

270 2189 334 2264 ulo,
358 2207 413 2249 nec
430 2206 469 2247 ex
488 2188 593 2248 ultimis
613 2186 740 2247 tenebris
755 2185 925 2266 repetenda.
964 2182 1050 2247 Satis
1065 2193 1110 2244 εει
1128 2195 1227 2255 vetum

270 2272 299 2332 id
313 2290 436 2332 necesse
453 2280 514 2347 est,
535 2288 661 2350 quaeso,
677 2271 777 2331 dicere
791 2270 929 2350 oppleto?-
942 2286 999 2349 quo
1015 2269 1059 2328 usi
1073 2278 1138 2329 sunt
1158 2270 1228 2348 pdu·

269 2376 287 2415 n
310 2365 442 2435 tempore
464 2365 565 2415 nostro
591 2356 774 2435 superiores,
804 2370 928 2429 vereor,
954 2362 985 2413 nt
1006 2353 1061 2412 iam
1081 2370 1136 2412 aas
1153 2353 1229 2413 ferat

271 2441 398 2520 isquam;
432 2448 512 2499 certe
538 2439 707 2518 anteperic,
738 2439 819 2497 cuias
843 2436 943 2497 eadem
970 2437 1141 2514 significatio
1171 2445 1227 2512 est,

269 2542 313 2584 mo
328 2525 382 2583 nisi
397 2522 564 2583 ambitiosus
578 2531 683 2582 aletur.
709 2518 882 2582 Aecumnaa
897 2521 964 2599 quid
980 2537 1053 2600 opus
1070 2518 1136 2581 est?
1151 2517 1271 2586 tan-26*

269 2625 314 2667 am
332 2608 499 2686 peramat,
516 2608 542 2674 si
558 2605 667 2666 dicatur
684 2605 761 2684 qaod
778 2602 933 2665 borridum·
965 2604 1048 2666 Reor
1062 2605 1228 2680 tolerabile,

271 2700 352 2754 tama
366 2692 522 2768 tragicum,
537 2691 655 2768 prolem
670 2688 797 2749 dicemus
807 2690 836 2747 in
845 2706 949 2764 versa,
965 2688 1018 2750 sed
1025 2690 1177 2768 prosapia
1186 2690 1228 2748 in-

269 2775 348 2834 lsum.
380 2774 454 2848 Quid
469 2770 578 2834 multa?
601 2783 678 2833 tatus
693 2790 786 2851 prope
801 2781 923 2832 mutatus
940 2781 985 2832 est
999 2790 1106 2832 sermo.
1133 2771 1270 2847 Quae-27

269 2877 292 2917 m
309 2868 403 2918 tamen
421 2858 514 2917 adhuc
533 2866 633 2917 vetera
653 2865 797 2916 vetustate
816 2858 885 2934 ipsa
893 2857 1001 2933 gratias
1016 2857 1123 2933 nitent,
1140 2874 1228 2935 quae·

269 2961 292 3001 m
305 2951 333 3001 ει
344 2942 510 3001 necessario
523 2941 634 3018 interim
646 2949 801 3015 sumuntur,
813 2958 995 3018 nuncupare
1006 2948 1035 2998 et
1044 2940 1129 3018 fari5
1140 2939 1228 2999 multa

268 3044 284 3085 a
307 3027 391 3085 etiam
412 3026 561 3084 audentius
583 3024 670 3086 inseri
691 3032 813 3103 possunt
834 3022 887 3083 sed
910 3025 949 3083 ita
974 3023 1100 3101 demum,
1122 3025 1147 3084 si
1169 3039 1226 3083 non

269 3118 368 3188 pareat
384 3109 545 3177 allactatio;
568 3109 596 3168 in
610 3125 693 3186 quam
708 3105 833 3166 mirifice
844 3106 1007 3186 Vergilius:

314 3204 536 3268 Corinthiarum
550 3213 670 3267 amator
683 3207 742 3266 istc
758 3205 943 3282 verborum,
1233 3200 1269 3254 28

315 3288 508 3370 Tbucpdidee
523 3289 704 3362 Britannus,
727 3284 848 3350 Atticae
865 3288 979 3367 lebret,

314 3373 380 3436 Tau
393 3376 557 3452 Gallicum,
571 3374 647 3449 min,
670 3374 720 3450 al,
741 3373 851 3451 spinae
864 3373 944 3433 male
957 3372 1002 3433 illi
1015 3371 1074 3439 ait‚·
1239 3370 1255 3407 *

311 3457 361 3520 lta
376 3461 476 3520 amnia
490 3460 551 3519 iota
566 3458 662 3518 acrba
682 3457 803 3518 miscuit
816 3456 921 3535 fratri.
1271 3532 1272 3539 ἵ

268 3555 344 3615 mber
363 3555 410 3615 hia
431 3555 497 3630 fuit,
517 3573 533 3614 a
555 3571 611 3632 qao
627 3553 744 3613 fratrem
759 3561 895 3635 necatam
910 3551 967 3611 bac
982 3550 1133 3611 Ciceronis
1149 3551 1268 3611 dictata

267 3649 354 3698 tatum
376 3647 436 3713 est,
457 3638 641 3699 Germanum
666 3634 787 3698 Cimber
805 3637 928 3698 occidit.
970 3633 1033 3696 Nec
1049 3637 1139 3695 minus
1157 3641 1226 3694 nato
1280 3637 1284 3642 '

269 3723 382 3784 llustius
400 3723 604 3802 epigrammate
618 3721 786 3781 incessitur:
