3184 4409
575 491 1005 560 msr.ounron.nm.vr,a.
1224 481 1286 544 279

296 646 353 720 sed
367 647 454 707 risum
470 655 635 707 tamennon
651 645 765 707 hahent.
799 645 903 725 Neque
924 648 996 707 enim
1012 649 1039 707 ei
1055 649 1096 717 de>
1106 652 1165 709 risa
1180 650 1232 710 sed
1251 650 1287 709 de
1295 669 1345 722 103

298 730 459 791 urbanitate
476 741 522 791 est
539 749 612 809 opns
627 733 799 806 institutum,
824 750 907 809 quam
925 734 1070 810 propriam
1085 752 1151 792 esse
1171 743 1287 794 nostrae

299 815 424 874 civitatis
443 824 473 874 et
486 833 553 875 sero
570 817 612 874 sic
626 815 748 891 intelligi
770 824 917 893 coeptam,
939 825 1090 892 postquam
1109 817 1215 876 Urbis
1237 835 1286 896 ap·

298 897 474 976 pollutione,
491 901 601 959 etiamsi
617 916 719 957 nomen
734 902 881 977 proprium
895 916 951 957 non
967 899 1153 974 adiiceretur,
1169 901 1287 960 Romam

299 991 395 1043 tamen
416 984 510 1062 accipi
531 985 567 1042 sit
582 991 741 1060 receptum.
777 981 906 1059 Eamque
930 985 972 1042 sio
994 982 1068 1041 linit:
1090 983 1286 1044 Urhanitas
1294 1004 1345 1057 104

299 1065 346 1126 eei
360 1067 458 1127 uirtus
471 1069 623 1145 quaedam
636 1068 668 1126 iu
683 1067 774 1127 breoe
790 1068 904 1128 dictum
921 1074 1028 1127 coacta
1044 1075 1073 1126 et
1086 1075 1160 1146 apta
1174 1070 1217 1128 ud
1233 1071 1287 1130 de-

299 1149 459 1211 ieclaudoe
472 1151 690 1228 mouendosque
701 1150 834 1210 homiues
849 1152 883 1210 iu
899 1169 1013 1210 omnem
1028 1150 1168 1232 affectum
1182 1153 1287 1228 auimi,

300 1233 432 1295 mecum
452 1235 564 1295 idoueo
586 1236 631 1296 ad
656 1235 856 1295 resistendum
877 1235 926 1294 oei
941 1236 1174 1310 lacescendum,
1196 1243 1288 1312 prout

300 1332 440 1394 quaeque
459 1336 511 1379 res
534 1326 588 1378 aut
604 1334 740 1396 persona
760 1318 926 1378 desiderat.
962 1316 1013 1376 Cui
1031 1320 1055 1376 si
1073 1317 1221 1377 brevitatis
1237 1336 1287 1376 ex·

301 1401 464 1478 ceptionem
479 1401 649 1477 detraxeris,
668 1419 767 1461 omnes
783 1403 921 1460 orationis
934 1401 1054 1460 uirtutes
1072 1402 1224 1480 complexa
1239 1403 1285 1460 sit.

300 1482 383 1559 Nam,
396 1485 421 1542 si
435 1487 573 1544 consistat
583 1484 669 1544 rehns
683 1494 712 1545 et
723 1487 871 1564 personis:
888 1485 964 1564 quod
975 1487 1002 1543 in
1013 1487 1142 1562 utrisque
1155 1492 1288 1564 oporteat

301 1566 416 1642 dicere,
437 1569 587 1646 perfectae
611 1569 793 1648 eloquentiae
815 1578 869 1627 est.
902 1568 959 1628 Gur
975 1577 1068 1627 autem
1086 1569 1203 1627 brevem
1220 1587 1286 1628 esse

300 1668 364 1710 eam
377 1651 512 1728 voluerit,
528 1654 628 1712 nescio
650 1654 772 1730 quidem.
800 1652 849 1727 m,
865 1671 948 1731 quam
962 1654 990 1710 in
1005 1648 1107 1711 eodem
1122 1653 1196 1711 lihro
1212 1653 1344 1715 dicatlot

300 1735 391 1794 luisse
408 1745 437 1794 et
450 1738 478 1794 in
491 1736 602 1811 multis,
625 1736 756 1796 humandi
776 1736 962 1795 urbanitatem
979 1736 1064 1813 paulo
1080 1745 1147 1813 post
1159 1738 1198 1796 ita
1216 1737 1285 1812 linit,

246 1882 248 1889 ,
301 1815 434 1878 Catonis.
447 1819 499 1896 (ut
523 1820 582 1902 ait)
599 1822 760 1898 opinionem
775 1829 906 1895 secutus,
930 1819 1093 1879 Urbanus
1114 1820 1199 1882 houm
1218 1823 1285 1897 erit,

300 1903 388 1962 uum
410 1904 502 1971 multu
522 1904 596 1964 beue
611 1906 696 1965 dictu
714 1921 921 1981 responsaque
938 1911 1041 1978 emunt,
1063 1912 1092 1965 et
1106 1906 1158 1982 qui
1172 1906 1205 1964 iu
1218 1922 1286 1964 aer-

299 1987 447 2062 mom'hus,
464 1989 602 2062 circulis,
618 1989 777 2063 conatalis,
792 1989 862 2048 item
877 1989 910 2047 iu
927 1989 1122 2064 contionibus,
1139 1989 1219 2048 omui
1232 1989 1286 2050 de·

299 2071 391 2148 uique
404 2070 470 2132 ioco
483 2072 614 2133 ridicule
631 2073 841 2149 commodeque
856 2072 946 2131 dicet.
981 2070 1074 2131 Risus
1093 2081 1195 2146 eruut,
1219 2072 1286 2149 qui-

300 2169 419 2231 cuuque
442 2155 519 2215 haec
542 2156 636 2232 faciet
660 2163 773 2216 orator.
816 2153 894 2226 Quas
915 2156 939 2212 si
958 2156 1112 2233 recipimus
1134 2155 1285 2230 finitiones,
1293 2164 1343 2218 106

299 2237 436 2317 quidquid
456 2237 530 2296 hene
546 2238 666 2313 dicetur,
682 2247 711 2296 et
726 2237 833 2296 urbane
855 2238 922 2296 dicti
942 2255 1044 2296 nomen
1065 2239 1197 2314 accipiet.
1231 2236 1285 2297 Ce-

298 2327 391 2380 terum
406 2321 459 2396 illi,
477 2324 523 2399 qni
535 2322 591 2381 hoc
607 2331 816 2400 proposuerat,
835 2319 1028 2380 consentanea
1043 2322 1095 2380 init
1113 2321 1161 2380 illa
1173 2321 1285 2396 divisio,

256 2432 260 2439 ·
298 2413 330 2464 ut
344 2404 485 2464 dictorum
504 2405 675 2464 urbanorum
702 2405 756 2464 alia
778 2406 854 2464 seria
874 2405 929 2464 alia
951 2407 1051 2465 iocosa
1067 2405 1122 2464 alia
1137 2405 1229 2464 media
1244 2405 1286 2464 ia·

299 2497 391 2549 cenet
420 2487 550 2548 Namest
568 2490 804 2549 eademomninm
821 2487 1060 2548 benedictorum
1098 2487 1205 2547 Verum
1219 2487 1286 2547 mihi

298 2573 385 2631 etiam
403 2573 503 2631 iocosa
524 2573 662 2650 quaedam
682 2573 814 2631 videntur
836 2589 925 2650 posse
946 2590 1003 2631 nou
1025 2573 1094 2631 satis
1112 2571 1219 2632 urbane
1240 2590 1301 2631 re·

297 2655 379 2714 ferri
425 2653 496 2714 Nam
520 2674 584 2715 meo
606 2656 718 2734 quidem
739 2655 844 2715 indicio
869 2656 918 2715 illa
942 2665 987 2715 est
1001 2655 1165 2732 urbanitas,
1187 2657 1215 2714 iu
1230 2666 1343 2733 qnalot

297 2737 369 2797 nihil
383 2737 536 2816 absonum,
552 2740 621 2800 nihil
637 2748 768 2817 agreste,
786 2739 855 2799 nihil
870 2732 1058 2814 inconditum,
1074 2739 1142 2798 nihil
1156 2741 1286 2817 peregri·

297 2839 365 2880 num
379 2840 473 2899 neque
489 2841 575 2883 seusu
590 2842 685 2901 neque
700 2823 797 2882 verbis
816 2841 910 2900 nequa
926 2841 979 2883 ore
993 2833 1115 2899 gestuve
1131 2824 1223 2900 possit
1237 2823 1286 2882 de·

298 2905 455 2983 prehendi;
478 2916 508 2966 ut
527 2925 584 2966 non
604 2917 661 2966 tam
679 2909 716 2966 sit
738 2909 766 2967 in
781 2907 901 2984 singulis
918 2908 1000 2967 dictis
1017 2925 1100 3003 quam
1117 2908 1221 2966 inloto
1238 2924 1286 2966 co·

298 2988 364 3048 lore
385 2989 513 3066 dicendi,
543 2991 635 3069 qualis
657 2990 732 3068 apud
754 2985 924 3050 Graecos
906 2982 1070 3068 αττικισμὸς
1091 2990 1141 3049 ille
1163 2990 1286 3050 reddens

297 3071 474 3133 Athenarum
499 3077 645 3153 proprium
672 3090 815 3152 saporem
852 3074 896 3133 Ne
916 3084 1010 3134 tamen
1033 3075 1165 3134 indicium
1189 3073 1344 3150 hlarsi,108

297 3155 421 3216 hominis
438 3159 637 3234 eruditissimi,
660 3157 839 3217 subtraham:
862 3160 939 3218 seria
962 3159 1134 3237 partiturin
1158 3158 1211 3217 tria
1234 3175 1285 3234 ge·

298 3257 387 3316 nera,
410 3239 613 3316 honorificum,
637 3241 887 3317 contumeliosum,
912 3243 1043 3302 medium.
1078 3239 1115 3299 Et
1135 3240 1286 3301 honorifici

298 3324 380 3401 ponit
395 3325 557 3403 exemplum
574 3323 722 3385 Ciceronis
746 3341 799 3403 pro
814 3325 927 3402 Ligario
944 3326 1018 3403 apud
1035 3323 1204 3399 Caesarem,
1227 3324 1287 3399 Qut

296 3408 375 3468 uihil
385 3410 465 3470 soles
479 3411 615 3471 obliuisci
629 3411 688 3470 uisi
700 3411 849 3478 iniuriam·
871 3419 900 3468 et
915 3408 1127 3483 contumeliosi,
1144 3408 1220 3488 quod
1235 3410 1286 3469 m·
1275 3423 1343 3479 ·109

297 3493 358 3550 tico
374 3493 490 3571 scripsit
505 3493 541 3553 de
558 3493 694 3572 Pompeio
711 3502 739 3552 et
756 3490 897 3566 Caesare,
913 3491 1032 3554 Badeo
1036 3505 1136 3590 quem
1149 3494 1287 3590 {iuqiamr

298 3591 388 3653 quem
407 3591 537 3654 sequar,
557 3596 616 3638 uon
633 3578 748 3644 habeoa
766 3586 794 3636 et
810 3577 908 3651 medii,
929 3575 1011 3654 quod
1026 3565 1287 3655 ἀποφθεγματικὸν

297 3668 386 3718 vocat
401 3669 429 3718 et
445 3669 490 3719 est
504 3661 553 3737 ita,
573 3679 636 3720 cum
651 3660 769 3736 dixerit,
789 3659 854 3721 Nec
865 3679 992 3739 procem
1006 3666 1127 3720 mortem
1141 3660 1286 3721 accidere

296 3744 366 3805 oiro
381 3737 454 3821 forti
471 3762 562 3824 posce
579 3764 637 3806 uec
649 3747 842 3806 immaturam
856 3745 1011 3808 consulari
1026 3760 1124 3824 neque
1143 3745 1285 3805 miseram
