3184 4409
532 466 621 515 msr.
639 465 787 523 olearon.
805 466 1016 534 urs.x11,11.
1233 454 1294 516 275

300 636 358 701 que
374 619 422 679 ilia
443 619 580 679 facultate
601 619 733 698 praedito
754 637 812 680 non
829 621 982 698 optandum
998 621 1096 697 operis
1112 582 1299 698 pulcherrimi

246 684 275 765 ³.
300 720 387 782 quam
401 703 597 780 longissimum
612 713 743 782 tempus,
766 705 819 764 sed
840 706 905 782 quia
921 705 1007 764 decet
1022 703 1079 763 hoc
1096 722 1212 783 quoque
1228 723 1294 784 pro·

246 766 276 894 ¹,
300 787 436 864 spicere,
456 805 493 846 ne
517 786 584 865 quid
603 789 703 865 peius,
727 805 811 865 quam
827 788 945 863 iecerit,
967 788 1064 848 iaciat.
1100 787 1205 866 Neque
1220 791 1324 856 enimn

246 924 276 983 ὲ
300 871 422 930 scientia
436 870 522 939 modo
539 879 652 931 constat
663 880 780 948 orator,
800 889 874 950 quae
892 881 1013 948 augetur
1028 872 1125 947 annis,
1142 872 1194 932 sed
1209 890 1295 951 voce,

300 952 412 1029 latere,
435 953 582 1021 firmitate;
604 953 706 1032 quihus
726 954 827 1014 fractis
842 964 890 1014 aut
904 956 1054 1015 imminutis
1069 964 1163 1015 aetate
1179 974 1232 1015 seu
1247 975 1295 1017 va·

263 1018 275 1135 ⁶,
299 1035 429 1098 ietudine
441 1037 598 1097 cavendum
610 1046 665 1113 est,
681 1056 718 1098 ne
731 1038 799 1117 quid
810 1039 838 1097 in
850 1048 966 1098 oratore
980 1056 1088 1098 summo
1104 1038 1295 1119 desideretur,

260 1102 269 1150 π
298 1137 339 1180 ne
353 1122 512 1181 intersistat
526 1121 679 1198 fatigatus,
700 1140 737 1182 ne
761 1138 836 1200 quae
858 1121 936 1182 dicet
957 1140 1056 1200 parum
1073 1123 1163 1183 audiri
1180 1124 1295 1201 sentiat,

246 1180 274 1237 '¹
301 1221 338 1264 ne
360 1222 395 1264 se
416 1213 536 1283 quaerat
551 1206 687 1283 priorem.
719 1204 785 1264 Vidi
801 1222 858 1282 ego
874 1205 962 1283 louge
977 1207 1116 1280 omnium,
1138 1223 1211 1284 quos
1228 1207 1295 1266 mihi
1305 1220 1323 1274 3

246 1264 273 1347 ⁸.
301 1305 484 1365 cognoscere
508 1290 645 1366 contigit,
670 1306 807 1348 summurn
830 1299 991 1365 oratorem,
1018 1289 1172 1351 Domitium
1194 1289 1295 1351 dirum

246 1358 272 1445 ΕΡ
299 1372 386 1433 valde
401 1390 516 1447 senem,
540 1372 647 1432 cotidie
664 1372 771 1450 aliquid
787 1391 890 1449 exea,
914 1391 998 1451 quam
1014 1382 1175 1449 meruerat,
1197 1383 1294 1434 aucto·

246 1440 272 1499 '¹
299 1456 385 1516 ritate
405 1456 591 1534 perdentem,
616 1474 679 1515 cum
695 1466 802 1532 agente
823 1455 890 1532 illo,
916 1476 1002 1536 quem
1024 1458 1184 1535 principem
1204 1457 1294 1518 fuisse

259 1526 271 1574 ¹
298 1539 443 1617 quondam
457 1539 514 1600 iori
528 1556 586 1599 non
601 1548 664 1600 erat
679 1539 803 1615 dubium,
820 1539 884 1616 alii,
902 1542 977 1619 quod
994 1541 1137 1617 indignum
1152 1541 1293 1618 videatur,

296 1622 443 1698 riderent,
460 1623 508 1684 alii
525 1623 749 1692 erubescerent;
767 1640 841 1701 quae
858 1626 976 1684 occasio
992 1625 1044 1684 fuit
1059 1624 1189 1700 dicendi,
1205 1627 1295 1686 multe

246 1702 269 1743 Β
297 1724 367 1767 cum
378 1707 513 1786 deficere
527 1722 618 1785 quom
627 1709 783 1770 desinere.
809 1705 912 1786 Neque
926 1718 1007 1769 erant
1018 1709 1068 1768 illa
1084 1708 1322 1786 qualiacunqued

246 1779 268 1827 ⁶
296 1789 372 1851 mala
386 1791 440 1851 sed
456 1793 575 1850 minora.
608 1789 704 1864 Quare
720 1799 872 1868 antequam
887 1792 915 1851 in
929 1791 980 1852 has
997 1793 1099 1852 aetatis
1116 1793 1212 1852 veniat
1227 1793 1293 1852 insi-

246 1862 267 1955 ²¹.
296 1874 377 1951 dias,
392 1875 525 1954 receptui
540 1883 624 1934 canet
639 1883 669 1934 et
684 1875 712 1933 in
726 1883 840 1953 portum
855 1877 966 1952 integra
981 1894 1054 1936 nave
1070 1876 1232 1954 perveniet.

246 1946 266 1995 '¹'
381 1957 484 2036 Neque
510 1959 585 2018 enim
606 1958 732 2018 minores
753 1976 834 2034 eum,
858 1977 922 2018 oum
943 1959 972 2019 id
993 1960 1112 2034 fecerit,
1137 1960 1293 2019 studiorum

246 2030 266 2080 ³
295 2041 408 2102 fructus
428 2051 649 2121 prosequentur.
689 2040 746 2102 Aut
769 2041 820 2101 ille
841 2052 1021 2103 monumenta
1045 2061 1141 2103 rerum
1166 2045 1293 2120 posteris

246 2103 265 2187 s
294 2134 360 2201 aut,
376 2134 407 2186 ut
419 2124 450 2184 t.
468 2123 591 2187 Crassus
606 2127 634 2185 in
650 2124 732 2185 libris
748 2123 899 2185 Ciceronis
916 2127 1054 2201 destinat,
1075 2127 1136 2187 iura
1152 2144 1292 2204 quaereu-

257 2185 265 2247 ι
294 2209 372 2269 tibus
387 2209 489 2270 reddet
505 2218 553 2270 aut
575 2210 761 2288 eloquentiae
783 2220 938 2287 componet
959 2219 1050 2270 artem
1070 2220 1117 2270 aut
1131 2209 1291 2287 pulcherri·
1318 2258 1320 2262 a

246 2284 264 2334 ⁴
292 2293 348 2352 mis
368 2294 445 2354 ritae
466 2295 634 2372 praeceptis
655 2293 770 2370 dignum
792 2310 826 2352 os
848 2293 935 2353 dabit.
972 2292 1206 2373 Frequentabunt
1220 2301 1319 2353 veros

255 2374 262 2417 ³
293 2377 358 2437 eius
377 2377 491 2437 domum
508 2378 608 2456 optimi
629 2379 750 2437 iuvenes
770 2394 851 2436 more
872 2387 1003 2438 veterum
1020 2388 1049 2438 et
1064 2395 1163 2443 reram
1178 2377 1291 2437 dicendi

246 2454 261 2507 ὅ
291 2461 368 2520 riam
382 2460 464 2521 velut
485 2480 524 2522 ex
539 2461 657 2521 oraculo
678 2469 787 2539 petent.
823 2459 883 2520 lios
905 2462 955 2521 ille
977 2462 1112 2522 formabit
1132 2463 1214 2539 quasi
1230 2461 1291 2521 elo·

246 2536 258 2589 ⁴
291 2545 429 2624 quentiae
445 2563 568 2624 parens,
590 2553 619 2604 et
641 2553 671 2604 ut
684 2553 769 2604 vetus
781 2543 960 2622 gubernator
974 2547 1058 2606 litora
1074 2555 1103 2606 et
1126 2555 1227 2623 portus
1251 2552 1291 2619 et,

246 2620 258 2677 ΙΙ
292 2644 369 2707 quae
386 2636 588 2708 tempestatum
603 2629 700 2707 signa,
719 2628 786 2707 quid
804 2629 939 2689 secundis
954 2629 1087 2705 flatibus,
1107 2629 1174 2709 quid
1189 2629 1291 2689 adver·

246 2712 255 2760 1
290 2712 333 2771 sis
357 2712 431 2772 ratio
457 2722 576 2791 poscat,
600 2712 733 2788 docebit,
751 2729 817 2780 ¹nou
839 2711 1018 2775 humanitatis
1041 2713 1134 2774 solum
1152 2712 1291 2773 communi

248 2794 394 2857 'ductus
409 2796 508 2857 oiiioio
529 2797 583 2857 sed
603 2814 701 2856 amore
722 2795 846 2875 quodam
864 2799 973 2874 operis.
1005 2797 1097 2857 Nemo
1117 2798 1191 2857 euim
1206 2797 1319 2856 minuid

247 2874 254 2921 ¹
292 2879 364 2939 velit
388 2880 435 2956 td,
465 2882 494 2940 in
520 2897 577 2960 quo
602 2883 740 2941 maximus
763 2879 825 2939 iuit.
863 2878 938 2954 Quid
961 2899 1050 2960 porro
1073 2891 1118 2942 est
1141 2881 1289 2941 honestius

246 2968 250 3009 ¹
292 2980 378 3041 quarn
393 2964 503 3025 dooere
526 2965 605 3044 quod
625 2966 733 3044 optime
755 2960 853 3024 scias?
886 2966 936 3025 Sic
953 2966 989 3026 ad
1005 2985 1038 3026 se
1056 2963 1185 3025 Caelium
1200 2962 1288 3022 dedu·

246 3054 248 3083 ³
291 3054 399 3109 ctutua
420 3057 502 3126 patre
520 3045 626 3108 Gioero
645 3048 812 3128 profitetur;
835 3048 877 3108 sic
892 3048 1028 3124 Pansam,
1048 3049 1183 3121 Hirtium,
1199 3044 1288 3105 Doia-

246 3128 249 3169 ¹
289 3129 398 3191 hellam
423 3133 452 3191 in
474 3149 585 3192 morem
610 3132 815 3210 praeceptoris
837 3135 968 3192 exercuit
989 3133 1095 3192 cotidie
1117 3131 1217 3190 dicens
1239 3147 1288 3188 au·
1349 3209 1351 3211 ‚

246 3212 247 3225 ¹
290 3214 443 3293 diensque.
473 3215 519 3276 Ao
541 3217 642 3275 nescio
663 3233 699 3275 an
720 3232 784 3274 eum
805 3224 873 3274 tunc
894 3215 1088 3275 beatissimum
1104 3214 1185 3274 credi
1201 3213 1318 3292 opor-t

287 3306 349 3358 teat
371 3298 453 3375 iore,
476 3318 540 3359 curu
564 3300 620 3359 iarn
640 3306 775 3359 secretus
798 3307 828 3358 et
850 3308 1054 3374 consecratus,
1078 3297 1152 3358 liber
1171 3297 1288 3371 invidia,

286 3382 394 3461 procui
421 3382 654 3443 contentionibus
686 3382 795 3463 iamam
817 3383 927 3442 intuto
956 3383 1109 3443 collocarit
1136 3390 1166 3441 et
1185 3382 1290 3441 sentiet

286 3467 371 3527 rivus
387 3484 468 3543 eam,
490 3485 566 3546 quae
582 3475 651 3546 post
670 3466 728 3526 iata
744 3467 887 3544 praestari
906 3469 998 3544 magis
1012 3467 1103 3541 solet,
1124 3465 1288 3525 veneratio·

284 3568 354 3611 nem
371 3559 416 3626 et,
433 3550 502 3629 quid
516 3551 593 3630 apud
609 3559 744 3630 posteros
759 3549 870 3609 iuturus
887 3552 940 3626 sit,
956 3550 1076 3611 videbit.
1100 3573 1103 3578 ·

376 3631 519 3695 Conscius
537 3652 599 3695 sunu
613 3633 697 3709 mihi,
718 3642 852 3710 qnantum
868 3635 1067 3695 mediocritate
1084 3633 1174 3709 valui,
1198 3634 1316 3709 quae-8

285 3734 347 3798 qne
361 3726 448 3780 antea
469 3718 604 3795 scierim,
627 3735 759 3797 quaeque
785 3717 884 3795 operis
904 3718 1023 3780 huiusce
1038 3719 1130 3861 gpptpa
1146 3713 1288 3796 potuerim
