3184 4409
350 472 388 534 14
664 440 1028 546 usueourrrummm

305 651 339 704 14
348 649 405 699 turn
426 639 511 698 feret.
540 634 606 698 Non
626 641 700 699 enirn
720 658 779 700 vox
799 641 849 702 illa
865 642 1066 742 praeceptoris
1088 648 1119 699 ut
1142 654 1236 702 coena
1254 638 1328 705 mian

346 723 476 802 pluribus
498 723 620 800 suflicit
644 724 696 783 sed
716 734 746 784 ut
768 726 814 785 sol
831 727 973 785 universis
993 725 1068 785 idem
1089 725 1162 785 lucis
1179 725 1327 804 calorisqu

346 809 476 884 largitur
518 769 722 869 Grammaticus
744 826 860 887 quoquc
882 812 906 868 si
933 809 969 869 de
991 808 1129 886 loquendi
1153 810 1267 870 ratione
1289 810 1328 869 dis

346 901 440 967 serat,
461 894 485 950 si
511 895 698 969 quaestiones
723 894 866 971 explicet
886 893 1021 953 historias
1044 904 1187 992 exponat,
1210 900 1328 972 poemat

304 937 475 1038 leenarrbt:
501 985 543 1034 tot
564 978 614 1037 illa
629 977 741 1037 discent
757 987 828 1055 quot
842 978 966 1037 audient.
999 977 1038 1035 Αι
1058 980 1132 1036 enirn
1153 978 1328 1037 emendatior

244 1135 245 1138 Ἴ
346 1060 595 1138 praelectionique
624 1079 759 1119 numerus
789 1061 894 1121 obstat.
940 1062 984 1121 Sit
1009 1062 1236 1138 incommodum,
1264 1061 1328 1139 (naa

345 1144 412 1222 quid
438 1144 500 1204 fere
522 1146 646 1223 undique
667 1146 764 1223 placet
773 1143 803 1225 l)
831 1163 899 1204 mox
925 1144 995 1205 illud
1017 1145 1245 1224 comparabimus
1258 1157 1328 1205 'com

344 1229 445 1289 modis.
475 1228 538 1289 Nec
553 1247 610 1305 ego
626 1238 720 1288 tamen
736 1247 772 1289 eo
788 1232 859 1289 mitti
874 1248 993 1308 puerum
1007 1231 1088 1305 volo,
1105 1229 1153 1289 ubi
1168 1229 1327 1307 negligatur

345 1313 403 1372 Sed
418 1331 513 1390 neque
529 1323 706 1391 praeceptor
720 1313 813 1372 bonus
827 1316 936 1373 maiore
954 1332 988 1372 se
1002 1315 1095 1388 turba,
1113 1332 1197 1391 quam
1212 1323 1243 1374 ut
1257 1313 1328 1373 susti

344 1416 414 1456 nere
433 1416 495 1456 eam
513 1399 623 1475 possit,
644 1401 822 1464 oneraverit;
848 1408 876 1457 et
891 1400 919 1457 in
934 1399 1032 1476 primis
1048 1397 1178 1458 habenda
1201 1416 1270 1458 cura
1284 1405 1328 1470 est,

346 1492 375 1541 ut
392 1485 417 1540 is
436 1483 511 1540 omni
526 1481 612 1540 rnodo
632 1481 680 1540 liat
697 1482 781 1541 nobis
802 1482 981 1542 familiariter
996 1485 1121 1557 amicus,
1140 1500 1196 1542 nec
1216 1483 1328 1542 officium

303 1568 373 1625 rein
397 1565 529 1624 docendo
557 1574 672 1642 spectet
695 1567 747 1627 sed
769 1566 913 1626 affectum.
954 1564 997 1625 lta
1023 1583 1163 1644 nunquam
1189 1566 1328 1627 erimusir

345 1649 436 1709 turba.
477 1647 541 1708 Nec
565 1668 635 1708 sane
658 1653 807 1728 quisquam
834 1651 937 1709 litteris
962 1650 1065 1709 saltem
1089 1650 1194 1710 leviter
1218 1651 1328 1710 imbutor

346 1752 426 1809 euru,
448 1735 476 1791 in
492 1750 549 1810 quo
567 1734 689 1793 studium
703 1737 908 1812 ingeniumque
923 1737 1126 1812 perspexerit,
1145 1752 1203 1794 nou
1218 1736 1248 1794 iu
1262 1750 1328 1794 suam

346 1834 461 1896 quoque
485 1817 607 1894 gloriam
625 1819 813 1895 peculiariter
829 1818 950 1877 fovebit.
986 1818 1045 1877 Sed
1059 1827 1090 1877 ut
1108 1818 1265 1896 fugiendae
1285 1819 1328 1877 sint

344 1919 464 1978 magnae
480 1901 600 1960 scholae
624 1902 685 1979 (oui
701 1921 738 1961 ne
758 1903 814 1981 ipsi
830 1903 944 1979 quidem
958 1905 1002 1962 rei
1017 1905 1177 1977 assentior,
1198 1905 1224 1962 si
1238 1901 1328 1962 adab

345 2003 429 2063 quem
447 1987 549 2044 meritc
572 1988 796 2065 co,ncurritur‚):
818 2004 876 2045 non
894 1996 988 2046 tamen
1005 1987 1062 2046 hoc
1083 2004 1119 2046 eo
1134 1987 1229 2062 valet,
1247 1995 1278 2046 ut
1295 1985 1328 2045 fu

344 2070 466 2146 giendae
492 2071 548 2129 siut
572 2073 685 2130 omnino
710 2071 841 2130 scholae
881 2071 968 2130 Aliud
992 2080 1038 2131 est
1062 2073 1137 2131 enim
1159 2073 1253 2131 vitare
1278 2087 1328 2144 aaa,

345 2154 421 2214 aliud
442 2154 563 2231 eligere.

303 2244 335 2299 17
426 2238 463 2298 Et
478 2258 502 2298 ει
495 2239 699 2298 refutavimus
716 2258 790 2317 quae
807 2249 908 2301 contra
923 2239 1090 2314 dicuutur,
1081 2255 1136 2299 rain
1149 2238 1328 2316 explicemus

303 2323 446 2402 18quid
438 2325 492 2402 rpsi
518 2341 680 2401 sequamur.
726 2322 804 2383 Ante
830 2327 924 2383 omnia
950 2324 1062 2384 futurus
1091 2333 1207 2397 orator,
1242 2323 1328 2388 ouili

342 2409 463 2466 maxima
485 2406 655 2465 celebritate
674 2415 702 2464 et
722 2409 751 2465 in
771 2407 864 2467 media
883 2408 1078 2485 reipublicae
1100 2407 1166 2468 luce
1187 2407 1328 2468 vivendum

344 2500 406 2565 est,
429 2491 602 2549 assuescat
593 2507 649 2548 rarn
663 2508 679 2547 a
695 2498 796 2549 tenero
812 2508 870 2550 non
891 2491 1079 2552 reformidare
1098 2492 1229 2551 homines
1244 2508 1328 2570 nequa

344 2574 472 2634 solitaria
489 2581 518 2632 et
532 2571 783 2634 velutumbratica
797 2577 857 2634 vita
872 2576 1049 2654 pallescere.
1085 2575 1246 2648 Excitauda
1259 2591 1328 2636 mem

344 2667 373 2718 et
396 2657 554 2716 attollenda
579 2674 696 2735 semper
717 2668 776 2734 est,
803 2677 877 2736 quae
903 2662 931 2718 in
955 2659 1116 2719 huiusmodi
1140 2663 1265 2719 secretis
1291 2662 1328 2720 a'ul

343 2743 506 2818 languescit
521 2749 551 2801 et
565 2740 706 2818 quendam
719 2742 843 2804 velutin
858 2761 951 2822 opaco
968 2746 1052 2804 situm
1066 2745 1158 2819 ducit,
1174 2753 1224 2803 aut
1239 2753 1328 2804 centn

342 2826 476 2885 tumescit
491 2825 566 2884 inani
581 2828 786 2904 persuasione;
809 2846 933 2887 necesse
950 2838 995 2888 est
1016 2830 1090 2887 enim
1105 2828 1218 2887 nimium
1234 2828 1328 2888 tribua*

301 2917 335 2972 19
343 2909 416 2985 sibi,
441 2911 489 2988 qui
504 2927 537 2968 se
552 2911 656 2968 nemini
674 2921 830 2990 comparat.
865 2911 977 2973 Deinde
999 2931 1062 2971 curn
1083 2913 1259 2990 proferenda
1274 2929 1328 2972 suu

343 2993 453 3069 studia,
476 2993 581 3069 caligat
602 2995 630 3052 in
645 2995 710 3054 sole
732 3004 762 3054 et
777 2998 870 3055 omnia
891 3014 966 3056 nova
987 2997 1124 3070 offendit,
1146 3004 1176 3055 ut
1191 2997 1241 3074 qui
1257 2997 1328 3056 solut

300 3087 336 3140 20
344 3077 476 3138 didicerit
497 3078 573 3156 quod
593 3080 667 3137 inter
684 3080 790 3139 multos
811 3080 973 3139 faciendum
995 3089 1049 3140 est.
1085 3079 1166 3139 Mitto
1188 3082 1325 3141 amicitias

343 3179 417 3240 quae
437 3162 472 3222 ad
494 3171 672 3221 senectutem
693 3182 784 3241 usque
804 3164 963 3224 firmissime
985 3163 1086 3224 durant
1106 3164 1248 3240 religiosa
1271 3181 1328 3244 qua

343 3245 406 3305 dam
426 3247 640 3306 necessitudine
660 3247 794 3307 imbutae.
829 3246 932 3326 Neque
949 3250 1023 3307 enim
1041 3258 1086 3308 est
1103 3251 1230 3308 sanctius
1247 3249 1328 3310 saurir

341 3330 444 3390 iisdem
465 3347 549 3410 quam
568 3332 668 3391 studiis
687 3332 800 3391 initiari.
834 3333 956 3391 Sensum
976 3334 1084 3411 ipsum,
1111 3335 1159 3410 qui
1182 3334 1328 3392 communit

342 3415 462 3491 dicitur,
483 3413 532 3473 ubi
547 3415 654 3491 discet,
679 3433 741 3474 curn
756 3434 789 3474 se
807 3432 823 3475 a
843 3433 1022 3492 congressu,
1043 3418 1091 3494 qui
1106 3434 1163 3475 nou
1178 3416 1328 3478 hominibus

342 3498 436 3558 solum
450 3497 502 3558 sed
516 3500 599 3557 mutis
615 3516 731 3577 quoque
746 3499 913 3560 animalibus
929 3501 1065 3560 naturalis
1082 3511 1137 3576 est,
1154 3499 1328 3580 segregarit·

298 3589 332 3641 21
342 3582 425 3642 Adde
448 3581 525 3660 quod
545 3582 621 3642 dorni
643 3601 677 3642 ea
698 3583 762 3644 sola
783 3584 897 3643 discere
913 3593 1028 3663 potest,
1056 3603 1130 3663 quac
1152 3586 1207 3662 ipsi
1226 3587 1328 3665 praeci

342 3669 470 3746 pientur,
501 3667 529 3725 iu
551 3667 653 3727 schola
675 3669 760 3727 etiarn
784 3685 858 3745 quae
879 3669 953 3727 aliis.
993 3668 1098 3735 Audiet
1119 3669 1208 3729 multa
1233 3671 1328 3731 cotidie

342 3751 459 3832 probari
479 3750 567 3810 multa
596 3753 718 3828 corrigi;
746 3751 877 3829 proderit
901 3753 1021 3812 alicuius
1045 3753 1195 3834 obiurgata
1217 3755 1326 3818 desidia
