3184 4409
530 505 943 587 msu,oanroa.n1a.l,4.
1195 510 1232 571 21

272 691 304 734 os.
332 675 401 737 lnde
419 678 447 736 in
462 675 590 752 syllabas
612 694 680 736 cura
695 675 842 752 transibit,
865 675 901 735 de
922 676 1025 755 quibus
1041 677 1069 735 in
1084 676 1234 754 orthogra-

272 758 308 820 bia
323 778 414 838 pauca
433 759 586 819 annotabo.

325 844 397 904 Tum
414 843 538 920 videbit,
560 842 595 903 ad
611 861 694 920 quem
708 843 765 903 boc
779 845 920 921 pertinet,
941 852 1011 921 quot
1026 852 1055 904 et
1070 862 1144 922 quae
1159 863 1234 923 par·

272 943 300 985 es
330 929 530 995 orationis:
564 945 723 1004 quanquam
752 928 787 987 de
815 944 946 1000 numero,
963 946 1062 1006 parum
1091 931 1234 989 convenit.

272 1010 364 1070 'oteres
392 1014 481 1087 enim,
512 1029 632 1089 quorum
661 1012 775 1070 luerunt
801 1009 977 1070 Aristoteles
1004 1029 1120 1090 quoque
1148 1022 1278 1091 atque18

272 1093 443 1170 beodectes,
463 1095 552 1153 verba
572 1095 658 1153 modo
681 1105 710 1154 et
731 1097 844 1154 nomina
864 1103 893 1154 et
913 1097 1129 1155 convinctiones
1148 1097 1233 1156 tradi·

272 1189 356 1248 erurrt;
380 1179 518 1239 videlicet
533 1179 609 1257 quod
624 1181 653 1238 in
665 1178 762 1237 verbis
778 1180 834 1238 vim
850 1180 1008 1254 sermonis,
1029 1180 1058 1238 in
1074 1179 1234 1240 nominibus

273 1266 401 1339 ateriam,
427 1263 508 1341 (quia
524 1263 644 1322 alterum
660 1272 705 1321 est
720 1262 797 1340 quod
813 1262 968 1340 loquimur,
989 1264 1109 1322 alterum
1124 1264 1160 1323 de
1176 1281 1233 1342 quo

272 1349 398 1427 unimur)
419 1349 447 1407 in
468 1346 714 1406 convinctionibus
732 1355 826 1405 autem
847 1347 1029 1425 complexum
1049 1364 1148 1406 eorum
1166 1366 1233 1408 esse

272 1431 450 1499 dicaverunt;
474 1449 544 1509 quas
567 1432 782 1490 coniunctiones
805 1447 822 1489 a
841 1430 989 1510 plerisque
1005 1431 1061 1490 dici
1078 1433 1155 1506 scio,
1181 1432 1232 1491 sed

272 1530 312 1574 tec
329 1515 443 1574 videtur
465 1533 502 1574 ex
522 1513 674 1595 συνδέσμῳ
687 1516 778 1590 magis
797 1517 914 1592 propria
936 1516 1094 1575 translatio.
1133 1515 1275 1583 Paula-19

272 1616 317 1658 na
338 1598 521 1677 pbilosophis
539 1617 573 1658 ac
587 1601 708 1658 maxime
725 1599 831 1658 Stoicis
846 1597 946 1658 auctus
966 1609 1010 1658 est
1024 1618 1175 1675 numerus,
1198 1618 1232 1659 ac

272 1684 359 1742 imum
374 1682 622 1743 convinctionibus
638 1682 754 1761 articuli·
763 1683 885 1758 adiecti,
903 1692 970 1761 post
986 1700 1056 1765 prae
1074 1685 1231 1760 ositiones,

272 1766 399 1826 minibus
428 1759 605 1848 appellatio,
637 1754 946 1847 debr'depronomeu,
980 1702 1083 1829 deintfe
1115 1770 1232 1844 mixtum

272 1849 329 1910 ubo
346 1853 542 1930 participium,
559 1852 630 1928 ipsis
645 1850 742 1910 verbis
757 1848 903 1919 adverbia.
929 1850 1037 1912 Noster
1052 1869 1147 1911 sermo
1164 1853 1231 1912 arti·

272 1930 400 1994 tlos'n'on
414 1932 574 2010 desiderat,
596 1936 721 2014 ideoque
736 1936 764 1993 in
785 1936 856 1994 alias
874 1945 971 2013 partes
992 1937 1130 1995 orationis
1151 1953 1230 2014 spar-

272 2029 352 2079 tntur.
386 2019 444 2078 Sed
460 2020 572 2080 accedit
587 2019 785 2097 superioribus
803 2021 976 2079 interiectio.
1005 2019 1064 2079 Alii
1079 2029 1173 2079 tamen
1194 2028 1274 2081 exio

272 2105 349 2162 oneis
362 2103 498 2162 duntaxat
511 2102 674 2162 auctoribus
691 2111 758 2162 octo
771 2110 869 2180 partes
884 2105 976 2162 secuti
990 2113 1054 2161 sunt
1067 2111 1096 2161 ut
1107 2103 1231 2162 Aristar·

272 2206 307 2266 us
325 2196 355 2246 et
370 2196 465 2245 aetate
486 2197 585 2246 nostra
606 2186 774 2261 Palaemon,
797 2188 845 2264 qui
861 2185 1032 2246 vocabulum
1053 2188 1115 2245 sive
1131 2180 1230 2264 appel-

272 2273 374 2330 tionem
396 2271 500 2330 nomini
525 2271 710 2330 subiecerunt
736 2279 869 2347 tanquam
892 2271 1008 2348 species
1033 2272 1104 2329 eius.
1137 2269 1230 2340 Atii,

272 2357 285 2413 d
306 2355 386 2415 aliud
401 2371 503 2415 nomen
518 2355 595 2414 aliud
608 2353 780 2414 vocabulum
800 2354 921 2428 iaciunt,
940 2371 1053 2413 novem.
1082 2352 1230 2413 Nihilomi-

272 2458 288 2497 s
305 2439 436 2514 luerunt,
452 2440 499 2517 qui
514 2441 607 2516 ipsum
622 2439 714 2498 adbuc
729 2437 900 2498 vocabulum
917 2437 952 2497 ab
970 2437 1165 2516 appellatione
1180 2438 1229 2497 de·

272 2531 396 2598 cenent,
421 2531 450 2580 ut
471 2533 550 2582 esset
574 2522 745 2583 vocabulum
772 2540 878 2601 corpus
903 2524 966 2582 visu
988 2532 1124 2600 tactuque
1143 2523 1228 2581 mani·

272 2617 361 2683 stum,
383 2608 503 2679 domate,
521 2608 635 2676 lectum
656 2606 829 2685 appellatio,
853 2608 898 2666 cui
911 2607 960 2666 vel
975 2606 1096 2666 alterum
1113 2606 1230 2665 deesset

272 2690 284 2750 l
304 2700 473 2769 utrumque,
492 2698 615 2768 vectos,
638 2693 769 2768 coelom,
791 2693 882 2767 deus,
906 2693 1013 2752 virtus.
1049 2689 1231 2750 Adiiciebant

281 2777 530 2834 asseverationem
550 2783 581 2834 ut
599 2775 688 2846 ebert,
708 2784 738 2834 ct
757 2776 986 2835 attrectationem
1000 2782 1031 2833 ut
1049 2774 1230 2851 fosccott'm

272 2875 312 2918 ,ae
339 2858 407 2917 mihi
431 2876 488 2917 non
508 2857 711 2936 approbantur.
756 2858 935 2918 Vocabulum
955 2877 991 2918 an
1010 2857 1168 2936 appellatio
1190 2857 1230 2917 di·
1240 2870 1273 2924 21

272 2943 330 3002 uda
345 2943 383 3000 sit
396 2942 575 3021 προσηγορία
590 2951 619 3001 et
633 2942 810 3003 subiicienda
825 2944 930 3002 nomini
945 2960 1054 3016 necne,
1072 2943 1137 3020 quia
1151 2943 1231 3020 parvi

272 3026 343 3099 lert,
364 3025 484 3085 liberum
501 3026 656 3103 opinaturis
672 3027 814 3105 relinquo.

320 3109 442 3170 Nomina
458 3111 602 3170 declinare
619 3120 647 3169 et
662 3111 751 3170 verba
767 3110 902 3188 imprimis
918 3111 1000 3188 pueri
1015 3111 1117 3183 sciant,
1135 3127 1230 3185 neque
1240 3125 1274 3176 ῃ

274 3195 310 3252 im
337 3192 422 3252 aliter
446 3196 600 3272 pervenire
625 3194 661 3255 ad
685 3195 864 3255 intellectum
889 3196 1070 3271 sequentium
1095 3203 1231 3270 possunt:
1322 3218 1329 3236 ·

272 3276 314 3336 od
338 3278 424 3336 ctiam
445 3296 563 3337 monere
584 3296 793 3356 supervacuum
813 3286 891 3352 erat,
911 3279 965 3336 nisi
984 3276 1133 3336 ambitiosa
1152 3276 1232 3336 lesti-

273 3363 352 3420 tione
369 3361 502 3438 plerique
518 3381 533 3421 a
549 3362 760 3440 posterioribus
777 3365 937 3440 inciperent
952 3370 990 3436 et,
1007 3362 1071 3420 dum
1086 3369 1232 3421 ostentare

272 3445 399 3523 scipulos
417 3448 494 3505 circa
514 3448 694 3523 speciosiora
709 3447 831 3521 malunt,
852 3445 1022 3522 compendio
1043 3454 1230 3505 morarentur.

272 3531 325 3606 uui
340 3532 364 3588 si
381 3531 444 3606 quis
460 3539 489 3588 et
504 3530 634 3590 didicerit
650 3531 718 3588 satis
735 3539 763 3589 et
780 3529 873 3608 (quod
889 3546 946 3587 non
963 3531 1053 3588 minus
1069 3529 1175 3588 deesse
1190 3531 1275 3590 ints

272 3615 321 3671 rim
336 3613 429 3692 solet)
448 3614 573 3673 voluerit
590 3614 699 3673 docere
715 3631 790 3690 quae
805 3614 919 3688 didicit,
937 3629 994 3672 non
1009 3615 1063 3673 erit
1079 3622 1231 3672 contentus

272 3697 353 3756 tdere
380 3700 408 3756 in
433 3696 592 3756 nominibus
612 3699 666 3756 tria
686 3715 795 3773 genera
814 3707 843 3757 et
862 3713 912 3771 ea,
937 3715 1010 3775 quae
1035 3705 1100 3755 sunt
1120 3695 1231 3757 duobus

272 3781 595 3841 nnibusvecommunia.
636 3780 699 3841 Nec
724 3783 820 3843 statim
844 3780 1020 3862 diligentem
1036 3778 1174 3864 putabo,
1198 3779 1300 3856 uanus
