3184 4409
312 455 373 518 nus
629 468 757 517 nm.
771 466 992 528 commun
1131 432 1214 579 a&

312 635 342 687 et
364 623 447 704 pueri
467 624 578 698 statim,
604 631 635 682 ut
654 624 810 702 praecepi,
838 640 923 701 quem
947 621 1070 701 plurime
1102 622 1263 700 ediscant,
1289 630 1315 699 tl

313 726 509 808 quaecunque
525 717 605 767 aetas
628 725 746 785 opernm
768 707 909 767 iuvandae
928 705 1025 767 studio
1047 710 1226 770 memoriae
1247 668 1317 783 datu

313 795 435 857 devoret
450 792 529 851 initio
544 792 668 852 taedium
683 791 754 851 illud
762 801 799 851 -et
820 793 929 875 scripte
944 798 976 850 et
991 789 1069 851 lecu
1087 794 1224 871 saepius
1239 791 1317 853 revel

312 878 397 936 vendi
416 885 445 935 et
466 878 547 954 quasi
563 858 684 936 eundem
707 875 802 935 cibum
818 868 1013 936 remandendi.
1045 872 1173 948 Quod
1163 894 1266 956 rpsnm
1279 878 1318 939 Ιιιι

313 963 375 1020 fieri
390 969 489 1038 potest
501 960 611 1058 levius,
637 961 662 1018 si
677 977 769 1037 pauca
787 961 908 1037 primum
923 967 952 1019 et
968 974 1044 1035 quae
1059 959 1170 1023 odium
1188 978 1254 1023 non
1267 960 1319 1023 eie

311 1054 374 1105 rant
390 1045 570 1121 coeperimus
589 1042 736 1111 ediscere;
759 1052 818 1102 tum
834 1043 942 1104 cotidie
959 1040 1090 1103 adiicere
1107 1046 1258 1123 singulos
1272 1062 1320 1105 ιιι

313 1145 380 1204 sus,
402 1145 522 1205 quorum
543 1128 677 1187 accessio
700 1127 794 1187 labori
809 1144 925 1187 mnium
945 1127 1123 1187 incrementi
1138 1144 1204 1191 non
1222 1130 1321 1203 adom

312 1215 340 1272 in
359 1229 494 1272 summam
514 1210 549 1270 ad
564 1211 701 1270 inlinitum
722 1228 816 1289 usque
839 1212 1006 1290 perveniet;
1034 1219 1065 1271 et
1086 1214 1221 1290 poetica
1244 1214 1321 1293 print

310 1306 370 1356 tum
393 1305 556 1369 oratorum,
583 1296 739 1354 novissime
760 1297 845 1355 etiam
866 1293 1007 1354 solutiora
1026 1297 1165 1357 numeris
1186 1306 1223 1358 et
1242 1298 1323 1375 maq'n

270 1380 346 1441 stab
360 1398 414 1439 usu
437 1379 551 1439 dicendi
567 1387 694 1454 remota,
718 1378 815 1467 qualia
831 1387 897 1439 sunt
914 1377 1212 1443 iurisconsultorum.
1252 1380 1323 1441 Dill-

313 1465 413 1524 ciliora
437 1464 511 1523 enim
539 1461 754 1538 debentem,
789 1480 865 1541 quae
887 1469 1044 1539 exercent,
1074 1479 1141 1541 quo
1166 1466 1210 1526 sit
1234 1465 1323 1527 lem

312 1566 405 1626 rpsum
419 1546 507 1621 illud,
527 1546 556 1604 in
571 1546 648 1624 quod
664 1556 819 1606 exercent:
840 1555 871 1607 ut
886 1545 1012 1607 athletae
1028 1546 1224 1625 ponderibus
1241 1548 1323 1649 ptus

312 1632 375 1691 heis
391 1591 587 1691 essueldciunt
603 1648 719 1706 manus,
736 1630 839 1708 quihus
853 1631 953 1691 vacuis
968 1637 998 1690 et
1014 1630 1128 1690 nudie'
1117 1647 1150 1691 ιιι
1167 1634 1323 1693 certamine

312 1715 446 1774 utendum
467 1722 522 1772 est.
563 1711 628 1773 Non
652 1716 778 1774 omittam
800 1715 902 1790 etiem,
929 1712 1007 1792 quod
1026 1714 1189 1777 cotidianis
1213 1717 1322 1797 expeti·

313 1801 414 1858 mentis
432 1797 671 1875 deprehenditur,
694 1801 806 1858 minime
824 1798 939 1859 lidelem
953 1814 1021 1857 esse
1037 1797 1129 1876 paulo
1146 1800 1321 1862 tardioribus

271 1892 305 1946 43
314 1883 435 1959 ingeniis
447 1891 594 1941 recentem
605 1885 780 1942 memoriam.
805 1880 908 1942 llirnm
919 1881 996 1942 dictu
1011 1890 1130 1943 estnec
1144 1884 1319 1965 inpromptu

312 1969 401 2040 ratio,
430 1974 565 2045 quantum
586 1982 644 2026 nox
670 1967 841 2045 interposite
866 1966 969 2026 alferat
993 1965 1158 2044 firmitatis,
1189 1968 1319 2031 sinere

245 2100 248 2105 .
314 2051 437 2129 quiescit
459 2049 541 2109 labor
563 2049 630 2125 ille,
654 2053 734 2132 cuius
755 2050 894 2129 sibiipsa
917 2049 1049 2126 fatigatio
1070 2047 1318 2129 obetabetnivt

312 2136 503 2212 concoquitur
523 2149 580 2193 seu
605 2095 777 2210 maturatur,
804 2152 878 2212 quae
899 2134 1057 2197 umusima
1084 2134 1152 2195 eins
1171 2152 1248 2215 pars
1270 2136 1315 2209 ed,

255 2268 258 2273 .
300 2219 492 2287 ·aecordatio;
524 2236 598 2297 quae
622 2220 716 2278 statim
739 2218 844 2278 relerri
865 2235 923 2278 non
945 2225 1095 2296 poterant,
1124 2228 1315 2281 conmmur

259 2158 431 2401 {postera
443 2302 500 2376 die,
519 2303 723 2379 confirmatque
740 2302 905 2361 memoriam
920 2302 996 2362 idem
1010 2300 1082 2362 illud
1093 2309 1229 2381 tempus,
1246 2298 1313 2383 quod

263 2399 380 2451 'edesse
401 2388 429 2444 in
451 2404 537 2446 causa
559 2386 636 2446 solet
663 2386 827 2447 oblivionis.
871 2386 963 2446 Etiam
987 2384 1038 2445 illa
1065 2386 1238 2463 praevelox
1258 2387 1313 2446 lert

314 2474 371 2531 cito
388 2470 494 2545 effluit,
519 2480 565 2545 et,¹
584 2471 663 2529 velut
677 2471 825 2548 praesenti
849 2471 947 2530 cilicio
964 2470 1060 2529 iuncta
1078 2468 1204 2531 nihilin
1219 2479 1312 2550 poete·

312 2574 373 2613 rurn
389 2553 508 2625 debeat,
532 2563 664 2632 tanquam
682 2555 798 2616 dimissa
817 2554 949 2615 discedit.
979 2552 1041 2613 Neo
1058 2562 1104 2614 est
1119 2555 1243 2633 mirum,
1261 2570 1312 2613 ιι·

311 2641 356 2714 gis
372 2638 493 2697 haerere
509 2637 605 2697 animo
617 2657 691 2716 quae
707 2640 811 2699 diutius
828 2638 914 2698 affixa
928 2639 993 2697 sint.
1052 2650 1054 2655 ’

254 2790 260 2805 „
395 2721 441 2779 Ex
460 2721 515 2780 hac
537 2724 714 2798 ingeniorum
743 2724 909 2783 diversitate
929 2721 1155 2783 nutedubitatio
1180 2732 1248 2799 est,
1277 2719 1311 2782 ad
1358 2740 1359 2744 ¹

265 2873 267 2879 Ι
311 2804 459 2863 verbum
477 2807 524 2863 sit
545 2807 774 2866 ediscendum
794 2807 970 2882 dicturis,
993 2824 1034 2867 an
1051 2806 1120 2865 nim
1136 2807 1246 2867 modo
1262 2823 1311 2866 re·

312 2908 385 2947 ιιιιιι
405 2897 513 2966 atque
529 2890 691 2949 ordinem
707 2891 905 2969 complecti
925 2893 1019 2951 eatis
1034 2892 1098 2955 sit:
1121 2890 1160 2950 de
1178 2907 1241 2968 quo
1257 2891 1312 2951 sint

269 2973 407 3033 indubio
414 2989 471 3031 non
487 2977 612 3051 potest
604 2993 632 3032 ιιι
653 2977 817 3034 universum
832 2975 1018 3054 pronuntiari.
1048 2972 1162 3033 Nam
1136 2992 1163 3033 su
1176 2974 1314 3035 memoria

312 3057 500 3133 suffragatur,
522 3067 635 3135 tempus
650 3075 707 3117 non
723 3058 828 3119 deluit:
845 3058 927 3118 nulla
942 3071 987 3118 me
1001 3058 1088 3118 velum
1106 3056 1227 3132 syllaba
1248 3057 1314 3119 eiu·

310 3142 385 3215 giat;
409 3141 516 3240 alioqui
536 3144 621 3202 etiam
639 3142 769 3202 scribere
785 3145 823 3201 sit
844 3160 1063 3242 supervacuum.
1093 3139 1185 3219 quue
1203 3141 1315 3220 praeol-

311 3241 368 3300 pue
385 3242 400 3282 a
416 3228 513 3302 pueris
536 3226 736 3301 obtinendum,
764 3229 876 3305 atque
867 3245 896 3286 un
910 3227 984 3287 hanc
1000 3224 1243 3287 consuetudinem
1259 3242 1314 3285 me·

310 3309 400 3367 rnoria
418 3311 625 3369 exercitatione
643 3311 816 3387 redigenda,
837 3330 873 3371 ne
885 3310 980 3371 nobis·
984 3310 1153 3371 discemus
1144 3326 1313 3387 rgnosoere.

310 3388 438 3468 Ideoque
455 3403 483 3452 et
501 3395 647 3453 admoneri
665 3404 693 3453 et
708 3395 744 3454 ad
759 3395 888 3476 libellum
902 3396 1053 3473 respicere
1068 3393 1220 3471 vitiosum,
1240 3391 1316 3473 quod

311 3473 472 3534 libertatem
491 3478 781 3553 negligentissimi,
805 3496 860 3539 nee
878 3480 1028 3558 quiequam
1045 3495 1078 3537 se
1092 3494 1196 3555 perum
1214 3486 1315 3538 tenere

268 3558 429 3632 adiudicat,
451 3560 542 3656 quud,
565 3580 601 3619 ne
619 3563 673 3621 sibi
689 3563 822 3637 excidat,
839 3580 902 3623 non
918 3564 1006 3622 timet
1042 3560 1113 3622 lude
1135 3561 1314 3661 interruptus

311 3642 431 3700 actionis
451 3643 572 3720 impetus
591 3655 619 3704 et
637 3649 776 3705 resistens
800 3665 834 3705 ac
850 3645 1001 3706 salebrosa
1020 3647 1130 3713 orati0;
1154 3654 1185 3707 et
1208 3646 1260 3724 qui
1277 3645 1315 3705 di·

311 3727 350 3785 cit
369 3724 508 3786 ediscenti
529 3729 645 3804 similis,
669 3732 754 3790 etiarn
775 3748 887 3791 omnem
901 3730 978 3791 bene
1000 3731 1315 3810 scriptorum-gretie!

350 3934 359 3967 Ι
