3184 4409
550 440 639 490 man.
664 409 904 491 crannonem.
928 437 1023 504 m‚6.
1233 428 1292 492 127

294 594 358 656 Non
373 604 419 657 est
434 595 510 672 tale,
532 593 639 658 Habeo
651 597 701 658 ica
714 599 860 672 dodonis,
881 595 949 660 Non
970 597 1084 665 dudm,-
1105 604 1136 656 ut
1150 597 1188 656 sit
1203 614 1291 675 quae·

294 682 365 756 atio,
389 699 432 742 aa
453 681 589 742 lrabeat?
609 688 641 740 et
659 681 726 741 inde
748 691 850 742 status.
894 683 1030 760 Accipiat
1051 682 1125 741 enim
1149 683 1293 742 actionem

294 783 402 840 necue,
424 763 460 824 ad
478 772 611 823 eventum
629 767 764 843 pertinet,
784 784 842 825 non
857 767 892 826 ad
909 784 1035 840 causam,
1055 765 1135 824 etad
1152 765 1196 840 id,
1214 766 1291 844 quod

246 852 248 857 '
292 849 456 928 pronuntiat
470 849 574 924 iudex,
593 865 651 906 non
668 849 713 926 id,
733 860 855 929 propter
871 851 947 928 quod
963 850 1137 928 pronuntiat.
1171 849 1234 909 Hoc
1250 850 1335 909 illita

292 933 383 993 simile
405 940 468 1009 est,
496 931 745 1010 postmontes,
773 933 843 996 Non
866 954 953 1002 sunu
984 932 1094 992 videbit
1119 934 1222 1009 iudex,
1248 953 1291 994 oo

291 1019 465 1096 puniendus
487 1019 547 1078 ait?
580 1015 640 1077 Sed
659 1035 717 1077 non
737 1018 785 1078 hic
809 1019 869 1077 erit·
887 1018 1019 1096 quaestio
1040 1035 1097 1075 nec
1119 1016 1166 1076 hic
1187 1026 1289 1077 status.

292 1101 343 1161 Ubi
360 1098 458 1178 ergo?
477 1099 652 1162 Punicados
668 1121 717 1178 es,
740 1103 888 1164 bominem
904 1102 1047 1163 occidisti
1050 1124 1064 1169 ;
1086 1099 1154 1161 Noc
1172 1104 1291 1162 occidi.-

290 1187 336 1246 Aa
357 1187 533 1248 occiderit?
554 1184 763 1248 Honor-andus
778 1205 862 1264 sum,
885 1184 954 1248 Non
967 1206 1019 1254 es;
1041 1203 1107 1243 num
1122 1193 1225 1244 statum
1240 1186 1290 1245 ba·

290 1267 360 1331 bet?
381 1285 456 1345 non,
474 1278 505 1329 ut
519 1279 600 1349 puto.
632 1269 840 1332 Honoroudus
858 1290 942 1348 sum,
965 1271 1039 1347 quio
1057 1278 1219 1348 tyrannum
1239 1289 1290 1331 oo-

291 1356 371 1426 ct‘di,·
390 1352 460 1414 Noc
470 1355 622 1430 occidisti,
639 1356 771 1432 quaestio
785 1363 814 1414 et
829 1363 930 1414 status.
959 1354 1107 1428 Similiter,
1123 1352 1192 1414 Non
1206 1353 1333 1415 recte75

261 1493 263 1497 ,
291 1441 373 1518 opis,
402 1438 578 1517 Rectcopo
600 1439 765 1499 nonhabet
786 1448 900 1498 statum.
944 1437 1000 1497 Ubi
1020 1447 1064 1497 est
1088 1434 1183 1514 ergo?
1222 1437 1291 1498 Non

290 1532 370 1585 recte
392 1524 462 1601 opis
474 1524 704 1602 ipuoma'm'orus.
739 1522 910 1598 Quaeritur,
929 1520 979 1583 Ao
998 1524 1214 1601 ipoomioa'osus
1228 1524 1291 1582 cit?

291 1616 350 1685 ant,
375 1602 427 1668 An
449 1624 543 1686 opere
564 1608 760 1686 iqaomt'ut'oso
782 1608 893 1668 liccat?
927 1607 1114 1684 quaestiones
1137 1614 1166 1664 et
1187 1614 1288 1665 status.

290 1690 367 1768 Ergo
385 1691 586 1754 translativum
606 1708 699 1768 genus
716 1709 823 1751 causae
838 1700 868 1750 ut
884 1692 1110 1769 comparativum
1129 1698 1158 1748 et
1175 1699 1290 1750 mutuae

293 1776 496 1836 accusationis.
530 1774 571 1835 At
588 1777 663 1835 enim
681 1775 774 1835 simile
794 1784 839 1834 est
855 1774 896 1834 illi
918 1773 1047 1850 „Habeo
1066 1777 1130 1849 dua,
1152 1793 1212 1835 nou
1234 1775 1290 1836 lta-
1299 1774 1332 1830 76

293 1860 363 1921 bcc“
388 1856 566 1934 „Occidisti
573 1903 581 1936 ‚
602 1859 697 1921 Recte
716 1861 853 1920 occidi.“
885 1858 950 1918 Non
966 1876 1060 1935 nego,
1078 1859 1130 1918 sed
1145 1877 1201 1918 nec
1216 1858 1292 1918 baec

292 1961 335 2003 res
352 1952 461 2004 statum
478 1943 557 2004 facit.
589 1943 654 2002 Non
673 1945 747 2002 enim
763 1952 829 2003 suat
844 1944 899 2003 hae
914 1945 1147 2021 propositiones,
1165 1942 1290 2020 (alioqui

292 2045 376 2088 causa
400 2044 460 2087 non
486 2027 695 2107 explicabitur)
723 2028 775 2087 aed
799 2045 862 2087 cum
888 2029 947 2085 suis
971 2026 1138 2086 rationibus.
1181 2025 1291 2086 Scelus

291 2113 436 2175 commisit
455 2110 618 2189 Horatius,
637 2131 774 2173 sororem
793 2114 870 2172 enim
886 2111 1021 2172 oceidit·
1046 2108 1115 2171 Noa
1132 2111 1289 2186 commisit,

291 2197 392 2258 debuit
410 2197 491 2258 enim
505 2197 648 2257 occidere
663 2216 746 2274 eam,
770 2213 851 2274 quoe
869 2196 962 2256 bostis
979 2203 1103 2256 mortem
1120 2195 1289 2254 moerebat.

291 2279 447 2354 Quaestio,
468 2275 519 2340 Aa
536 2280 614 2341 baec
631 2282 714 2342 iusto
733 2282 852 2341 causo?
873 2281 913 2338 ita
931 2277 1064 2356 qualitas.
1100 2277 1137 2337 Et
1158 2277 1289 2336 similiter
1298 2280 1332 2335 tt

290 2365 315 2423 in
334 2364 543 2440 translatione,
574 2361 644 2426 Non
664 2365 760 2426 bobes
779 2366 830 2426 ius
848 2364 1035 2440 abdicandi,
1064 2364 1137 2440 quio
1161 2362 1289 2441 dpoonat'-

289 2451 374 2510 oioao
390 2467 453 2509 ooo
474 2458 517 2509 cst
535 2450 625 2510 actio·
656 2446 763 2510 Habeo
780 2450 846 2517 tus,
865 2448 938 2524 quio
956 2448 1112 2508 abdicatio
1129 2448 1211 2507 actio
1230 2464 1290 2507 coa

291 2541 340 2594 cat.
379 2531 551 2607 Quaeritur,
577 2531 659 2616 Quid
676 2535 716 2594 eit
734 2535 833 2594 actio.-
857 2532 1003 2599 liniemus;
1025 2529 1094 2592 Non
1110 2531 1181 2591 licet
1199 2531 1289 2591 obdi-

291 2635 363 2679 cure
382 2615 497 2694 filium,
520 2616 719 2693 syllogismos.
752 2614 824 2676 ltem
844 2625 943 2675 cetera
962 2633 1016 2693 per
1037 2632 1137 2674 omnes
1156 2624 1185 2673 et
1201 2617 1288 2674 ratio-

292 2700 370 2761 mles
397 2708 426 2760 et
450 2700 564 2778 legales
583 2710 684 2761 status.
727 2700 791 2761 Nec
813 2701 916 2778 ignoro
939 2699 1029 2758 luisse
1055 2699 1211 2777 quosdam,
1241 2699 1288 2776 qui
1298 2701 1332 2757 78

292 2784 510 2845 translationem
526 2785 697 2846 inrationali
710 2802 826 2863 quoque
843 2802 953 2861 genere
964 2793 1107 2862 ponerent
1122 2784 1178 2843 hoc
1191 2783 1289 2858 modo,

290 2866 446 2931 Hominem
464 2870 582 2946 occidi,
601 2871 704 2930 iussus
722 2871 762 2930 ob
779 2872 975 2948 imperatore.
1009 2867 1100 2930 Dodo
1118 2868 1221 2945 tempti
1238 2886 1290 2928 co-

290 2954 369 3030 qeots'
397 2962 528 3034 tyranno
549 2954 631 3016 dcdt‘.
673 2953 808 3015 Descrua'
831 2953 1078 3032 tempestatibus,
1105 2950 1290 3028 fluminibus,

291 3039 466 3100 valetudine
485 3039 666 3117 impeditus,
698 3038 727 3097 id
749 3046 813 3113 est,
843 3054 901 3096 non
923 3054 977 3115 per
997 3054 1043 3096 me
1065 3037 1145 3095 stetit
1166 3035 1218 3094 sed
1237 3052 1291 3113 per

292 3119 370 3181 illud.
417 3121 446 3182 A
467 3122 570 3200 quibus
592 3123 676 3182 etiam
698 3121 817 3181 liberius
840 3121 990 3183 dissentio.
1030 3119 1095 3178 Non
1118 3120 1193 3178 enim
1214 3116 1332 3178 actiott

293 3206 464 3266 transfertur
481 3207 534 3266 sed
550 3224 638 3266 causa
660 3206 747 3281 laeti,
771 3205 849 3284 quod
867 3205 972 3285 accidit
989 3221 1082 3282 paene
1105 3205 1133 3262 in
1150 3204 1225 3262 omni
1240 3203 1289 3263 de·

293 3287 435 3351 tensione.
470 3289 583 3350 Deinde
604 3293 647 3365 is,
669 3290 784 3369 quitali
805 3291 892 3349 utitur
909 3290 1087 3367 patrocinio,
1106 3305 1164 3347 non
1178 3288 1291 3347 recedit

293 3373 416 3435 alorma
439 3375 601 3453 qualitatis,
627 3375 696 3435 dicit
718 3376 810 3449 enim,
837 3392 869 3433 se
891 3373 977 3450 culpa
999 3390 1120 3438 vacare;
1146 3381 1178 3432 ut
1198 3373 1290 3449 magis

294 3459 437 3534 qualitatis
456 3459 565 3537 duplex
582 3461 655 3519 ratio
674 3459 806 3519 iacienda
822 3459 870 3534 sit,
889 3458 981 3516 altera
999 3475 1055 3534 qua
1072 3466 1101 3516 et
1117 3456 1223 3517 lactum
1240 3457 1289 3516 do·

292 3541 432 3620 tenditur,
452 3543 544 3604 altera
560 3561 616 3621 qua
632 3552 739 3614 tantum
756 3561 834 3602 reus.

375 3625 566 3688 Credendum·
578 3637 622 3687 est
637 3629 723 3704 igitur
738 3627 799 3702 his,
821 3644 940 3705 quorum
956 3625 1156 3684 auctoritatem
1172 3627 1333 3684 secutusao

294 3720 336 3772 est
352 3710 473 3789 Cicero,
490 3713 562 3772 tria
578 3730 657 3788 esse,
672 3729 746 3790 quae
762 3713 790 3771 in
807 3711 882 3771 omni
898 3710 1091 3790 disputatione
1106 3714 1301 3789 quaerantur,
