3184 4409
355 463 414 526 126
658 476 696 525 ιι.
714 474 794 525 nan.
814 461 1039 538 bammum

309 644 344 700 99
354 629 515 708 schemata,
536 629 852 709 sequentiascbemata
872 628 986 692 omnino
1001 646 1058 691 non
1072 639 1149 693 aunt
1166 626 1263 694 ¹ltenr
1276 630 1344 695 auu

348 715 404 775 lius
418 724 536 794 praeter
553 732 599 791 ea,
615 732 690 794 quae
704 715 780 794 apud
796 715 870 776 alios
886 730 1003 795 quoque
1016 722 1099 792 sunt,
1117 717 1343 798 mpcpotcfln,

348 787 529 878 ἀναγκαῖον,
548 793 728 876 ἠθοποιΐαν,
751 797 968 879 δικαιολογίαν,
990 791 1152 879 πρόληψιν,
1173 822 1341 883 χαρακτηρι-

348 873 432 960 optio,
443 881 649 962 βραχυλογίαν,
660 875 896 962 ιιαρασιῶιιηοιν,
910 880 1086 963 adductas,
1099 882 1138 943 tle
1153 884 1266 963 quibua
1279 886 1340 947 idea

349 965 425 1026 dico.
457 965 529 1026 Nam
544 983 597 1026 eos
612 966 728 1044 quidem
743 975 891 1042 auctores,
907 966 956 1045 qni
969 967 1078 1027 nullum
1091 983 1189 1047 prope
1207 968 1297 1031 linem
1308 968 1338 1029 le

349 1058 450 1110 cerunt
472 1050 658 1128 exquirendis
678 1049 858 1127 nominibus,
883 1049 1065 1129 praeteribo,
1083 1051 1132 1129 qui
1150 1052 1263 1137 etiam,
1278 1068 1339 1133 prat

348 1143 414 1194 sunt
434 1142 676 1211 argumentorum,
692 1134 792 1211 liguris
808 1135 1014 1213 asumpserunt.
1358 1200 1359 1207 ,

290 1213 343 1295 19⁰
431 1215 496 1295 llgo
514 1216 584 1277 illud
599 1217 636 1277 de
651 1219 686 1277 iis
704 1219 806 1293 etiam,
828 1234 903 1297 quae
919 1234 991 1279 vere
1006 1226 1087 1295 sunt,
1104 1218 1245 1281 adiiciam
1259 1220 1339 1283 breti

243 1354 246 1365 ,
347 1308 408 1377 ter,
426 1302 501 1361 sicut
516 1310 620 1361 ornent
635 1303 795 1362 orationem
812 1309 976 1381 opportune
992 1304 1124 1382 positae,
1146 1304 1188 1364 ita
1203 1304 1339 1385 ineptiant

347 1386 434 1444 simas
461 1403 545 1462 esse,
573 1403 637 1445 cum
662 1387 815 1446 immodice
829 1394 972 1464 petantur.
994 1450 996 1455 ,
1027 1386 1116 1461 Sunt,
1139 1388 1189 1465 qni
1212 1388 1339 1468 neptem

347 1486 442 1528 rerum
462 1469 592 1547 pondere
613 1478 643 1529 et
663 1471 771 1530 viribus
795 1471 1018 1547 sententiarum,
1040 1472 1065 1530 si
1079 1468 1129 1530 vel
1148 1472 1249 1535 luania
1263 1460 1359 1539 rerba}

346 1554 375 1613 in
390 1553 444 1612 bos
457 1552 559 1618 modos
575 1553 784 1631 depravarunt,
800 1570 926 1615 summos
941 1572 975 1614 se
985 1554 1111 1614 iudicent
1122 1554 1257 1617 artifices
1270 1558 1340 1619 ideo
1358 1570 1359 1619 1

347 1654 405 1715 que
428 1653 486 1696 uon
505 1638 637 1697 desinant
658 1655 709 1697 cas
729 1646 867 1715 nectere,
890 1654 961 1717 uuas
983 1639 1045 1697 sine
1057 1637 1224 1701 substantia
1245 1639 1359 1729 aeaan'¹

349 1729 406 1780 tam
427 1729 472 1779 est
492 1721 642 1781 ridiculum
665 1739 748 1800 quam
770 1738 913 1801 quaerere
938 1720 1064 1782 babiturn
1082 1730 1267 1802 gestumque
1287 1726 1359 1785 slat·

288 1815 339 1870 101
347 1821 483 1882 corpore.
525 1805 585 1866 Sed
605 1824 642 1878 ue
663 1823 716 1865 eae
737 1806 867 1884 quidem,
887 1822 961 1885 quac
975 1815 1057 1866 recte
1072 1805 1157 1883 flunt,
1180 1806 1339 1869 densandae

346 1896 412 1947 suut
432 1889 524 1948 nimis.
564 1888 635 1950 Nam
662 1899 692 1949 et
711 1891 808 1950 vultus
828 1888 946 1951 mutatio
963 1886 1175 1968 ¹oculorumque
1196 1892 1338 1953 coniectat

345 1970 462 2032 multum
477 1974 506 2033 in
523 1983 590 2036 actu
603 1974 693 2042 valet;
717 1974 811 2034 sedai
826 1976 890 2054 (puis
905 1974 1013 2035 ducere
1031 1990 1065 2033 os
1080 1975 1237 2052 exquisitis
1255 1974 1337 2037 notis

346 2065 376 2115 et
389 2055 493 2117 frontis
514 2076 550 2118 ac
567 2059 701 2118 luminum
715 2058 905 2119 inconstantia
915 2058 1067 2137 'trepidare
1080 2075 1138 2118 non
1156 2057 1288 2120 desinat:
1307 2059 1335 2117 ri·

346 2141 456 2200 dentur.
499 2142 537 2202 Et
552 2152 651 2202 orator
665 2141 751 2202 babet
765 2151 874 2202 rcctmn
887 2143 1026 2221 quandam
1039 2142 1120 2202 velut
1135 2141 1254 2220 iaclem,
1272 2157 1336 2223 qaae

346 2234 376 2283 ut
399 2234 518 2304 stupere
537 2227 674 2286 immobili
695 2228 794 2304 rigore
818 2243 877 2286 non
892 2225 1027 2302 debebit,
1054 2228 1094 2286 ita
1113 2227 1233 2305 saepius
1250 2228 1280 2287 in
1300 2242 1335 2299 ca,

287 2316 430 2386 lonquam
451 2319 550 2370 natura
568 2310 662 2387 dedit,
689 2311 790 2389 specie
808 2311 979 2371 continenda
998 2318 1054 2370 est.
1094 2310 1253 2371 Sciendum
1274 2322 1335 2369 reru

347 2395 505 2471 inprimis,
527 2395 594 2473 quid
612 2396 734 2474 quisque
756 2396 785 2454 in
801 2395 910 2455 orando
924 2394 1054 2473 postulet
1069 2394 1171 2470 locus,
1195 2394 1265 2473 quid
1279 2410 1335 2473 per

348 2494 435 2554 sona,
452 2479 519 2555 quid
533 2487 656 2557 tempus.
685 2477 777 2539 blaior
794 2479 869 2538 enim
883 2481 951 2558 pars
966 2477 1064 2538 barum
1080 2478 1237 2555 figurarum
1252 2479 1336 2557 posita

348 2569 393 2619 est
416 2563 444 2620 in
468 2562 671 2622 delectatione.
708 2563 763 2622 Ubi
785 2580 858 2622 vero
885 2563 1054 2637 atrocitate,
1076 2561 1200 2638 invidia,
1228 2562 1336 2623 misera·

346 2646 425 2703 tione
448 2646 629 2723 pugnandum
646 2655 705 2706 est:
732 2648 795 2725 quis
811 2646 886 2707 ierat
900 2646 1104 2724 contrapositis
1119 2654 1150 2706 et
1170 2648 1283 2724 pariter
1297 2662 1336 2705 ea·

318 2766 320 2775 ,
347 2727 478 2788 dentibus
495 2739 524 2789 et
536 2730 729 2790 consimilibus
742 2733 931 2806 irascentem,
946 2730 1079 2805 dentem,
1090 2726 1265 2806 rogantem?
1281 2745 1336 2790 cun

346 2814 375 2870 in
390 2811 434 2871 bis
451 2811 539 2872 rebus
556 2832 622 2874 cura
641 2814 796 2874 uerborum
811 2814 936 2893 deroget
950 2813 1101 2881 allectibue
1120 2813 1224 2892 iidem,
1241 2822 1272 2874 et
1283 2810 1336 2873 rbi·

244 2886 249 2897 “
347 2914 459 2975 cunque
476 2915 522 2956 ars
538 2906 714 2975 ostentatur,
731 2900 839 2960 veritas
854 2898 1116 2960 abesserideatur.

693 3051 735 3103 DE
748 3050 998 3105 conpositione

429 3148 479 3209 lV.
501 3148 547 3209 De
569 3152 842 3228 compositione
864 3142 922 3211 uon
936 3149 1070 3230 equidem
1082 3156 1152 3228 post
1164 3145 1205 3208 bl.
1222 3146 1335 3209 'lulllu

346 3232 475 3293 scribere
495 3233 645 3310 auderem,
674 3234 736 3312 (cui
756 3235 858 3295 nescio
875 3251 911 3295 an
929 3234 989 3296 ulla
1005 3252 1074 3314 pars
1091 3233 1191 3312 operis
1206 3232 1291 3294 bulas
1305 3228 1334 3289 sit

344 3317 435 3392 magis
452 3317 620 3397 elaborata)
644 3319 699 3377 uisi
714 3327 744 3378 ct
763 3318 893 3379 eiusdem
909 3320 1012 3379 aetabs
1026 3317 1157 3379 homiues
1172 3308 1333 3397 scriptioni

344 3399 437 3475 ipsum
459 3404 543 3461 etiam
568 3403 671 3462 litteris
690 3402 908 3481 reprehendere
931 3402 960 3463 id
980 3402 1145 3463 collocandi
1165 3393 1333 3478 genuensi

344 3481 482 3559 fuissent,
502 3494 531 3544 et
545 3495 613 3563 post
627 3505 691 3546 eum
706 3486 806 3565 plures
820 3487 908 3547 multa
922 3487 958 3549 ad
980 3485 1101 3548 eandem
1119 3503 1181 3545 reru
1198 3486 1332 3565 pertinca-

318 3566 380 3624 2tia
395 3570 550 3627 memoriae
569 3571 762 3631 tradidissent.
807 3569 908 3650 ltaque
930 3571 1067 3632 accedam
1081 3571 1110 3630 in
1129 3570 1283 3649 plerisque
1294 3562 1331 3626 Gi·

346 3652 461 3727 ceroui,
487 3660 572 3730 atque
588 3655 616 3713 in
632 3657 667 3714 iis
683 3671 753 3731 ero,
777 3672 852 3734 quae
873 3654 1030 3716 indubitata
1047 3663 1132 3731 sunt,
1157 3653 1290 3726 brevior,
1308 3649 1332 3707 it

343 3733 512 3813 quibusdum
543 3738 658 3818 paulum
684 3738 811 3800 tortasse
842 3739 1016 3800 dissentiam.
1063 3736 1136 3799 Nam
1165 3738 1331 3798 etiam‘can
