3184 4409
510 446 911 516 rusr.ouauou.n1n.1rr,
928 447 954 499 4.
1164 442 1220 500 141

246 604 412 664 melilotos.
448 601 502 662 Est
523 603 597 661 enim
613 601 756 680 quoddam
771 604 835 682 ipsa
849 603 991 665 divisione
1006 606 1160 667 verborum
1182 609 1264 672 la·98

246 706 281 747 ns
293 696 423 764 tempus,
439 695 470 746 ut
482 688 510 746 in
520 688 691 764 pentametri
703 687 796 747 medio
810 689 959 765 spondeo,
977 693 1024 766 qui
1036 693 1090 750 nisi
1103 692 1220 751 alterius

248 771 302 831 rbi
316 771 373 830 line
388 771 506 831 alterius
522 773 602 833 initio
618 779 746 847 constat,
762 790 877 831 versum
892 790 950 832 non
965 774 1065 834 eiiicit.
1109 775 1219 851 Potest,

246 856 332 916 ‚amsi
352 857 443 915 minus
467 855 558 928 bene,
578 856 718 933 praeponi
734 866 922 933 arrapaestos:
946 856 1075 920 Meliore
1093 879 1154 921 non
1174 879 1220 922 oo·

246 956 280 1000 m
295 941 390 1001 nobili
403 959 508 1000 cerum
523 941 614 1000 etiam
626 947 708 1003 noto.
752 941 833 999 Sicut
847 951 1020 1018 anapaestus
1039 953 1067 1001 et
1083 945 1219 1019 creticus,
1229 953 1263 1008 99

246 1023 328 1083 ribus
349 1041 482 1102 quoque,
502 1025 549 1100 qui
572 1032 617 1083 est
637 1028 762 1102 utroque
784 1023 896 1098 syllaba
920 1027 1027 1101 minor,
1047 1027 1222 1105 (praecedet

249 1108 369 1172 iratres
388 1107 491 1184 longas
507 1107 621 1185 brevis)
641 1117 670 1166 et
689 1108 837 1185 spondeus
858 1108 952 1168 iambo
970 1120 1052 1169 recte
1067 1113 1220 1188 praeponi·

246 1207 278 1250 r:
302 1189 416 1252 lisdem
432 1194 465 1252 in
485 1194 581 1252 armis
592 1192 649 1270 ful.
692 1191 763 1252 Tum
778 1192 925 1270 spondeus
948 1203 978 1253 et
1001 1194 1156 1269 bacchius,
1178 1196 1221 1254 sic

249 1277 293 1336 im
319 1275 369 1336 bet
388 1276 502 1336 ultimus
523 1276 687 1335 dochmius.
717 1275 756 1337 dn
770 1277 868 1337 arnas
886 1279 997 1338 lisdem
1014 1280 1070 1357 fui.
1113 1277 1159 1338 Ex
1176 1280 1221 1353 iis,
1231 1289 1280 1340 100

253 1379 294 1422 ae
315 1379 402 1440 supra
423 1359 560 1440 probavi,
588 1370 728 1438 apparet,
756 1361 908 1421 molosson
936 1379 1052 1440 quoque
1074 1363 1221 1422 clausulae

251 1446 393 1520 nvenire,
412 1446 476 1505 dum
497 1443 605 1505 habeat
619 1462 656 1503 cx
671 1461 844 1522 quocunqne
860 1445 936 1522 pede
952 1455 1017 1505 ante
1037 1465 1069 1505 se
1085 1446 1219 1506 brevem:

246 1529 303 1592 tad
314 1531 428 1590 scimus
442 1531 612 1607 ebenoque
625 1537 712 1602 runt,
730 1548 797 1591 esne
807 1547 867 1606 pro
878 1531 973 1591 noble.
1018 1529 1110 1589 Minus
1122 1532 1219 1607 gravis
1229 1538 1277 1592 101

246 1616 272 1674 it
285 1613 450 1691 spondeus,
463 1613 659 1691 praecedente
671 1612 854 1692 pyrrhichio,
868 1622 898 1672 ut
909 1612 1024 1675 ludicii
1034 1614 1176 1689 Iuniani,
1191 1623 1221 1674 et

246 1699 313 1759 huc
330 1698 413 1775 peius
429 1700 528 1775 priore
543 1714 673 1775 paeone,
696 1706 727 1756 ut
743 1696 855 1771 Brute,
874 1699 1033 1768 (luditum
1053 1700 1106 1757 nisi
1123 1698 1221 1776 potius

246 1801 273 1843 »c
299 1799 367 1840 esse
386 1782 518 1841 volumus
536 1781 681 1856 dactylum
703 1789 732 1840 et
748 1779 909 1841 bacchium.
944 1782 1009 1842 Duo
1025 1783 1147 1861 spondei
1164 1799 1222 1841 non

246 1886 280 1927 re
299 1883 331 1924 se
347 1867 426 1942 iungi
441 1867 601 1943 patiuntur,
623 1883 697 1943 quae
713 1867 844 1924 inversu
860 1883 977 1944 quoque
992 1867 1127 1926 notabilis
1143 1866 1220 1926 clau-

247 1953 279 2011 la
304 1958 365 2024 est,
387 1951 441 2008 nisi
463 1968 526 2010 cum
552 1949 580 2009 id
597 1949 660 2008 lieri
677 1957 775 2028 potest
797 1949 945 2008 extribus
969 1951 1051 2028 quasi
1070 1950 1219 2010 membris:

246 2054 281 2097 tr
305 2035 345 2094 de
365 2035 507 2114 persuple
526 2035 639 2094 nostris
661 2036 767 2111 copias
784 2041 943 2111 comparat
963 2036 991 2094 lc
1013 2041 1122 2095 contro
1144 2035 1222 2094 noo?

248 2139 271 2180 a
288 2117 417 2193 syllaba,
434 2118 560 2192 duabus,
577 2135 642 2177 una.
670 2117 714 2177 Ne
727 2117 866 2192 dactylus.
873 2117 988 2195 quidem
1000 2115 1131 2196 spondeo
1146 2117 1221 2176 bene
1229 2131 1279 2182 102

246 2204 420 2279 aeponitur,
444 2205 508 2278 quia
530 2202 613 2262 linem
636 2219 738 2261 versus
760 2201 924 2260 damnamus
948 2203 975 2259 in
991 2201 1047 2260 tine
1071 2202 1219 2260 orationis.

246 2285 360 2350 :echios
378 2295 407 2346 et
425 2286 532 2345 claudit
553 2295 582 2346 et
602 2285 655 2344 sibi
676 2286 817 2362 iungitur:
843 2270 997 2346 Vendnum
1012 2287 1151 2355 timoren·
1172 2284 1221 2342 rel

248 2388 358 2432 oneum
373 2379 401 2429 et
417 2370 577 2448 spondeum
588 2380 654 2430 ante
669 2378 758 2430 amat:
778 2367 815 2430 Vt
828 2388 975 2431 cenenum
985 2372 1116 2432 timeres.
1146 2365 1221 2426 Con·

246 2456 322 2517 rrius
339 2471 453 2532 quoque
469 2456 516 2531 qui
535 2463 595 2529 est,
615 2453 727 2528 cludet,
749 2454 805 2513 nisi
826 2456 851 2512 si
872 2453 998 2513 nltimam
1021 2454 1136 2529 longam
1154 2469 1221 2510 esse

248 2542 368 2613 lnmus,
391 2541 556 2617 optimeque
580 2538 697 2598 habebit
724 2547 791 2598 ante
817 2540 850 2597 se
868 2538 1035 2597 molosson:
1057 2536 1140 2601 clato
1159 2535 1222 2597 tto-

246 2641 329 2687 nmto
341 2641 429 2692 auctr
445 2631 493 2682 aut
504 2622 671 2696 bacchium,
688 2620 777 2695 Qcoo
791 2622 841 2682 hle
855 2631 970 2700 potest,
986 2641 1044 2683 noc
1052 2639 1219 2699 possemus.

246 2709 274 2769 d
292 2707 390 2765 verius
406 2709 461 2766 erit
476 2706 613 2767 claudere
628 2706 766 2766 choreum
781 2705 978 2784 praecedente
994 2705 1143 2784 spondeo,
1159 2722 1221 2762 nam
1230 2712 1279 2766 103

246 2813 259 2853 a
286 2791 382 2868 potius
406 2799 450 2850 est
476 2809 625 2850 numerus:
656 2788 720 2852 Noc
741 2808 898 2868 possemus
920 2799 950 2850 et
969 2789 1124 2852 Romam
1143 2807 1219 2850 oum.

248 2873 343 2936 audet
358 2883 387 2933 et
398 2874 568 2950 dichoreus,
586 2876 614 2935 id
626 2883 671 2934 est
687 2875 763 2935 idem
777 2868 836 2953 pes·
848 2873 902 2933 sibi
917 2876 981 2953 ipse
996 2877 1147 2951 iungetur,
1164 2891 1221 2950 quo

246 2959 320 3020 siani
345 2967 409 3018 sunt
434 2960 478 3019 usi
504 2959 669 3037 phirimnm;
701 2960 781 3018 cuius
809 2959 971 3036 exemplum
994 2957 1099 3018 Cicero
1125 2958 1220 3035 ponit:

246 3043 324 3105 zum
339 3044 453 3104 dietum
466 3045 591 3121 cupiens
604 3044 760 3104 temeritas
772 3043 829 3120 fittt
844 3043 1060 3120 coruproboclt.
1086 3040 1281 3118 Accipiet104

246 3137 285 3188 ,te
301 3143 335 3186 se
348 3127 471 3186 choreus
488 3137 517 3187 et
532 3127 741 3205 pyrrhichium:
767 3125 877 3189 Omnes
892 3145 991 3204 propo
1005 3129 1088 3188 cloes
1100 3126 1222 3196 vinulo,

246 3213 336 3286 orio,
357 3213 505 3290 dipnilole
522 3211 698 3291 superabat,
743 3207 849 3270 Gludet
868 3221 899 3270 et
913 3209 1063 3283 dactylus,
1085 3208 1139 3265 nisi
1157 3223 1224 3264 eum

246 3297 388 3355 *servatio
401 3295 516 3355 ultimae
530 3297 668 3356 creticrrm
683 3295 768 3355 iacit:
783 3291 968 3356 Mulierculae
978 3295 1071 3353 utens
1080 3293 1113 3351 ln
1124 3291 1222 3352 litore.

246 3378 344 3441 rbehit
355 3389 421 3439 ante
432 3379 506 3439 bene
519 3381 658 3440 creticum
670 3388 699 3438 et
711 3377 849 3454 iambum,
862 3376 1022 3456 spondeum
1032 3375 1126 3449 male,
1139 3374 1222 3453 peius

246 3482 369 3526 acreum.
387 3462 483 3524 Cludit
494 3462 730 3544 aruphibrachys:
745 3460 780 3535 Q.
790 3457 1279 3540 ilperiumindsrleosuiese,105

265 3565 327 3607 non
342 3565 407 3607 eum
423 3548 560 3607 malumus
587 3565 655 3607 esse
678 3546 839 3606 bacchium.
881 3544 946 3604 Non
965 3545 1089 3621 optimus
1105 3552 1150 3602 cst
1165 3551 1222 3601 tro·

246 3649 346 3707 naeus,
365 3633 391 3691 si
404 3632 463 3692 ulla
478 3640 523 3691 est
536 3631 634 3691 ultima
648 3631 761 3698 brevis;
785 3629 862 3708 qnod
879 3637 959 3688 certe
976 3630 1012 3687 sit
1026 3645 1152 3687 necesse
1168 3633 1223 3699 est,

246 3716 329 3793 ioqui
349 3716 493 3794 quomodo
518 3714 648 3792 claudet,
673 3715 720 3794 qui
742 3713 839 3792 placet
854 3712 1018 3792 plerisque,
1044 3704 1221 3772 dichoreus?
