3184 4409
520 471 773 522 memorandos.
789 469 1057 540 rammasse.
1229 459 1288 521 193

299 639 348 692 ant
368 623 579 705 inveniendum,
602 628 679 707 quod
701 645 805 688 causae
826 636 929 705 postea
951 631 1118 688 accesserit.
1162 627 1318 703 Quorumt

298 716 324 774 si
344 712 415 773 nihil
438 716 508 773 erit:
530 713 599 772 licet
620 723 713 772 tamen
729 712 827 771 dicere
847 711 950 771 multos
967 713 1135 773 iudiciorum
1151 732 1234 774 casus
1253 715 1288 774 ad

297 800 396 876 inique
422 793 661 876 pronuntiandum
687 794 786 855 valere
815 795 939 873 ideoque
964 796 1122 856 damnatum
1143 796 1287 875 Rutilium,

298 881 450 942 absolutos
473 878 603 941 Clodium
623 889 709 956 atque
727 877 885 938 Catilinam.
921 878 1052 956 Rogandi
1068 882 1152 940 etiam
1167 883 1287 958 iudices,

297 975 329 1025 ut
356 983 417 1024 rem
444 967 540 1043 potius
567 966 728 1024 intueantur
748 965 855 1040 ipsam,
883 981 966 1040 quam
992 965 1164 1025 iuriiurando
1193 967 1288 1026 alieno

298 1067 380 1109 sunm
401 1049 516 1108 donent.
559 1048 708 1108 Adversus
725 1047 855 1106 consulta
878 1055 970 1106 autem
984 1056 1100 1106 senatus
1120 1058 1149 1107 ct
1170 1050 1315 1114 decreta5

297 1133 458 1211 principum
478 1132 527 1191 vel
549 1134 762 1208 magistratuum
782 1130 939 1190 remedium
960 1130 1065 1190 nullum
1088 1142 1147 1207 est,
1167 1135 1221 1191 nisi
1241 1142 1289 1193 ant

296 1218 413 1276 inventa
432 1215 679 1294 quantulacunque
696 1231 801 1274 causae
817 1213 975 1273 differentia
992 1223 1039 1274 aut
1058 1215 1152 1293 aliqua
1167 1216 1215 1276 vel
1238 1234 1288 1277 eo·

296 1299 417 1360 rundem
442 1299 491 1359 vel
522 1299 650 1358 eiusdem
678 1300 830 1376 potestatis
852 1298 994 1371 hominum
1015 1302 1160 1376 posterior
1182 1303 1287 1360 consti·

296 1385 380 1460 tutio,
399 1401 472 1462 quae
487 1385 525 1443 sit
539 1384 628 1462 priori
644 1384 801 1450 contraria;
820 1399 894 1460 quae
913 1383 938 1440 si
952 1381 1082 1458 deerunt,
1098 1384 1133 1442 lis
1151 1401 1208 1443 non
1223 1386 1286 1444 erit.

576 1549 620 1599 DE
639 1549 729 1598 FAMA
744 1547 852 1607 nTQtttt
870 1549 1012 1600 RUMORE.

380 1643 430 1705 lll.
462 1644 602 1706 Famam
624 1656 710 1723 atque
730 1663 896 1705 rumores
919 1664 986 1725 pars
1002 1647 1092 1707 altera
1116 1666 1287 1709 consensum

297 1729 420 1790 civitatis
437 1739 466 1789 et
482 1729 562 1790 velut
577 1729 721 1809 publicum
741 1732 934 1789 testimonium
948 1741 1049 1808 vocat,
1072 1732 1162 1792 altera
1178 1751 1287 1793 sermo-

295 1832 367 1882 nem
377 1815 439 1872 sine
455 1814 517 1873 ullo
530 1823 611 1873 certo
623 1823 740 1873 auctore
754 1814 924 1892 dispersum,
944 1817 989 1874 cui
1004 1816 1165 1893 malignitas
1180 1817 1287 1877 initium

295 1898 423 1973 dederit,
446 1899 650 1957 lucrementum
666 1897 836 1966 credulitas;
858 1897 934 1974 quod
947 1898 1017 1957 nulli
1032 1916 1088 1957 non
1106 1902 1189 1960 etiam
1206 1902 1286 1961 inuo-

295 1983 462 2042 centissimo
475 1983 567 2060 possit
578 1981 711 2041 accidere
723 1981 1007 2041 irandeiuimicornm
1020 1981 1093 2042 lalsa
1100 1984 1284 2060 vulgantium.

293 2065 437 2146 Exempla
452 2068 583 2143 utrinque
603 2082 660 2125 non
675 2065 804 2125 deerunt.

662 2233 704 2282 DE
721 2231 917 2283 Tonntnrtrts

378 2330 428 2390 lV.
460 2331 540 2391 Sicut
560 2332 588 2390 in
609 2331 803 2390 tormentis
829 2347 961 2411 quoque,
990 2333 1037 2410 qui
1058 2341 1102 2390 est
1122 2332 1205 2391 locus
1227 2332 1284 2392 ire·

293 2415 515 2495 quentissimus,
538 2431 601 2473 cum
622 2433 689 2494 pars
708 2414 799 2474 altera
816 2417 1013 2496 quaestionem
1031 2434 1100 2475 vera
1114 2416 1221 2476 latendi
1235 2434 1284 2475 ne-

293 2499 462 2559 cessitatem
475 2508 573 2575 vocet,
596 2499 686 2559 altera
707 2517 797 2577 saepe
825 2500 908 2558 etiam
931 2517 1046 2559 causam
1065 2499 1139 2559 falsa
1161 2500 1284 2576 dicendi,

294 2581 373 2659 quod
396 2581 460 2641 aliis
483 2585 619 2661 patientia
641 2583 727 2643 facile
749 2583 1033 2643 mendaciumlaciat
1054 2583 1117 2643 aliis
1137 2585 1285 2644 infirmitas

293 2667 501 2726 necessarium.
531 2665 606 2741 Quid
622 2669 722 2727 attinet
737 2667 772 2727 de
786 2666 831 2726 luis
846 2664 949 2744 plural
978 2668 1084 2729 Plenae
1100 2677 1164 2728 sunt
1180 2671 1284 2729 oratio·

294 2767 347 2809 nes
368 2759 499 2809 veterum
521 2767 556 2810 ac
577 2767 724 2810 novorum.
776 2749 923 2825 Quaedam
952 2761 1046 2811 tamen
1075 2754 1103 2814 in
1125 2752 1179 2813 liae
1201 2761 1311 2832 pentat

295 2843 379 2893 erunt
389 2837 506 2912 propria
519 2836 656 2913 cuiusque
668 2835 735 2894 litis.
765 2834 835 2895 Nam
848 2837 911 2894 sive
923 2835 958 2895 de
970 2834 1099 2896 habenda
1117 2839 1285 2914 quaestione

294 2925 412 2994 agetur:
434 2917 585 2997 plurimum
597 2921 735 2994 intererit,
755 2921 818 2998 quis
834 2928 863 2979 et
879 2937 962 2998 quem
977 2919 1106 2999 postulet
1124 2927 1172 2980 aut
1182 2921 1286 2981 oderat

295 3010 325 3060 et
348 3002 375 3060 in
397 3020 481 3079 quem
503 3011 532 3061 et
554 3021 591 3061 ex
612 3020 667 3080 qua
688 3021 789 3070 cansa:
815 3004 877 3062 sive
897 3005 951 3063 lam
975 3006 1029 3064 erit
1047 3005 1156 3069 habita:
1178 3007 1241 3084 quis
1258 3006 1288 3063 ei

295 3085 464 3163 praefuerit,
484 3087 546 3163 quis
562 3096 591 3146 et
607 3087 750 3165 quomodo
766 3089 803 3146 sit
818 3097 920 3163 tortus,
935 3088 1112 3148 incredibilia
1129 3089 1233 3148 dixerit
1249 3105 1285 3146 an
1305 3111 1308 3115 ·

294 3171 370 3227 inter
383 3187 416 3228 se
436 3172 610 3246 constantia,
627 3173 861 3249 perseveraverit
875 3172 903 3231 in
919 3187 972 3247 eo,
988 3171 1065 3256 quod
1080 3180 1232 3249 coeperat,
1249 3189 1283 3232 an

292 3252 402 3330 aliquid
417 3253 519 3312 dolore
534 3255 657 3330 mutarit,
675 3255 765 3333 prima
776 3264 858 3333 parte
875 3257 1050 3333 quaestionis
1061 3273 1096 3314 an
1107 3258 1284 3335 procedente

294 3337 434 3395 cruciatu.
471 3336 552 3410 Quae
568 3340 700 3416 utrinque
716 3347 772 3399 tam
794 3338 900 3398 infinita
925 3348 990 3400 suut
1011 3356 1095 3418 quarn
1109 3342 1172 3419 ipsa
1188 3358 1284 3404 rerum

291 3421 430 3481 varietas.

685 3536 726 3586 ott
746 3537 895 3590 TABULIS.

376 3628 412 3687 V.
445 3627 551 3690 Contra
570 3630 712 3690 tabulas
731 3650 846 3710 quoque
862 3651 952 3711 saepe
968 3633 1117 3694 dicendum
1133 3642 1195 3710 est,
1220 3651 1283 3695 oum

293 3729 344 3773 eas
362 3729 420 3772 non
435 3713 528 3773 solum
548 3715 645 3775 relelli
665 3716 821 3788 sedetiam
841 3719 972 3778 accusari
994 3719 1116 3782 sciamus
1138 3737 1205 3778 esse
1226 3719 1283 3778 usi·

335 3818 364 3855 u.
379 3817 402 3854 r.
419 3816 532 3864 ournrn.
1097 3800 1141 3866 ᾖ
