3184 4409
563 715 564 719 ¹
603 656 887 774 nruuuxu.

246 842 322 892 bibro
342 840 492 907 duodecimo
510 838 574 890 haec
592 842 762 891 continentur:
788 839 958 892 Prooemium.
973 888 975 896 ,
992 837 1048 888 Non
1068 853 1145 902 posse
1163 849 1246 890 orato-

276 926 333 960 rem
351 924 407 959 esse
426 910 476 958 uisi
491 909 575 958 virum
593 910 696 961 bonum.
730 910 913 976 Cognoscenda
931 908 1032 963 oratori,
1051 908 1142 969 quibus
1161 923 1245 959 mores

278 979 430 1029 formantur.
464 978 639 1028 Necessarium
657 979 721 1028 iuris
734 979 818 1029 civilis
836 977 929 1027 oratori
946 977 1087 1026 scientiam.
1124 978 1186 1025 Item
1205 978 1245 1026 hi-

278 1048 423 1097 storiarum.
461 1046 530 1105 Quae
548 1048 597 1096 sint
613 1049 674 1098 artis
695 1049 819 1100 oratoriae
837 1047 1026 1097 iustrumenta
1047 1044 1119 1102 Quod
1132 1047 1164 1094 sit
1182 1046 1245 1094 inci-

278 1116 367 1182 piendi
386 1130 475 1165 causas
493 1130 570 1180 agere
586 1124 697 1182 tempus.
735 1116 804 1175 Quae
818 1117 844 1165 in
862 1115 1031 1179 suscipiendis
1050 1116 1133 1163 causis
1152 1117 1245 1165 oratori

280 1185 437 1234 observanda
454 1186 513 1236 siut.
542 1183 611 1241 Quae
628 1187 655 1235 in
674 1186 811 1238 discendis.
835 1183 904 1241 Quae
917 1185 943 1233 in
961 1182 1078 1249 agendis.
1104 1182 1141 1232 De
1151 1197 1244 1248 genere

280 1254 392 1306 dicendi.
431 1252 500 1310 Quae
517 1262 576 1318 post
592 1253 668 1304 finem
686 1255 781 1308 studia.

643 1390 842 1442 PROOEMIUM.

246 1497 372 1578 Ventum
392 1524 437 1575 est
458 1515 494 1575 ad
515 1503 626 1594 partem
650 1517 749 1595 operis
771 1515 904 1582 destituti
926 1515 1014 1593 louge
1035 1506 1244 1592 gravissimam.

246 1599 337 1660 Cuius
354 1599 487 1678 equidem
506 1616 578 1659 onus
594 1602 619 1660 si
639 1609 746 1661 tantum
762 1601 898 1681 opinione
913 1601 1004 1678 prima
1021 1600 1177 1676 concipere
1192 1615 1246 1678 po·

245 1683 385 1758 missam,
402 1692 507 1761 quanto
523 1703 568 1743 me
585 1687 677 1762 premi
692 1684 790 1744 larena
806 1687 916 1744 sentio:
932 1685 1069 1744 maturius
1086 1683 1247 1742 consuluis-

246 1785 312 1828 sem
328 1767 406 1826 vires
421 1785 510 1826 meas.
544 1768 602 1828 Sed
617 1769 697 1828 initio
718 1767 812 1846 pudor
827 1767 991 1842 omittendi,
1015 1784 1089 1844 quae
1104 1768 1246 1844 promise·

245 1870 319 1926 ram,
336 1853 439 1919 tenuia
458 1868 535 1926 mox,
553 1869 714 1930 quanquam
728 1869 782 1930 per
796 1851 925 1930 singulas
940 1868 1034 1930 prope
1049 1859 1147 1929 partes
1164 1850 1247 1910 labor

245 1944 415 2011 cresceret,
432 1953 468 1994 ne
485 1935 655 2013 perderem,
674 1953 748 2013 quae
763 1937 818 1995 iam
836 1936 940 1995 allecta
959 1944 1055 2010 eraut,
1073 1953 1127 2012 per
1145 1951 1245 1993 omues

245 2019 434 2081 difficultates
452 2021 544 2079 animo
561 2039 605 2079 me
622 2020 790 2079 sustentari.
827 2020 923 2093 Quare
938 2036 1013 2077 nuuc
1028 2035 1162 2096 quoque,
1179 2017 1274 2080 licett

246 2105 341 2163 maior
356 2121 440 2180 quam
455 2121 577 2181 unquam
594 2103 686 2162 moles
702 2110 830 2182 premat,
846 2112 941 2162 tamen
956 2103 1145 2182 prospicienti
1160 2101 1247 2161 linem

246 2187 317 2246 mihi
346 2188 529 2246 coustitutum
553 2187 666 2247 astrol
689 2187 817 2247 deficere
842 2188 938 2265 potius
966 2203 1049 2264 quam
1075 2185 1245 2263 desperare.

247 2270 368 2331 Feiellit
383 2280 492 2345 autem,
509 2271 585 2349 quod
600 2273 708 2330 initium
725 2289 741 2331 a
756 2273 853 2349 parvis
870 2287 1050 2349 ceperamus.
1080 2268 1151 2328 Mox
1167 2269 1247 2328 velut

248 2372 320 2414 aura
342 2354 516 2414 sollicitante
539 2357 672 2433 provecti
695 2355 825 2432 longius,
852 2354 917 2414 dum
941 2363 1035 2415 tamen
1057 2363 1123 2413 uota
1143 2352 1193 2413 illa
1218 2362 1248 2412 et

247 2439 400 2518 plerisque
422 2440 522 2497 artium
542 2438 732 2516 scriptoribus
754 2448 874 2501 tractata
896 2439 1105 2517 praecipimus,
1127 2455 1182 2496 nec
1198 2436 1247 2496 ad·

247 2524 307 2584 huc
321 2541 337 2581 a
349 2522 433 2581 litore
447 2521 549 2600 procul
564 2522 733 2583 videbamur
748 2531 777 2583 et
788 2523 894 2582 multos
912 2524 990 2583 circa
1004 2521 1085 2582 velut
1100 2521 1200 2580 iisdem
1212 2539 1245 2580 se

247 2608 345 2666 ventis
362 2606 485 2665 credere
500 2623 586 2666 ausos
604 2607 790 2667 habebamus.
823 2606 881 2666 lam
903 2624 966 2666 cum
987 2606 1143 2684 eloquendi
1159 2607 1275 2668 ratio-3

248 2709 315 2751 uem
335 2690 491 2750 novissime
514 2701 659 2769 repertam
676 2691 915 2769 paucissimisque
937 2699 1102 2769 temptatam
1122 2691 1247 2767 ingressi

250 2793 364 2834 sumus:
389 2792 488 2852 rarus,
512 2777 559 2852 qui
575 2784 632 2835 tam
646 2775 749 2855 procul
767 2792 783 2835 a
799 2783 883 2854 portu
899 2775 1090 2849 recessisset,
1117 2775 1247 2852 reperie-

249 2859 344 2917 batur.
372 2859 526 2937 Postquam
540 2877 612 2919 vero
628 2860 712 2919 uobis
726 2859 787 2936 ille,
806 2877 889 2936 quem
904 2859 1132 2933 instituebamus,
1149 2865 1248 2920 orator

250 2961 267 3001 a
289 2940 401 3002 dicendi
421 2946 564 3020 magistris
587 2944 720 3004 dimissus
739 2953 787 3004 aut
802 2960 855 3002 suo
875 2944 930 3003 iam
945 2944 1051 3022 impetu
1069 2944 1175 3015 lertur,
1199 2948 1248 2997 aut

250 3025 359 3084 maiora
383 3027 436 3086 sibi
462 3028 566 3088 auxilia
590 3046 628 3088 ex
653 3028 724 3106 ipsis
749 3029 909 3106 sapientiae
935 3025 1133 3105 penetralibus
1158 3023 1246 3103 petit:

251 3125 336 3186 quam
353 3110 382 3167 in
398 3111 484 3170 altum
498 3112 585 3172 simus
602 3112 701 3188 ablati,
717 3114 826 3171 sentire
845 3113 1003 3189 coepimus.
1034 3108 1117 3168 Nunc
1134 3108 1277 3175 coclnmc

250 3193 386 3269 undiquc
407 3203 435 3254 et
457 3197 592 3275 undiquc
611 3205 732 3275 pontus.
766 3194 859 3256 Unum
881 3194 967 3254 modo
990 3195 1019 3252 iu
1040 3193 1089 3252 illa
1111 3193 1247 3251 immensa

250 3277 384 3335 vastitate
402 3293 523 3338 cernere
537 3280 666 3340 videmur
679 3278 717 3340 Μ.
735 3276 870 3354 Tullium,
888 3279 935 3356 qui
952 3287 1046 3337 tamen
1060 3279 1134 3354 ipse,
1150 3293 1246 3354 quam·

250 3363 295 3419 vis
308 3366 385 3419 tauta
398 3370 483 3438 atque
498 3363 536 3422 ita
551 3366 689 3424 instructa
704 3380 778 3424 nave
794 3362 851 3422 boc
864 3380 942 3421 mare
958 3363 1117 3437 ingressus,
1135 3368 1246 3419 contra-

251 3445 292 3504 hit
306 3443 372 3503 vela
387 3443 553 3523 inhibetque
570 3465 667 3507 remos
683 3457 712 3508 ct
730 3447 767 3508 de
784 3448 849 3525 ipso
868 3447 980 3506 demum
995 3463 1105 3521 genere
1121 3445 1246 3515 dicendi,

252 3545 309 3606 quo
327 3528 364 3585 sit
381 3545 484 3587 usurus
503 3529 653 3607 perfectus
669 3540 784 3607 orator,
808 3531 878 3589 satis
895 3529 984 3588 babet
1000 3529 1109 3589 dicere.
1140 3528 1179 3587 At
1195 3545 1246 3584 no-

252 3623 309 3674 stra
330 3613 476 3672 temeritas
499 3614 585 3675 etiam
606 3633 703 3677 mores
729 3617 756 3676 ei
774 3613 925 3676 conabitur
947 3613 1015 3674 darc
1040 3621 1069 3673 et
1090 3609 1248 3690 assignabit
