3184 4409
578 490 1008 565 11111.01111011.1111.1ν,1.
1229 487 1287 548 165

295 652 359 713 reus
371 660 430 727 est,
443 650 590 710 confessio
603 650 795 711 verecundior
804 669 887 729 quarn
899 655 1058 730 expositio:
1070 652 1291 732 Ncaucpamus

295 739 332 798 dc
342 737 456 815 templo
466 736 713 813 pecuniamcssc
723 736 885 810 sublatam,
904 738 1109 800 calumniatur
1119 747 1218 798 tamea
1235 757 1290 799 ac-

296 819 800 896 cuaatcracticocsacrilcpii,cum
809 820 1292 897 plicatafucritncusacrascca

295 900 395 964 mem
410 904 452 963 dc
466 903 523 963 boc
538 904 735 978 copaoscctis,
752 920 794 963 au
807 904 1003 980 sacrilcqium
1016 904 1057 964 sit
1070 905 1248 964 admissum.

377 985 439 1046 Sed
454 992 485 1043 ut
500 984 553 1043 has
571 984 723 1062 aliquando
739 1001 796 1043 non
813 986 945 1044 narrandi
962 1003 1065 1045 causas
1083 997 1169 1065 puto:
1192 989 1236 1046 sic
1254 987 1315 1051 ab9

295 1069 350 1129 illis
376 1069 538 1143 dissentio,
562 1068 689 1144 quinon
715 1069 879 1145 existimant
902 1087 969 1128 esse
990 1071 1201 1145 narrationem,
1226 1089 1290 1130 cum

294 1170 359 1213 reus
379 1152 461 1231 quod
481 1150 616 1211 obiicitur
632 1160 738 1211 tautum
760 1161 861 1228 uagam
884 1153 986 1230 inqua
1007 1161 1052 1212 est
1067 1155 1201 1231 opinione
1218 1152 1289 1213 Cor·

293 1236 385 1296 aelius
404 1232 528 1310 Celsus,
554 1235 601 1313 qui
620 1236 797 1295 condicionis
821 1235 904 1294 huius
920 1253 987 1294 esse
1009 1236 1161 1295 arbitratur
1177 1236 1289 1315 pleras—

294 1338 348 1398 que
365 1319 467 1379 caedis
485 1335 587 1377 causas
605 1326 633 1376 et
651 1335 750 1377 omnes
767 1318 888 1377 ambitus
907 1337 941 1379 ac
956 1321 1187 1398 repetundarum.
1224 1320 1289 1380 Nou
1298 1331 1332 1382 10

294 1405 366 1463 enim
387 1410 472 1480 putat
495 1418 562 1459 esse
583 1403 791 1478 narrationem,
811 1403 870 1477 nisi
896 1421 970 1480 quae
994 1421 1129 1462 summam
1153 1405 1288 1482 criminis,

293 1486 328 1547 de
344 1502 407 1565 quo
423 1485 557 1544 iudicium
574 1493 634 1561 est,
658 1487 801 1560 continet,
818 1486 922 1545 deinde
937 1486 1043 1545 latetur
1057 1489 1138 1565 ipse,
1163 1504 1216 1566 pro
1233 1487 1289 1547 Ra-

292 1568 365 1630 birio
388 1568 526 1628 Postumo
551 1586 685 1628 narrasse
711 1568 899 1638 Ciceronem
927 1579 1013 1648 atque
1040 1571 1091 1629 ille
1119 1579 1148 1630 et
1173 1573 1290 1647 negavit

293 1653 466 1732 pervenisse
488 1653 524 1712 ad
538 1651 684 1711 Rabirium
701 1654 866 1731 pecuniam,
890 1654 1002 1730 quade
1025 1672 1056 1713 re
1078 1663 1140 1714 erat
1156 1656 1288 1733 quaestio
1312 1701 1315 1706 .

294 1738 467 1810 constituta,
488 1744 517 1795 et
539 1736 567 1793 in
588 1735 643 1794 bac
664 1738 828 1796 narratione
850 1735 920 1795 nihil
943 1736 979 1796 de
1004 1739 1121 1797 crimine
1142 1740 1287 1817 exposuit.

292 1818 357 1896 Ego
379 1827 477 1878 autem
498 1836 618 1895 magnos
634 1820 742 1898 alioqui
765 1827 883 1879 secutus
903 1829 1055 1896 auctores,
1079 1822 1149 1881 duas
1174 1840 1242 1880 esse
1263 1823 1328 1887 inlr

293 1903 408 1964 iudiciis
423 1903 617 1961 narrationum
634 1905 750 1981 species
768 1905 917 1978 existimo,
941 1903 1059 1963 alteram
1075 1906 1165 1983 ipsius
1182 1923 1288 1965 causae

294 1987 417 2047 alteram
436 2004 532 2045 rerum
554 1987 589 2046 ad
608 2004 722 2046 causam
743 1988 954 2065 pertinentium.
966 1990 1189 2065 expositionem.
1222 1987 1288 2048 Noa
1298 2000 1331 2052 12

292 2071 396 2132 occidi
415 2069 577 2145 boruiucm,
596 2069 673 2129 nulla
690 2071 816 2129 narratio
835 2078 893 2137 est;
917 2073 1066 2137 convenit;
1089 2071 1141 2129 sed
1162 2067 1216 2130 erit
1238 2071 1288 2130 all·

294 2171 351 2233 qua
373 2161 405 2211 et
425 2153 538 2212 interim
560 2154 644 2213 etiam
667 2154 754 2229 longa
776 2162 876 2212 contra
898 2156 1142 2229 argumentosius
1164 2155 1289 2213 criminis

294 2237 331 2297 de
350 2245 488 2296 anteacta
502 2239 576 2311 vita,
599 2238 635 2296 de
658 2238 768 2312 causis,
790 2244 912 2314 propter
927 2254 998 2314 quas
1014 2237 1153 2296 innocens
1169 2239 1197 2295 in
1213 2239 1288 2315 peri·

295 2321 391 2380 culum
409 2319 581 2395 deducatur,
599 2320 676 2395 aliis,
694 2320 795 2398 quibus
812 2319 980 2379 incredibile
995 2320 1033 2397 id,
1050 2321 1128 2400 quod
1143 2320 1287 2397 obiicitur,

295 2403 351 2464 iat.
381 2401 489 2480 Neque
503 2405 576 2462 eninr
592 2413 746 2463 accusator
760 2412 867 2462 tantum
881 2403 938 2462 hoc
956 2404 1034 2478 dicit,
1050 2405 1205 2472 occidisti;
1224 2404 1330 2479 sed,13

294 2487 401 2566 quibus
421 2485 451 2545 id
471 2487 592 2564 probet,
621 2496 726 2546 narrat.
768 2486 806 2546 Ut
831 2488 859 2546 in
886 2488 1060 2563 tragoediis,
1090 2506 1153 2547 cum
1174 2487 1289 2547 Teucer

294 2568 402 2631 Ulixen
423 2587 504 2629 reum
526 2571 595 2630 iacit
612 2571 710 2630 Aiacis
734 2571 824 2630 occisi
844 2571 958 2630 dicens:
987 2570 1145 2633 ducentum
1169 2590 1237 2632 cum
1256 2573 1289 2632 in

246 2676 248 2727 ;
295 2655 458 2717 solitudim
471 2657 558 2715 lucta
570 2657 709 2715 exanima
721 2673 835 2734 corpus
848 2657 964 2715 inimici
979 2675 1046 2716 carm
1058 2656 1164 2734 clodio
1178 2675 1288 2716 crucu-

297 2746 335 2801 lo:
361 2753 425 2797 nou
441 2737 469 2796 id
483 2738 568 2797 modo
585 2738 686 2797 Ulixes
702 2739 875 2817 respondet,
897 2756 953 2797 non
970 2757 1036 2798 esse
1053 2757 1068 2798 a
1086 2757 1118 2797 se
1134 2740 1162 2799 id
1177 2737 1287 2798 facinus

294 2821 466 2894 admissum,
489 2820 540 2880 ded
562 2822 616 2881 sibi
639 2820 731 2880 nullas
754 2822 925 2882 camiliaco
945 2822 1228 2898 inimicitiasfuisse,
1251 2823 1288 2881 de

295 2904 378 2966 laude
403 2905 480 2963 iuter
504 2906 584 2983 ipsos
606 2913 761 2974 certatum;
787 2906 891 2965 deinde
912 2905 1071 2982 subiungit,
1095 2906 1240 2984 quomodo
1259 2907 1288 2963 in

271 3006 275 3013 ·
294 3006 352 3049 eam
369 2988 558 3048 solitudinem
572 2991 694 3064 venerit,
711 2991 852 3048 iacentem
867 2991 1025 3048 exanimem
1040 2991 1077 3048 sit
1092 2990 1287 3067 conspicatus,

292 3072 421 3149 gladium
443 3072 594 3132 evaluere
617 3074 783 3132 extraxerit.
821 3071 871 3130 His
894 3073 1054 3132 subtexitur
1068 3074 1286 3149 argumentatio.

293 3156 347 3216 Sed
364 3173 405 3215 ne
422 3155 492 3214 illud
509 3156 622 3235 quidem
638 3158 699 3215 sine
716 3157 880 3216 narratione
896 3165 957 3232 est,
975 3157 1088 3216 dicente
1105 3164 1287 3230 accusatore,
1297 3163 1330 3219 14

290 3238 390 3302 dirimi
408 3240 444 3299 ia
458 3258 492 3300 co
512 3244 594 3315 loco,
613 3243 645 3301 iu
666 3256 724 3318 quo
743 3249 813 3301 tuus
832 3242 973 3301 iuimicus
993 3242 1113 3301 occisus
1133 3247 1193 3300 cst:
1219 3238 1288 3300 Nun

289 3324 356 3402 bri,-
389 3322 542 3384 dicendum
570 3326 662 3399 euim,
690 3324 738 3383 ubi
760 3323 857 3383 fuerit.
907 3322 1003 3396 Quare
1026 3322 1145 3381 ambitus
1170 3340 1286 3403 quoque

291 3408 449 3467 causaest
469 3408 691 3486 repetundarum
706 3407 763 3466 hoc
785 3409 871 3467 etiam
894 3405 992 3485 plures
1014 3404 1173 3466 huiusmodi
1190 3424 1287 3467 narra·

290 3493 389 3550 tiones
412 3489 523 3550 babere
545 3500 696 3570 poterunt,
719 3508 776 3570 quo
797 3491 880 3570 plura
901 3492 1031 3557 crimina;
1056 3489 1204 3568 inquibus
1224 3492 1287 3569 ipsa

291 3576 410 3652 quidem
427 3573 558 3650 neganda
580 3583 661 3650 sunt,
684 3576 736 3635 sed
754 3575 928 3651 argumentis
945 3575 1127 3651 expositione
1145 3575 1288 3633 contraria

291 3657 487 3719 resistendum
500 3667 529 3718 et
543 3659 684 3718 interdum
698 3659 820 3734 singulis
835 3657 974 3716 interdum
989 3658 1140 3717 universis.
1163 3657 1210 3716 An
1219 3663 1329 3716 nausia

292 3742 417 3802 ambitus
434 3740 510 3801 male
531 3741 672 3819 narrabit,
692 3758 766 3820 quos
782 3748 919 3820 parentes
935 3739 1082 3817 babuerit,
1104 3741 1286 3820 quemadmo-
