3184 4409
577 401 667 449 mss.
682 398 831 449 oannem
844 402 913 450 oro.
923 377 1007 466 v1,'1.
1229 391 1291 454 257

292 553 359 619 Nota
372 555 550 618 mehercule
563 556 687 634 quedem
702 556 867 635 faciebam,
882 557 940 619 sed
953 559 999 619 sie
1015 559 1173 636 scripsisti.
1190 555 1292 622 Eece!
1339 522 1342 535 Ι

293 650 320 701 et
335 658 423 719 quarn
438 641 531 718 potuit
546 640 787 699 truculentissime
801 659 864 700 eum
880 643 1003 718 aspexit.
1047 641 1122 702 lllud
1135 646 1333 721 praecipueat

293 723 482 799 monendum,
499 741 534 782 ne
551 725 614 801 quis
629 726 684 782 nisi
704 726 818 783 summis
834 727 941 800 ingenii
960 725 1068 783 viribus
1084 726 1120 785 ad
1134 728 1290 788 movendas
1310 736 1314 751 ·'

293 808 428 869 lacrimas
444 807 564 884 aggredi
585 808 703 875 audeat;
718 826 781 868 nam
798 817 829 867 ut
850 818 895 867 est
914 809 1002 884 louge
1022 810 1289 870 vehementissimus

294 892 361 967 hie,
385 909 450 951 oum
467 891 601 966 invaluit,
619 891 757 950 allectus:
774 894 828 967 ita,
840 895 865 951 si
882 892 951 951 nihil
967 892 1071 968 efficit,
1088 902 1183 970 tepet;
1206 912 1290 971 quem

292 975 397 1035 melius
409 973 535 1033 infirmus
548 983 629 1034 actor
638 976 731 1035 tacitis
744 975 867 1035 iudicum
880 976 1100 1052 cogitationibus
1112 977 1287 1053 reliquisset.

292 1058 365 1119 Nam
383 1066 413 1132 et
432 1059 528 1117 vultus
552 1067 580 1117 et
594 1075 653 1118 vox
669 1068 697 1117 et
712 1061 774 1136 ipsa
792 1059 841 1118 illa
865 1062 981 1118 excitati
1002 1061 1045 1119 rei
1061 1061 1151 1119 iacies
1167 1059 1332 1127 ludibri045

293 1145 381 1202 etiam
406 1142 577 1220 plerumque
599 1151 668 1202 ¹sunt
692 1141 869 1217 hominibus,
895 1160 968 1221 quos
994 1160 1051 1202 non
1075 1153 1288 1220 permoverunt.

294 1225 396 1299 Quare
415 1227 548 1284 metiatur
567 1243 602 1285 ao
624 1226 779 1301 diligenter
799 1229 930 1286 aestimet
954 1228 1032 1285 vires
1058 1245 1125 1285 suas
1146 1236 1228 1286 actor
1249 1237 1289 1304 et,

292 1318 431 1388 quantum
451 1326 524 1368 onus
545 1310 689 1369 subiturus
711 1312 763 1384 sit,
784 1311 941 1386 intelligat;
962 1311 1031 1370 nihil
1053 1309 1140 1370 habet
1161 1313 1215 1370 ista
1241 1329 1290 1369 res

292 1393 419 1453 medium
440 1394 493 1453 sed
507 1401 557 1459 ,aut
576 1393 708 1452 lacrimas
723 1403 851 1453 meretur
865 1403 913 1452 aut
929 1396 1026 1452 risum.

379 1475 445 1536 Non
469 1485 564 1536 autem
591 1494 774 1536 commovere
800 1485 905 1536 tantum
937 1480 1211 1537 miserationem
1239 1478 1332 1548 sed46

295 1561 383 1621 etiam
393 1560 582 1620 discutere
596 1562 705 1638 epilogi
716 1571 761 1620 est
772 1564 918 1640 proprium
931 1580 993 1620 eum
1005 1564 1134 1621 oratione
1147 1563 1289 1637 continua,

295 1661 373 1722 quae
392 1653 486 1703 motos
508 1644 632 1703 lacrimis
651 1645 761 1703 iudices
777 1646 812 1705 ad
832 1647 966 1704 iustitiam
986 1647 1105 1704 redueat
1127 1655 1185 1705 tum
1206 1647 1290 1705 etiam

295 1727 464 1806 quibusdam
478 1727 587 1786 urbane
603 1728 705 1802 diotis,
723 1729 809 1806 quale
827 1739 872 1789 est
889 1728 970 1789 Dete
989 1747 1230 1810 praeceperam,
1252 1748 1291 1789 ne

292 1813 413 1891 ploret·
430 1821 459 1870 et
472 1812 642 1890 corpulento
659 1813 812 1888 litigatori,
826 1815 906 1872 cuius
917 1814 1115 1888 adversarius,
1128 1815 1196 1871 item
1207 1831 1289 1890 puer,
1297 1827 1330 1883 47

296 1898 376 1955 eirca
390 1895 499 1955 iudices
516 1905 577 1954 erat
594 1895 629 1955 ab
646 1896 786 1956 advocato
804 1897 892 1955 latus:
925 1895 1007 1968 Quid
1021 1898 1160 1976 faciam?
1181 1915 1237 1975 ego
1262 1904 1291 1956 te

295 1980 437 2043 dolabro
450 1998 512 2040 een
524 1998 658 2056 possam.
703 1980 762 2039 Sed
776 1980 850 2039 haee
863 1990 957 2039 tamen
968 1997 1025 2038 non
1036 1980 1143 2038 debent
1159 1997 1225 2038 esse
1240 1980 1290 2037 mi·

295 2064 377 2123 mica.
422 2062 524 2142 ltaque
542 2081 596 2122 nee
613 2063 693 2122 illum
706 2064 905 2140 probaverim,
920 2082 1080 2141 quanquam
1096 2065 1171 2122 inter
1191 2063 1290 2122 elaris·

295 2149 383 2206 simos
405 2149 450 2205 sui
474 2147 613 2225 temporis
636 2156 767 2206 oratores
791 2147 860 2223 luit,
886 2150 950 2224 qui,
973 2149 1070 2225 pueris
1091 2148 1119 2205 in
1143 2147 1312 2224 epilogum.

246 2276 248 2293 .
294 2231 462 2309 productis,
477 2230 552 2289 talos
569 2232 638 2289 iecit
664 2232 693 2289 in
715 2231 853 2305 medium,
875 2248 948 2309 quos
969 2231 1011 2289 illi
1036 2231 1161 2308 diripere
1183 2245 1290 2305 coepe·

293 2323 371 2384 runt3
387 2331 510 2392 namque
525 2314 599 2374 haec
616 2316 678 2393 ipsa
694 2315 863 2374 discriminis
878 2316 921 2373 sui
936 2315 1096 2390 ignorantia
1115 2315 1208 2392 potuit
1222 2329 1289 2370 esse

293 2396 481 2465 miserabilis;
505 2416 599 2475 neque
620 2399 715 2473 illum,
736 2400 801 2476 qui,
827 2417 891 2457 cunr
915 2408 995 2457 esset
1020 2408 1154 2458 eruentus
1176 2397 1332 2474 gladiuslb

294 2482 328 2542 ab
342 2489 517 2542 accusatore
534 2482 680 2560 prolatus,
701 2501 758 2560 quo
778 2485 802 2541 is
827 2482 970 2541 hominem
989 2482 1131 2560 probabat
1149 2483 1289 2554 occisum,

294 2565 389 2626 subito
413 2583 451 2625 ex
471 2566 618 2625 subselliis
641 2575 671 2624 ut
692 2569 808 2626 territus
831 2567 918 2642 fugit,
948 2574 993 2641 et,
1025 2569 1121 2644 eapite
1147 2584 1184 2624 ex
1208 2573 1291 2642 parte

294 2650 409 2724 velato,
428 2651 539 2723 eumad
554 2650 694 2726 agendum
711 2669 747 2709 ex
762 2651 844 2710 turba
860 2652 1077 2729 prospexisset,
1090 2649 1288 2725 interrogavit,

294 2753 335 2794 are
348 2735 413 2794 iam
426 2734 477 2793 tlte
492 2753 561 2794 eum
577 2735 682 2810 gladio
703 2737 899 2796 recessisset?
937 2733 1019 2793 Fecit
1041 2735 1115 2792 enim
1131 2735 1218 2814 risum
1237 2731 1291 2789 sed

294 2816 433 2877 ridiculus
454 2816 515 2876 luit.
561 2817 764 2878 Discutiendae
788 2826 883 2877 tamen
906 2819 1036 2877 oratione
1061 2816 1201 2877 eiusmodi
1227 2821 1332 2876 sce-49

293 2918 364 2978 nae,
391 2902 569 2978 egregieque
601 2899 721 2977 Cicero,
751 2903 798 2979 qui
832 2898 931 2960 contra
961 2902 1114 2978 imaginem
1146 2898 1290 2963 Saturnini

246 3057 248 3067 Ι
293 3001 348 3063 pro
378 2984 497 3044 Rabirio
529 2986 657 3060 graviter
691 2995 719 3044 et
751 2995 850 3044 contra
882 2986 1030 3060 iuvenem,
1065 2986 1144 3043 cuius
1170 2981 1290 3040 subinde

246 3082 248 3151 ξ
293 3068 397 3129 vulnus
418 3069 447 3126 in
470 3068 574 3128 iudicio
590 3069 808 3146 resolvebatur,
830 3085 883 3148 pro
903 3068 1020 3128 Vareno
1048 3068 1135 3126 multa
1159 3066 1229 3127 dixit
1243 3082 1290 3123 ur·

246 3174 248 3185 ·
294 3151 378 3212 bane.

374 3236 446 3296 Sunt
476 3245 504 3296 et
528 3236 570 3296 illi
596 3237 723 3297 leniores
748 3236 870 3314 epilogi,
897 3236 999 3314 quibus
1021 3233 1189 3294 adversario
1209 3233 1333 3296 satis-50

295 3320 433 3395 facimus,
455 3322 479 3378 si
501 3321 577 3380 forte
600 3323 636 3381 sit
658 3325 719 3381 eins
735 3339 862 3398 persona
881 3315 964 3396 t‘alis,
985 3329 1016 3378 ut
1030 3319 1072 3378 illi
1090 3317 1229 3379 debeatur
1244 3336 1289 3378 re·

294 3405 442 3479 verentia,
461 3413 510 3463 aut
528 3423 591 3463 cum
609 3409 699 3465 amice
716 3406 823 3483 aliquid
839 3420 1051 3464 commonemus
1069 3411 1099 3461 et
1116 3402 1152 3462 ad
1168 3407 1289 3462 concor-

295 3489 369 3549 diam
380 3488 537 3547 hortamur.
560 3487 644 3561 Quod
656 3501 701 3549 ost
713 3508 805 3566 genus
816 3491 937 3566 egregie
951 3496 1101 3548 tractatum
1113 3504 1128 3546 a
1140 3486 1288 3560 Passieno,

296 3591 359 3632 curn
379 3571 523 3631 Domitiae
546 3574 645 3631 uxoris
666 3573 924 3650 suaepeeuniaria
941 3572 992 3631 lite
1013 3571 1152 3631 adversus
1172 3569 1290 3629 fratrem

295 3657 357 3716 eius
374 3655 578 3715 Aenobarbum
596 3666 711 3735 ageret;
733 3675 813 3735 narn,
835 3675 898 3716 oum
916 3655 952 3715 de
973 3655 1186 3716 necessitudine
1203 3653 1291 3713 multa

336 3762 367 3799 ar.
378 3762 403 3799 r.
416 3761 527 3807 ournrrr.
1107 3738 1144 3798 Ἢ
