3184 4409
538 472 627 520 ursu.
646 471 977 539 aaaroa.u1a.1x,a.
1216 463 1256 530 95
1355 531 1357 535 ,

261 630 321 688 tior
343 627 373 686 fit
389 625 539 704 probatio,
566 626 643 704 quod
662 628 753 705 primo
774 626 844 687 loca
857 627 1019 704 posuimus.
1058 627 1188 704 Simplex
1214 635 1287 692 esti

262 715 308 771 sic
322 727 443 786 rogare:
760 738 761 742 =

333 793 399 855 sea
412 813 465 856 eos
483 796 535 872 qui
549 794 692 854 taudem?
714 794 824 872 quibus
838 801 892 853 out
905 794 1030 853 acuistis
1046 795 1086 853 ab
1108 797 1191 854 oris?

262 879 429 954 Figuratum
446 887 556 951 autem,
578 880 788 955 quotiensnon
814 877 978 935 sciscitandi
1001 878 1092 952 gralia
1108 881 1259 938 assumitur

264 961 319 1022 sed
334 962 470 1021 instandi:
493 959 575 1033 Quid
595 963 673 1022 euius
695 969 765 1023 tuus
784 963 854 1036 ille,
883 959 1017 1034 Tubero,
1045 962 1209 1023 destrictus
1227 967 1260 1024 iu

262 1049 334 1107 acie
358 1044 541 1106 Plorsalica
561 1046 685 1124 gladius
709 1046 842 1124 agebat?
874 1054 918 1118 et,
948 1042 1111 1120 Quousque
1136 1048 1260 1108 taudem

261 1130 401 1204 abutere,
420 1127 561 1203 Catilina,
576 1131 724 1206 patieutia
739 1130 865 1190 nostra?
881 1138 920 1202 et,
938 1126 1048 1188 Patere
1064 1137 1117 1188 tua
1133 1132 1261 1192 consilia

261 1232 324 1272 uon
339 1215 452 1274 sentis?
476 1221 505 1271 et
525 1222 601 1271 totus
617 1212 740 1289 denique
759 1212 807 1272 hic
827 1212 919 1270 lacus.
951 1211 1063 1284 Quanto
1079 1215 1154 1270 enim
1167 1208 1289 1290 ma'gisss

262 1296 355 1371 ardet,
372 1315 455 1374 quam
472 1298 496 1354 si
511 1295 673 1356 diceretur:
698 1295 759 1356 Diu
776 1297 913 1356 abuteris
926 1297 1077 1372 patientia
1093 1305 1215 1372 nostro,
1232 1307 1262 1356 et

263 1377 372 1440 Pateat
393 1386 446 1441 lua
461 1381 597 1441 canalia.
634 1379 848 1456 interrogamus
871 1381 971 1452 etiam,
993 1379 1069 1456 quod
1087 1383 1186 1456 negari
1204 1399 1261 1439 non
1353 1421 1357 1430 -

264 1465 372 1542 possit:
401 1462 526 1525 Diuitne
546 1465 668 1524 taudem
686 1482 813 1524 causam
832 1460 865 1523 C.
882 1461 1095 1524 Fidiculanius
1109 1463 1261 1526 Falcula?

263 1557 312 1606 aut
329 1547 376 1606 ubi
391 1547 585 1624 respondendi
602 1548 727 1606 difficilis
743 1557 787 1606 est
803 1549 892 1621 ratio,
909 1557 939 1606 ut
956 1547 1044 1623 vulgo
1061 1548 1100 1605 uti
1120 1548 1258 1624 salernus,

265 1629 456 1703 Quomodo?
471 1632 524 1709 qui
544 1631 614 1708 fieri
624 1633 744 1710 potest?
774 1641 822 1690 aut
837 1630 959 1690 invidiae
980 1632 1088 1707 gratia,
1111 1641 1141 1690 ut
1156 1631 1259 1692 Medea

263 1715 339 1792 apud
355 1715 512 1789 Senecam,
538 1711 623 1787 Orias
640 1717 705 1792 peti
725 1723 829 1776 terras
844 1716 952 1776 iubes?
984 1724 1031 1774 aut
1054 1715 1288 1792 miserationis,9

263 1807 294 1871 pt
309 1800 397 1857 Sinon
412 1800 487 1876 apud
501 1799 679 1874 Vergilium:

304 1880 370 1942 Heu
387 1899 466 1961 quae
480 1903 526 1943 nte
543 1884 640 1958 tellus,
657 1883 764 1960 iuquit,
781 1897 862 1959 quae
878 1901 925 1942 me
941 1898 1080 1960 aequora
1092 1891 1220 1962 possunt

304 1962 475 2044 Accipere?
489 2001 532 2012 -

264 2058 312 2108 aut
330 2050 452 2109 instandi
474 2059 503 2108 et
518 2049 692 2109 auferendae
711 2048 961 2123 dissimulationis,
987 2058 1017 2107 ut
1040 2049 1173 2109 Asinius:
1194 2047 1260 2110 Au·

262 2135 371 2194 disne?
384 2135 541 2213 furiosum,
556 2135 691 2210 iuquam,
703 2153 763 2194 uou
773 2133 974 2212 inofficiosum
986 2139 1194 2193 testamentum
1208 2153 1259 2194 re·

259 2219 486 2295 preleudiruus.
519 2217 621 2277 Totum
631 2216 688 2276 hoc
701 2217 818 2301 plenum
831 2226 876 2276 est
887 2218 1049 2284 varietatis;
1068 2225 1173 2276 namet
1188 2218 1301 2280 indi-10

260 2303 390 2378 gualiani
406 2303 555 2361 convenit:

413 2421 455 2432 -
476 2383 515 2445 Et
503 2386 688 2463 tquisquanu
703 2402 816 2445 natueu
830 2381 957 2445 Iunonis
976 2363 1145 2444 adoret?

262 2476 291 2526 et
310 2468 500 2528 admirationi:

445 2587 488 2598 —-
504 2550 585 2624 Quid
598 2572 659 2613 uou
674 2554 815 2613 mortalia
827 2559 957 2652 pectora
975 2551 1068 2629 copis,

446 2633 525 2697 Auri
539 2654 636 2697 sacra
648 2637 824 2714 fames?-

262 2717 340 2777 Est
331 2722 443 2778 interim
460 2722 553 2781 acrius
572 2720 729 2797 imperandi
746 2738 855 2797 genus:
1268 2731 1302 2786 11

345 2800 412 2864 Nou
427 2823 517 2865 armo
532 2805 695 2882 cupedieut
709 2811 830 2883 totoque
845 2821 885 2864 ea
898 2804 976 2864 urbe
991 2806 1177 2882 sequautur?

262 2883 322 2942 Et'
314 2887 368 2963 ipsi
384 2897 496 2946 nosmet
519 2905 668 2964 ragamus;
692 2888 777 2965 quale
800 2896 845 2947 est
865 2887 936 2946 illud
952 2887 1153 2947 Terentianum
1178 2885 1261 2958 Quid

260 2970 353 3047 igitur
365 2971 503 3069 socium?
537 2958 598 3030 Est
611 2972 706 3050 aliqua
723 2974 807 3032 etiam
823 2973 852 3030 iu
874 2989 932 3029 res
944 2972 1137 3048 pondendo
1157 2970 1259 3046 figura,
1269 2981 1302 3035 la

262 3071 326 3111 cum
338 3054 413 3113 aliud
430 3056 617 3131 interroganti
633 3056 668 3115 ad
689 3056 782 3131 aliud,
809 3056 875 3133 quia
891 3057 934 3114 sic
949 3056 1045 3114 utilius
1064 3056 1111 3128 sit,
1130 3053 1258 3112 occurri·

260 3145 319 3204 tur;
342 3147 399 3196 tum
422 3139 545 3215 augendi
562 3140 685 3198 criminis
701 3141 811 3216 gratia,
837 3147 868 3198 ut
889 3140 998 3197 testis'
989 3157 1017 3196 ιιι
1032 3155 1112 3196 reum
1128 3145 1258 3212 rogatus,

260 3239 296 3279 an
312 3220 346 3279 ab
362 3239 414 3280 reo
437 3223 559 3282 fustibus
580 3222 765 3301 vapulasset,
790 3220 832 3283 Et
844 3225 999 3296 iuuoceus,
1016 3221 1118 3299 inquit;
1136 3229 1194 3279 tum
1208 3220 1258 3280 de-

261 3304 400 3380 clinandi,
423 3307 499 3382 quod
521 3316 566 3365 est
588 3306 865 3384 frequentissimum:
884 3304 1023 3379 Quaero,
1049 3323 1090 3364 au
1107 3304 1260 3376 occideris

259 3390 432 3450 imuiueuc?
459 3389 672 3473 resppudetur,
702 3389 886 3458 Latrouem,
912 3407 953 3448 au
973 3388 1103 3466 fundum
1123 3406 1258 3472 occupa-

259 3455 366 3533 ceris?
395 3475 598 3552 respondetur,
615 3472 725 3535 Meum
755 3474 793 3534 Ut
809 3472 1022 3533 confessionem
1038 3473 1196 3551 praecedat
1208 3472 1258 3533 de·
1266 3478 1301 3534 13

260 3557 369 3616 fensio:
385 3566 424 3616 ut
444 3558 520 3635 apud
534 3557 715 3635 Vergilium
708 3577 735 3618 ιιι
754 3556 899 3616 Bucolicis
915 3556 1032 3631 dicenti,

386 3638 454 3701 Nou
470 3660 524 3719 epo
539 3650 567 3702 te
580 3644 645 3703 aidi
658 3640 816 3717 Damonis,
829 3641 972 3719 pessime,
990 3658 1119 3748 caprum
1196 3630 1198 3632 ¹

386 3722 543 3804 Eacipere
556 3726 757 3788 insidiis?—
