3184 4409
541 479 871 532 manonnronmm.
884 445 1005 550 u11‚10.
1222 474 1261 544 41

268 635 307 699 de
327 633 419 715 prima
444 636 612 713 quaestione
642 635 805 696 dicendum:
830 638 955 715 passim,
986 646 1015 697 et
1036 647 1066 698 ut
1089 641 1213 717 quidque
1234 643 1263 700 in

267 729 394 780 mentem
408 720 520 793 veniet,
535 720 697 794 miscuerit,
715 737 771 778 non
785 722 905 798 primunr
918 722 946 778 in
961 739 996 780 ea
1010 723 1108 781 scierit
1124 742 1190 783 esse
1205 735 1260 784 tra·

269 803 418 876 ctandum,
433 801 539 860 Verbis
552 801 647 878 legum
659 804 787 862 standum
800 806 835 862 sit
850 822 885 862 an
896 803 1057 872 voluntate:
1078 806 1159 865 huius
1172 810 1290 885 ipsius?

268 885 430 967 particulae
445 885 560 962 aliquod
575 885 681 945 initium
696 887 815 962 lecerit,
833 887 935 946 deinde
948 890 1077 966 proxima
1089 890 1262 950 subnectens

269 970 408 1040 struxerit
425 971 599 1044 orationem,
622 978 652 1028 ut
669 988 735 1048 pars
752 970 874 1030 hominis
895 980 943 1030 est.
955 990 1069 1046 manus,
1092 974 1153 1031 eius
1170 975 1261 1051 digiti,

269 1054 385 1113 illorum
415 1070 529 1130 quoqne
556 1053 676 1112 articuli.
718 1054 781 1113 Hoc
807 1064 866 1129 est,
895 1055 971 1132 quod
998 1057 1122 1133 scriptor
1147 1056 1261 1115 demon·

269 1147 363 1197 strare
382 1153 439 1195 non
460 1139 566 1215 possit,
591 1139 644 1195 nisi
661 1146 739 1196 certa
761 1137 934 1216 definitaque
949 1141 1074 1198 materia.
1115 1140 1173 1199 Sed
1193 1137 1290 1216 quid8

269 1239 326 1281 nna
346 1220 435 1281 faciet
457 1229 504 1279 aut
525 1220 632 1296 altera,
653 1223 719 1299 quin
740 1223 824 1280 immo
847 1231 958 1280 centum
980 1241 1014 1282 ac
1029 1222 1107 1281 mille
1128 1224 1156 1281 in
1171 1242 1203 1281 re
1221 1225 1261 1281 in·

269 1301 370 1364 linita?
412 1303 612 1381 Praeceptoris
634 1313 694 1380 est,
718 1305 746 1365 in
767 1304 824 1364 alio
848 1314 934 1383 atque
950 1306 1006 1365 alio
1026 1324 1135 1383 genere
1156 1306 1262 1366 cotidie

270 1385 442 1463 ostendere,
466 1389 528 1464 quis
544 1387 615 1447 ordo
631 1389 669 1446 sit
686 1406 781 1448 rerum
797 1398 826 1448 et
841 1407 914 1466 quae
929 1390 1091 1467 copulatio,
1114 1399 1145 1448 ut
1163 1390 1261 1467 paula·

270 1474 320 1532 tim
337 1471 385 1530 liat
401 1489 470 1529 usus
486 1481 514 1530 et
529 1471 564 1530 ad
579 1471 680 1531 similia
695 1475 839 1531 transitus.
874 1472 958 1534 Tradi
974 1475 1047 1532 enim
1063 1475 1169 1548 omnia,
1187 1491 1261 1550 quae

270 1573 318 1616 ars
341 1554 446 1625 efficit,
467 1572 524 1613 non
542 1563 672 1633 possunt.
720 1554 791 1616 Nanr
812 1558 875 1634 quis
895 1558 990 1633 pictor
1010 1559 1118 1633 omnia,
1142 1574 1215 1634 quae
1232 1557 1288 1617 in9

268 1657 366 1700 rerum
385 1647 484 1697 natura
504 1647 585 1714 sunt,
610 1639 776 1699 adumbrare
798 1636 916 1700 didicit?
941 1640 994 1699 sed
1012 1650 1152 1719 percepta
1171 1640 1262 1706 semel

268 1722 393 1783 imitandi
410 1724 520 1780 ratione
542 1722 730 1798 assimulabo,
754 1723 890 1801 quidquid
908 1726 1064 1802 acceperit.
1114 1723 1184 1798 Quis
1204 1741 1262 1784 non

267 1807 352 1868 faber
367 1805 516 1865 vasculum
531 1805 661 1883 aliquod,
680 1805 764 1883 quale
780 1825 919 1884 nunqnam
933 1808 1058 1882 viderat,
1077 1805 1167 1867 iecit?

354 1888 499 1962 Quaedam
511 1906 580 1948 vero
593 1906 649 1947 non
664 1888 826 1948 docentium
838 1890 965 1949 suntsed
978 1892 1155 1952 discentium.
1190 1890 1261 1950 Nam
1269 1900 1302 1952 10

266 1972 415 2047 medicus,
443 1973 510 2050 quid
530 1974 557 2031 in
578 1990 693 2051 quoqne
713 1973 883 2036 valetudinis
904 1992 1014 2050 genere
1033 1973 1260 2047 faciendum'sit,

268 2058 338 2137 quid
357 2056 516 2134 quibusque
539 2057 627 2132 signis
648 2057 871 2133 providendum,
895 2057 1025 2124 docebit;
1047 2059 1103 2116 vim
1121 2056 1262 2117 sentiendi

266 2142 371 2222 pulsus
393 2158 543 2215 venarum,
575 2139 682 2198 coloris
704 2141 823 2214 modos,
850 2141 966 2217 spiritus
990 2149 1125 2214 meatum,
1156 2140 1261 2199 caloris

265 2225 444 2298 distantiam,
461 2242 534 2301 quae
549 2241 600 2282 sua
613 2224 750 2300 cuiusque
763 2232 827 2282 sunt
841 2225 961 2299 ingenii,
979 2240 1036 2281 non
1047 2222 1133 2282 dabit.
1165 2221 1261 2296 Quare

266 2309 391 2388 plurima
412 2315 540 2384 petamus
563 2306 678 2365 anobis
697 2317 805 2366 etcum
825 2308 918 2366 causis
937 2306 1128 2366 deliberemus
1149 2307 1260 2383 cogite·

265 2409 408 2469 mosque,
428 2390 556 2452 homines
578 2399 642 2449 ante
658 2390 803 2449 invenisse
818 2399 907 2450 artem
928 2408 1010 2467 quarn
1028 2390 1173 2448 docuisse.
1208 2389 1300 2450 lllall

267 2476 345 2535 enim
362 2476 559 2552 potentissima
576 2482 636 2548 est,
663 2491 794 2553 quaeque
809 2491 879 2532 vere
897 2473 999 2532 dicitur
1014 2474 1202 2533 oeconomica
1217 2482 1260 2532 to·

266 2561 327 2618 tius
352 2575 457 2616 causae
477 2558 643 2636 dispositio,
661 2576 738 2634 quae
760 2557 939 2616 nullomodo
960 2559 1093 2616 constitui
1108 2558 1162 2615 nisi
1180 2556 1262 2615 uelut

253 2645 297 2705 ..in
321 2661 353 2700 re
382 2650 534 2718 praesente
562 2651 673 2718 potest:
698 2641 746 2700 ubi
768 2641 965 2701 assumendum
990 2641 1182 2718 prooemium,
1212 2639 1260 2699 nbi

268 2724 468 2790 omittendum
495 2724 542 2783 nbi
557 2725 690 2784 utendum
707 2726 888 2803 expositione
904 2727 1051 2799 continua,
1074 2724 1121 2783 ubi
1136 2724 1258 2801 partita;

268 2809 319 2868 ubi
341 2808 376 2867 ab
395 2808 480 2866 initiis
502 2809 707 2886 incipiendum,
731 2809 778 2867 ubi
800 2825 880 2866 more
897 2807 1049 2867 Homerico
1066 2826 1082 2866 e
1097 2807 1197 2866 mediis
1211 2806 1260 2865 vel

269 2893 393 2958 ultimis;
428 2891 476 2949 ubi
502 2894 613 2950 omnino
641 2910 697 2951 non
723 2892 934 2970 exponendum
967 2892 1079 2969 quando
1103 2909 1119 2950 a
1143 2890 1260 2965 nostris,
1271 2897 1302 2949 12

270 2975 386 3054 qnando
401 2974 435 3033 ab
452 2974 679 3034 adversariorum
690 2975 933 3054 propositionibus
948 2976 1132 3053 incipiamus,
1147 2973 1260 3049 quando

269 3078 286 3119 a
301 3059 467 3117 firmissimis
482 3058 714 3136 probationibus,
727 3060 839 3136 quando
851 3077 866 3118 a
878 3058 1048 3126 levioribus;
1067 3074 1121 3134 qua
1135 3056 1162 3112 in
1174 3072 1260 3114 causa

268 3142 493 3221 praeponendae
506 3139 660 3220 prooemiis
673 3145 867 3219 quaestiones,
881 3160 935 3220 qua
947 3141 1165 3219 praeparatione
1177 3155 1260 3216 prae·

268 3225 452 3290 muniendae;
470 3227 536 3303 qnid
548 3226 649 3285 iudicis
664 3227 770 3284 animus
786 3226 920 3304 accipere
932 3227 1023 3302 possit
1038 3223 1129 3281 statim
1144 3222 1259 3296 dictum,

270 3327 329 3388 quo
349 3308 482 3386 paulatim
502 3308 699 3373 deducendum
725 3310 845 3386 singulis
867 3327 903 3368 an
923 3308 1063 3366 universis
1089 3305 1261 3383 opponenda

267 3393 420 3459 refutatio;
439 3393 612 3452 reservandi
626 3393 802 3471 perorationi
820 3410 924 3469 anper
944 3400 1031 3449 totam
1050 3390 1190 3449 actionem
1208 3387 1260 3447 dii·

267 3475 406 3538 fundendi
430 3475 565 3543 allectum
592 3476 628 3535 de
650 3477 711 3535 iure
726 3478 804 3553 prius
825 3495 860 3535 an
881 3475 917 3534 de
937 3475 1081 3551 aequitate
1097 3472 1260 3538 dicendum:

268 3567 402 3621 anteacta
425 3560 540 3619 crimina
562 3578 612 3635 an,
636 3560 672 3620 de
688 3560 788 3636 quibus
805 3559 936 3617 iudicium
952 3566 1011 3633 est,
1035 3559 1113 3635 prius
1133 3557 1260 3616 obiicere
1329 3623 1333 3627 ,

267 3644 317 3704 vel
334 3643 445 3702 diluere
462 3644 626 3711 conveniam
650 3643 675 3701 si
692 3642 865 3720 multiplices
881 3659 985 3701 causae
1001 3650 1098 3716 erunt,
1114 3643 1176 3718 quis
1189 3639 1259 3699 ordo
1270 3646 1301 3699 13

267 3726 436 3804 faciendus,
467 3743 539 3806 quae
564 3728 726 3788 testimonia
746 3725 904 3790 tabulaeve
931 3726 1068 3805 cuiusque
1091 3725 1207 3802 generis
1231 3723 1259 3781 in
