3184 4409
557 477 646 525 rusr.
664 473 1008 542 onsuon.u1u.m‚a.
1113 526 1115 533 ,
1229 463 1291 525 269

294 632 412 693 allatum
435 629 582 706 videatur,
612 633 689 711 quod
712 633 842 693 dicimus.
887 629 959 691 Nam
988 629 1127 690 adversus
1156 633 1290 708 miseros,

293 719 368 777 sicut
385 733 473 794 supra
489 717 634 792 dixeram,
656 717 823 776 inhumanus
841 724 886 775 est
905 717 997 774 iocus.
1037 715 1096 775 Sed
1118 716 1231 793 quidam
1253 718 1291 775 ita

294 809 360 859 sunt
376 809 516 877 receptae
537 802 716 860 auctoritatis
733 819 767 860 ac
781 810 869 859 uotae
887 798 1098 874 verecundiae,
1114 808 1145 858 ut
1160 803 1291 859 nocitura

295 886 331 943 sit
349 885 380 943 iu
395 899 449 942 eos
465 883 578 943 dicendi
594 884 761 962 petulantia.
788 884 859 943 Nam
875 882 911 942 de
923 884 1022 941 amicis
1037 885 1090 941 iam
1103 893 1291 962 praeceptum

295 976 349 1026 est.
381 965 457 1026 Illud
471 983 528 1025 nou
544 967 580 1027 ad
596 967 695 1027 orandi
710 968 775 1027 fere
790 967 941 1027 consilium
965 966 1017 1025 sed
1037 966 1073 1026 ad
1088 966 1209 1025 hominis
1225 979 1333 1045 per-34

295 1053 381 1110 tinet:
403 1049 531 1110 lacessat
546 1051 602 1111 boc
616 1053 718 1127 modo,
741 1070 826 1129 quem
841 1050 960 1110 laedere
975 1052 1012 1108 sit
1027 1049 1238 1127 periculosum,
1254 1057 1292 1109 ua

295 1143 343 1193 aut
359 1135 522 1194 inimicitiae
532 1153 638 1211 graves
649 1137 835 1214 insequantur
850 1144 898 1194 aut
908 1135 999 1212 turpis
1015 1134 1185 1193 satisfactio.
1214 1133 1291 1193 lllale

296 1220 381 1278 etiam
398 1218 517 1294 dicitur,
543 1218 626 1296 quod
639 1221 668 1278 in
683 1219 782 1298 plures
797 1220 948 1293 convenit,
964 1219 988 1276 si
1004 1228 1052 1276 aut
1065 1219 1196 1276 nationes
1211 1225 1291 1277 totae

295 1304 475 1361 incessantur
498 1312 546 1361 aut
570 1302 686 1363 ordines
716 1314 764 1363 aut
785 1303 917 1362 condicio
938 1311 985 1361 aut
1007 1301 1100 1360 studia
1126 1302 1288 1361 multorum.

293 1385 349 1461 Ea,
366 1403 440 1462 quae
455 1384 532 1445 dicet
546 1388 591 1445 vir
606 1385 717 1463 bonus,
740 1389 833 1446 omnia
851 1386 930 1445 salva
948 1386 1085 1462 dignitate
1101 1402 1135 1444 ac
1149 1403 1289 1444 verecun-
1299 1397 1333 1450 35

295 1468 341 1528 dia
357 1468 443 1529 dicet.
479 1469 600 1529 Nimium
623 1473 696 1530 enim
713 1473 788 1531 risus
806 1471 929 1549 pretium
944 1479 1006 1544 est,
1029 1470 1053 1527 si
1072 1468 1224 1547 probitatis
1239 1470 1289 1527 im-

292 1552 401 1632 pendio
420 1562 542 1612 constat.

378 1636 476 1711 Unde
499 1646 592 1697 autem
613 1637 784 1699 concilietur
804 1639 879 1697 risus
905 1646 936 1697 ει
957 1637 1060 1714 quibus
1083 1656 1121 1696 ex
1138 1637 1213 1696 locis
1230 1639 1290 1715 peti

292 1720 400 1796 soleat,
417 1720 613 1781 difficillimum
628 1722 736 1781 dicere.
775 1722 848 1781 Nam
864 1723 888 1780 si
907 1724 1023 1800 species
1038 1739 1137 1780 omnes
1152 1722 1290 1799 persequi

292 1805 434 1864 velimus:
451 1823 506 1864 uec
515 1806 636 1865 modum
650 1808 830 1884 reperiemus
846 1814 874 1864 ει
889 1805 996 1865 lrustra
1008 1804 1210 1865 laborabimus.
1232 1805 1289 1864 Ne·
1298 1815 1333 1870 36

293 1907 353 1966 que
371 1889 444 1947 euim
458 1890 549 1948 miuus
570 1892 715 1949 numerosi
737 1899 802 1949 suut
825 1889 898 1964 loci,
922 1908 959 1948 ex
983 1889 1085 1966 quibus
1106 1887 1186 1948 lraec'
1203 1889 1289 1965 dicta,

249 2004 251 2008 ν
294 1990 380 2050 quam
393 1973 445 2048 illi,
466 1974 619 2051 exquibus
636 1992 700 2048 eae,
717 1992 788 2050 quas
801 1975 957 2033 sententias
973 1991 1122 2048 vocamus,
1138 1973 1289 2048 ducuntur,

292 2074 390 2134 neque
408 2055 465 2115 alii.
482 2095 485 2117 .
501 2057 573 2116 Nam
593 2057 638 2116 hic
660 2075 776 2135 quoque
791 2067 837 2117 εει
851 2058 978 2116 inventio
995 2066 1025 2115 ει
1040 2056 1185 2131 elocutio,
1203 2066 1289 2134 atque

293 2142 386 2219 ipsius
407 2138 577 2200 elocutionis
598 2143 642 2199 vis
665 2142 721 2201 alia
742 2143 770 2200 iu
796 2140 894 2200 verbis
921 2140 977 2200 alia
1001 2143 1030 2200 in
1056 2141 1165 2216 liguris.
1202 2139 1332 2208 Risus37

294 2226 382 2301 igitur
395 2225 523 2283 oriuntur
537 2234 584 2285 aut
601 2243 637 2284 ex
652 2242 777 2302 corpore
792 2227 870 2300 eius,
888 2226 916 2282 iu
931 2242 1015 2301 quem
1032 2225 1166 2300 dicimus,
1185 2233 1232 2284 aut
1252 2243 1289 2284 ex

295 2310 399 2382 auimo,
419 2309 468 2385 qui
482 2308 567 2368 lactis
582 2309 618 2368 ab
635 2325 671 2367 eo
687 2308 829 2386 dictisque
847 2308 1005 2384 colligitur,
1023 2317 1071 2367 aut
1090 2327 1127 2367 ex
1142 2302 1197 2383 his,
1214 2326 1288 2386 quae

294 2401 360 2451 suut
379 2401 460 2452 extra
481 2394 584 2470 posita.
621 2391 697 2452 lutra
722 2393 795 2453 haec
822 2395 896 2452 cuim
919 2401 965 2451 εει
986 2395 1076 2451 omnis
1097 2393 1286 2470 vituperatio;

295 2494 369 2553 quae
389 2476 413 2534 si
433 2478 549 2551 gravius
570 2477 669 2553 posita*
684 2477 735 2552 sit,
758 2495 862 2537 severa
883 2485 940 2543 est;
969 2479 994 2535 si
1015 2476 1125 2551 levius,
1156 2476 1287 2536 ridicula.

293 2559 374 2618 llaec
400 2569 449 2619 aut
471 2561 715 2620 ostenduntur
740 2571 787 2620 aut
813 2569 1015 2622 narrantur
1035 2568 1083 2620 aut
1102 2559 1201 2620 dicto
1222 2577 1288 2619 uo-

294 2652 430 2703 tantur.
463 2643 568 2704 Rarum
586 2653 646 2719 est,
674 2653 704 2703 ut
719 2645 812 2705 oculis
828 2644 973 2705 subiicere
992 2646 1155 2720 contingat,
1175 2653 1206 2703 ut
1218 2643 1331 2704 lecit38

295 2725 328 2785 G
345 2726 447 2795 lulius;
469 2728 533 2804 qui,
556 2746 618 2787 cum
635 2689 738 2788 llelvio
754 2728 886 2789 Manciae
901 2731 1023 2828 saepius
1040 2728 1219 2806 obstrepenti
1234 2727 1288 2787 sibi

295 2804 423 2885 diceret,
447 2808 548 2873 Etiam
562 2815 734 2888 ostendum,
755 2815 856 2890 qualis
879 2814 936 2888 sis,
964 2814 1048 2891 isque
1068 2813 1155 2890 plane
1169 2815 1289 2872 instaret

294 2896 537 2994 interrogatiope,
561 2896 675 2973 qualem
697 2915 730 2956 se
752 2907 921 2956 ostensurus
937 2906 1030 2957 esset:
1059 2897 1148 2972 digito
1172 2896 1287 2957 demon·

295 2979 418 3037 stravit
410 2981 560 3054 imaginem
576 2979 677 3039 Galli'
669 2999 697 3037 m
716 2989 800 3039 scuto
819 2979 962 3040 Cimbrico
977 2983 1097 3058 pictam,
1114 2999 1160 3039 cur
1153 2978 1288 3039 Mancia

294 3071 352 3119 tum
368 3063 525 3121 simillimus
541 3072 586 3122 est
601 3065 689 3122 visus.
720 3064 870 3124 Tabernae
886 3074 980 3125 antem
995 3072 1076 3123 erant
1091 3066 1168 3123 circa
1182 3063 1286 3138 lorum,

295 3163 330 3203 ac
343 3155 455 3204 scutum
472 3146 543 3206 illud
559 3149 632 3224 sigui
649 3149 742 3222 gratia
756 3150 890 3225 positum.
921 3147 1097 3221 Narrare,
1120 3164 1193 3223 quae
1209 3147 1286 3207 salsa
1294 3148 1333 3205 39'

294 3230 360 3303 sint,
377 3231 503 3307 inprimis
520 3238 565 3288 εει
579 3230 684 3289 subtile
697 3240 726 3290 et
735 3233 908 3306 oratorium,
923 3240 954 3290 ut
968 3230 1072 3291 Cicero
1084 3246 1137 3308 pro
1154 3228 1286 3290 Cluentio

293 3322 391 3373 uarrat
412 3314 448 3373 de
470 3311 593 3392 Cepasio
615 3323 701 3392 atque
726 3314 859 3376 Fabricio
879 3324 927 3375 aut
945 3313 983 3373 Μ.
1002 3313 1117 3374 Caelius
1134 3313 1170 3373 de
1185 3314 1234 3373 illa
1248 3313 1285 3373 D.

294 3397 384 3456 Laelii
406 3397 599 3476 collegaeque
621 3401 682 3457 eius
703 3400 732 3458 in
759 3401 935 3478 provinciam
952 3399 1144 3459 festinantium
1169 3408 1286 3458 conteu-

294 3483 383 3540 tione.
419 3482 509 3541 Sed'
502 3500 530 3540 m
544 3481 588 3541 lris
609 3483 738 3543 omnibus
757 3502 821 3543 cnm
839 3483 959 3560 elegans
981 3492 1010 3543 ει
1026 3491 1158 3542 venusta
1155 3484 1287 3559 exigitur

294 3574 355 3624 tota
371 3567 533 3645 expositio,
549 3575 606 3625 tum
621 3567 650 3627 id
668 3566 881 3627 festivissimum
896 3577 941 3626 est
948 3567 1051 3652 ,quod
1066 3566 1161 3627 adiicit
1177 3574 1284 3626 orator.

294 3648 367 3708 Nam
384 3659 413 3709 ει
431 3667 448 3708 a
466 3647 647 3708 Cicerone
624 3667 667 3708 src
682 3660 727 3711 εει
742 3650 865 3711 Fabricii
881 3651 949 3728 iuga
964 3630 1017 3711 illa
1031 3650 1162 3711 condita.
1177 3647 1328 3725 ltaqaeso

294 3753 365 3794 cum
381 3733 577 3797 cullida‘ssaaue
585 3752 624 3795 ae
636 3743 730 3812 putus·
730 3743 760 3798 et
773 3736 888 3813 dicere,
909 3743 939 3798 ct
952 3754 1021 3797 mum
1036 3737 1091 3798 illu
1103 3733 1198 3796 verbu
1209 3749 1286 3811 pra-
