3184 4409
284 459 323 521 86
587 474 623 520 u.
645 472 723 520 uua.
745 471 964 531 bumannum

281 626 319 687 Et
334 628 411 706 quod
427 625 530 686 Cicero
546 627 574 683 iu
589 627 710 704 quodam
726 627 846 686 ioculari
862 626 979 687 libello:

344 711 484 771 Fundam
505 709 587 771 Vetto
606 719 709 786 occat,
731 728 818 787 quem
833 713 929 788 possit
947 713 1065 772 mittere
1076 713 1197 791 fundu.-

342 794 382 855 Nt
397 804 495 854 tameo
509 795 674 869 exciderit,
696 811 759 871 quo
773 813 852 854 coca
863 795 964 872 funda
975 805 1070 873 potet.

283 877 341 938 Sed
358 879 439 937 buius
462 895 577 955 quoque
594 878 636 936 rei
654 886 785 936 servetur
800 895 932 937 mensura
953 879 1101 956 quaedam.
1138 879 1273 953 Quamuis

283 972 327 1021 est
343 966 416 1021 euim
432 965 521 1020 omnis
538 961 699 1039 hyperbole
715 961 788 1020 ultra
804 961 903 1037 fidem,
923 971 1087 1022 nontamen
1103 981 1171 1022 esse
1188 963 1274 1023 debet

241 1047 355 1105 ilultra
375 1046 504 1119 modum,
528 1064 583 1103 nec
605 1045 659 1104 alia
683 1045 729 1103 via
750 1047 840 1120 magis
855 1046 882 1103 in
897 1047 1073 1122 κακοζηλίαν
1094 1049 1158 1106 itur.
1193 1048 1274 1123 Piget

282 1131 392 1189 referre
414 1131 532 1207 plurima
548 1129 613 1191 binc
632 1138 694 1188 orta
714 1130 798 1203 vitia,
824 1146 886 1187 cum
905 1132 1076 1206 praesertim
1090 1132 1205 1190 minime
1221 1133 1275 1189 sint

282 1215 378 1289 ignota
403 1223 432 1273 et
453 1213 586 1272 obscura.
627 1212 746 1271 ltlonere
775 1213 844 1270 satis
865 1221 926 1287 est,
948 1216 1059 1273 medtr‘ri
1081 1214 1286 1292 hyperbolen,¹

281 1316 335 1355 uec
347 1299 400 1373 ita,
418 1306 448 1356 ut
463 1298 610 1356 mendacio
627 1296 730 1355 fallere
745 1296 825 1354 velit.
854 1294 918 1368 Quo
933 1299 1024 1374 magis
1040 1298 1204 1357 intuendum
1219 1307 1273 1372 est,

282 1398 432 1459 quousque
452 1381 555 1440 deceat
577 1381 736 1454 extollere,
756 1379 833 1457 quod
852 1379 935 1439 nobis
953 1398 1010 1439 non
1032 1383 1166 1442 creditur.
1207 1381 1273 1441 Per·

281 1468 359 1523 venit
379 1466 450 1523 haec
473 1483 520 1523 res
542 1465 772 1542 frequentissime
794 1462 828 1521 ad
845 1465 947 1534 risum;
969 1467 1017 1544 qui
1033 1467 1057 1523 si
1069 1475 1200 1543 captatus
1218 1474 1273 1540 est,

241 1555 272 1607 75
283 1548 463 1624 urbanitatis,
486 1551 529 1606 sin
545 1548 643 1623 aliter,
666 1549 804 1607 stultitiae
817 1565 922 1606 nomeu
939 1551 1110 1626 assequitur.
1155 1549 1209 1608 Est
1226 1567 1273 1608 au-

282 1641 339 1690 tem
355 1635 382 1690 in
397 1651 449 1690 usu
464 1632 552 1707 vulgo
568 1650 683 1710 quoque
696 1640 724 1690 et
740 1632 815 1690 inter
829 1632 986 1691 ineruditos
1002 1642 1032 1692 et
1047 1632 1122 1711 apud
1136 1633 1273 1708 rusticos,
1297 1658 1299 1664 ·

281 1715 417 1773 videlicet
439 1717 503 1792 quia
524 1725 623 1775 natura
646 1724 690 1774 est
713 1715 843 1775 omuibus
864 1717 987 1791 augendi
1008 1735 1057 1775 res
1072 1716 1274 1794 minuendique

283 1800 422 1877 cupiditas
450 1802 548 1873 insita,
576 1818 633 1858 nec
658 1801 808 1876 quisquam
830 1816 902 1858 vero
933 1808 1083 1860 contentus
1113 1810 1167 1859 est.
1215 1800 1275 1860 Sed

239 1888 273 1945 76
281 1883 454 1959 ignoscitur,
472 1886 536 1961 quia
555 1901 611 1941 non
627 1883 807 1942 affirmamus,
848 1882 919 1943 Tum
935 1893 980 1943 est
996 1883 1156 1958 hyberbole
1171 1885 1273 1957 virtus,

282 1986 343 2025 cum
361 1986 408 2026 res
424 1969 502 2044 ipsa,
522 1967 557 2025 de
574 1985 628 2045 qua
646 1967 819 2044 loquendum
835 1976 895 2043 est,
915 1968 1071 2027 naturalem
1087 1967 1203 2027 modum
1224 1985 1273 2026 ex·

281 2053 378 2109 cessit.
422 2049 596 2110 Conceditur
612 2052 685 2109 enim
700 2052 822 2129 amplius
837 2051 953 2126 dicere,
972 2053 1037 2129 quia
1051 2052 1122 2126 dici,
1139 2061 1274 2130 quantum

282 2144 343 2209 est,
362 2152 418 2193 uon
435 2144 548 2212 potest,
563 2135 723 2211 meliusque
739 2135 813 2193 ultra
829 2152 911 2211 quam
927 2136 997 2194 citra
1011 2144 1066 2194 stat
1083 2137 1187 2195 oratio.
1215 2134 1274 2196 Sed

281 2218 316 2276 de
337 2219 393 2277 boc
415 2222 500 2294 satis,
525 2219 591 2296 quia
612 2219 731 2277 eundem
756 2218 851 2277 locum
866 2218 978 2296 plenius
1000 2220 1028 2277 iu
1049 2236 1085 2277 eo
1100 2219 1194 2296 libro,
1217 2235 1273 2297 quo

282 2320 384 2361 causas
401 2314 553 2382 corruptae
573 2302 756 2379 eloquentiae
769 2301 976 2380 reddebamus,
994 2304 1188 2363 tractavimus.

617 2663 819 2727 LIBER
866 2664 929 2728 IX.

279 2791 355 2840 Libro
375 2806 440 2839 nono
459 2793 522 2841 baec
540 2795 708 2845 continentur:
741 2796 794 2854 Quo
818 2794 935 2845 differant
952 2795 1047 2859 figurae
1069 2794 1192 2858 atropis.
1236 2794 1274 2844 De

314 2861 401 2924 liguris
420 2863 605 2912 sententiarum.
643 2865 679 2913 De
697 2865 786 2930 figuris
805 2866 947 2916 verborum.
983 2863 1020 2912 De
1039 2862 1232 2926 compositione.
1295 2918 1297 2921 ,

477 3028 538 3086 QUO
557 3029 735 3080 DlFFERANT
752 3030 892 3080 FIGURAE
910 3031 934 3080 A
951 3027 1075 3081 TROPIS.

342 3145 363 3204 1.
388 3126 457 3206 Cum
473 3145 509 3203 sit
527 3147 657 3222 proximo
675 3144 748 3204 libro
766 3143 802 3203 de
817 3145 908 3222 tropis
924 3143 1042 3202 dictum:
1061 3140 1193 3221 sequitur
1206 3159 1275 3221 per·

278 3229 370 3287 tinens
387 3231 421 3289 ad
442 3229 605 3309 figuras,
627 3247 700 3306 quae
717 3222 848 3306 σχήματα
865 3227 976 3287 Graece
997 3236 1153 3300 vocantur,
1177 3226 1274 3302 locus,

277 3311 341 3389 ipsa
353 3314 396 3370 rei
409 3322 507 3372 natura
520 3315 686 3371 coniunctus
702 3313 855 3390 superiori.
878 3310 949 3370 Nam
962 3309 1093 3388 plerique
1106 3309 1158 3369 bas
1169 3317 1274 3387 tropos

278 3412 346 3453 esse
364 3397 611 3471 existimaverunt,
626 3399 707 3473 quia,
721 3398 782 3454 sive
795 3395 899 3454 euhoe
911 3397 1042 3455 duxerint
1056 3411 1178 3468 nomen,
1196 3393 1274 3471 quod

250 3478 335 3542 tsiut
351 3479 463 3538 formati
484 3480 604 3556 quodam
620 3480 720 3554 modo,
738 3481 799 3537 sive
813 3497 850 3537 ex
864 3496 916 3553 eo,
940 3478 1016 3554 quod
1032 3484 1145 3536 vertant
1166 3478 1272 3551 oratio·

243 3586 245 3592 ¹
278 3580 357 3638 nem,
380 3563 454 3620 unde
476 3572 504 3621 et
524 3574 639 3622 motus
657 3564 803 3622 dicuntur:
828 3562 972 3622 fatendum
994 3562 1062 3636 erit,
1084 3577 1151 3620 esse
1166 3571 1272 3620 utrum·

280 3664 335 3723 que
360 3664 459 3705 eorum
481 3649 564 3705 etiam
586 3650 613 3704 in
636 3647 744 3722 figuris.
794 3645 871 3705 Usus
892 3645 1007 3723 quoque
1031 3653 1076 3704 est
1094 3642 1185 3713 idem3
1208 3661 1272 3704 uam

278 3739 307 3789 et
319 3733 374 3790 vim
389 3731 475 3790 rebus
496 3732 629 3791 adiiciunt
645 3740 673 3788 et
690 3730 811 3806 gratiam
828 3738 984 3808 praestant.
1015 3727 1078 3787 Nec
1094 3728 1208 3808 desunt,
1223 3727 1272 3809 qui
