3184 4409
319 445 384 509 ²3⁶
641 481 1003 544 tranonmnnmr

317 613 448 716 iudubsa,
466 631 591 691 maxime
607 632 721 712 quidem
736 634 893 697 dissimilia
926 639 1031 719 Neque
1046 644 1122 703 enim
1137 644 1203 706 deri
1214 659 1329 730 potest,

319 707 353 761 rt
375 716 459 776 parra
483 711 541 772 siut
561 719 670 792 omnia,
695 728 726 776 ut
746 722 772 779 si
790 721 897 782 Nasica
921 734 990 802 poet
1014 729 1145 787 occisum
1161 729 1329 796 Gracchum

319 780 498 882 defendatur
511 802 646 879 exempto
666 801 795 878 Ahalae,
818 823 836 864 a
856 823 915 884 qno
931 806 1055 868 metim
1074 820 1121 870 est
1138 813 1327 896 interiectus,

320 864 469 933 Haedum
484 887 574 959 reperi
587 885 792 968 affectatorem
803 889 920 966 saduc,
941 909 964 951 a
979 893 1122 954 Graccho
1135 897 1223 976 tepea
1237 905 1328 964 modo

318 957 403 1047 Wssf
416 973 487 1021 erse
505 971 693 1047 popularem·
712 968 844 1032 ΑΙισὶαιι
863 975 1043 1051 Μαῖαν-ιιι
1062 980 1198 1054 quatuor
1217 983 1327 1064 fines,

318 1033 472 1102 Narseum
486 1054 642 1125 privatum
655 1073 741 1128 erre,
756 1055 877 1115 dicatur.
910 1058 942 1116 Si
960 1058 1124 1120 defecerint
1144 1067 1260 1128 omnia:
1284 1071 1326 1130 ri·

320 1118 446 1184 cendum
466 1134 539 1210 erit,
562 1155 598 1197 an
618 1137 740 1197 obtineri
758 1141 869 1217 possit,
891 1158 936 1198 ue·
949 1141 1020 1201 iilud
1045 1145 1162 1222 quidem
1179 1160 1267 1211 recte
1285 1153 1326 1213 fa-

321 1216 408 1349 ctundt·
450 1210 538 1286 Quod
558 1221 595 1282 de
622 1221 764 1300 exemptis
794 1223 871 1282 idem
894 1225 980 1284 etiam
1001 1225 1039 1286 de
1060 1227 1197 1290 iudicatis
1222 1235 1325 1296 obser·

321 1307 380 1352 van
399 1308 459 1352 um.

278 1392 315 1453 25
406 1374 493 1472 Quod
508 1396 602 1448 autem
612 1388 707 1466 posui,
720 1389 845 1464 reieme,
859 1407 917 1468 quo
928 1390 1054 1470 quidque
1066 1406 1227 1458 accusator
1237 1403 1325 1464 modu

323 1466 446 1541 dixerut,
467 1464 525 1532 huc
548 1475 687 1550 pertinet,
704 1482 749 1550 ut,
771 1475 796 1532 si
818 1483 863 1533 est
883 1476 975 1533 minus
996 1475 1159 1538 efficaciter
1174 1482 1326 1564 elocutus,

323 1555 388 1629 ipsa
402 1550 467 1610 eius
481 1557 571 1619 rerba
592 1566 748 1637 ponantur:
773 1558 800 1616 si
820 1558 880 1617 aori
901 1567 931 1618 et
951 1558 1116 1620 vehementi
1142 1563 1235 1626 fuerit
1255 1588 1327 1630 uem

324 1633 472 1713 oratione,
494 1644 614 1703 eandem
637 1661 698 1702 rem
716 1643 824 1702 uostris
837 1641 935 1701 verbis
948 1642 1108 1703 mitioribus
1123 1648 1324 1728 proteramus,

281 1728 353 1790 aaut
375 1714 482 1781 Cicero
505 1727 541 1786 de
564 1724 716 1802 Cornelio,
739 1724 881 1787 Codicem
904 1727 1022 1804 attipia·
1046 1735 1075 1785 et
1095 1733 1234 1806 protinus
1260 1755 1326 1796 cun

325 1801 448 1884 quadam
462 1806 649 1886 defensione,
672 1820 718 1885 ut,
733 1811 758 1868 si
777 1826 831 1888 pro
848 1810 996 1869 luxurioso
1012 1809 1165 1873 dicendum
1182 1818 1240 1895 sit,
1265 1818 1325 1882 Ob·

323 1892 405 1950 iacta
419 1899 465 1951 ert
474 1897 571 1972 paulo
585 1897 742 1958 liberatior
754 1896 829 1956 uita.
865 1884 915 1953 st'c
935 1901 965 1952 et
981 1909 1038 1970 pru
1052 1896 1172 1956 sordido
1188 1918 1323 1980 par-cun,
1352 1894 1359 1915 '

283 1982 378 2052 27pro
394 1975 537 2039 maledico
554 1979 675 2040 libemm
690 1980 788 2040 dicere
805 1976 914 2038 licebit.
956 1975 1063 2054 Utique
1085 1985 1323 2047 committendum

324 2075 467 2136 upupam
489 2074 550 2141 eet,
568 2075 598 2124 ut
613 2065 842 2124 adversariorum
856 2061 931 2120 dicta
949 2077 1013 2120 cum
1027 2078 1080 2121 sua
1100 2064 1323 2130 confirmatione

324 2142 496 2224 referamus,
515 2159 563 2209 aut
580 2151 665 2209 etiam
680 2149 740 2208 loci
751 2147 870 2207 alicuius
882 2145 1055 2204 executione
1066 2145 1249 2228 adiuvemus,
1268 2154 1322 2214 uisi

326 2246 389 2290 cum
406 2229 548 2294 eludenda
565 2243 663 2293 erunt:
687 2230 779 2308 Apud
798 2231 963 2294 mmmmm
980 2229 1053 2287 nuti
1064 2229 1183 2308 sumis,
1205 2237 1322 2314 impsum

325 2320 367 2376 tot
380 2317 470 2377 anms
487 2318 588 2396 forum
604 2337 664 2378 non
684 2316 841 2393 attiperim·
862 2312 1000 2389 abnuens
1020 2314 1159 2384 tamdiu,·
1181 2326 1232 2396 et,
1253 2339 1321 2381 cum

325 2408 387 2460 tam
400 2399 487 2479 lonqo
500 2402 659 2462 interculta
673 2401 810 2474 aenens,
825 2417 893 2458 cum
907 2397 970 2470 tis,
988 2396 1041 2472 qut
1055 2397 1088 2456 in
1107 2397 1178 2475 foro
1198 2403 1319 2465 habito
1358 2456 1359 2461 ,

284 2490 413 2558 nerunt,
436 2487 476 2547 de
495 2486 641 2564 diquitate
655 2483 843 2544 contendas?
871 2479 1026 2540 Praeterea
1044 2480 1072 2538 iu
1086 2484 1320 2546 contradictione
1351 2480 1359 2573 ¹

326 2567 438 2626 interim
462 2577 550 2627 totum
565 2569 672 2627 crimen
688 2567 856 2643 exponitur,
872 2572 903 2622 ut
918 2560 1023 2622 Cicero
1044 2580 1098 2640 pro
1115 2565 1229 2628 Scauro
1243 2571 1319 2630 circa
1349 2576 1359 2658 'p

325 2649 477 2711 Bostarem
491 2652 559 2711 fucit
573 2651 663 2709 veluti
679 2651 838 2708 orationem
856 2649 987 2707 diversae
1004 2648 1094 2724 partis
1113 2648 1258 2728 imitatus,
1273 2660 1319 2713 aut
1349 2660 1359 2751 '¹

325 2732 455 2815 pluribus
468 2734 713 2812 propositionibus
729 2733 843 2805 iunctis,
857 2740 886 2789 ut
898 2747 950 2809 pro
961 2729 1089 2805 Vareno,
1106 2751 1176 2793 cum
1189 2736 1252 2797 iter
1263 2755 1319 2814 pot·
1350 2786 1359 2835 ¹

325 2836 419 2898 aprus
440 2826 469 2878 et
487 2819 555 2881 loca
575 2818 644 2879 sola
659 2818 780 2896 laceret
800 2834 868 2876 cum
893 2813 1089 2893 Pompuleno,
1108 2816 1142 2875 iu
1168 2816 1318 2894 familiam
1351 2874 1359 2919 ¹

324 2900 556 2964 Ancharianam
569 2903 714 2963 incidisse
729 2901 888 2975 diccunt,
908 2898 1019 2960 deinde
1034 2895 1253 2977 Pompulenum
1270 2922 1317 2965 oc·
1349 2958 1359 3001 ¹

326 2988 423 3048 rusum
438 3005 517 3062 esse,
532 2988 615 3048 ildico
633 2984 786 3047 Varenum
805 2985 937 3044 cinctum
951 2991 1157 3059 msemutum,
1180 2986 1254 3046 dum
1270 2987 1317 3048 dio
1349 3034 1359 3077 ¹

324 3071 511 3147 ostenderet,
529 3072 604 3149 quid
619 3069 657 3129 dc
672 3090 706 3130 eo
718 3069 788 3147 fieri
801 3069 897 3129 uellet.
934 3064 1019 3139 Quod
1035 3075 1080 3124 est
1094 3069 1193 3143 utique
1210 3069 1315 3130 iacien-
1349 3118 1359 3171 ¹

325 3156 406 3229 dum,
432 3157 455 3214 si
478 3156 532 3214 erit
552 3153 728 3213 incredibilis
746 3153 788 3212 rei
811 3151 883 3210 ordo
908 3158 938 3208 et
954 3150 1017 3227 ipsa
1033 3151 1217 3227 expositione
1234 3153 1314 3213 iidem
1352 3196 1359 3256 ¹

325 3240 498 3318 perditurus.
534 3239 649 3298 interim
670 3255 723 3315 per
743 3244 842 3314 partes
863 3233 1048 3308 dissolvitur,
1081 3232 1159 3310 quod
1181 3245 1314 3297 contexta
1348 3286 1351 3325 ¹

324 3332 426 3390 uocot;
450 3331 478 3381 et
494 3323 663 3400 plerumque
680 3320 707 3379 id
723 3328 768 3379 est
783 3319 879 3378 tutius.
910 3315 1058 3390 Quaedam
1073 3317 1314 3380 contradictiones
1348 3299 1359 3422 ¹¹

326 3417 425 3467 natura
442 3415 507 3464 suut
522 3404 670 3482 singulae:
689 3403 717 3464 id
733 3401 874 3478 exemplis
889 3416 946 3458 nou
967 3409 1045 3476 eget.

281 3494 318 3552 29
408 3488 612 3550 Communia
636 3486 710 3546 bene
737 3482 988 3563 apprehenduntur
1015 3501 1072 3543 nou
1099 3492 1227 3560 tantum,
1253 3485 1314 3564 quia
1346 3465 1359 3583 ¹⁸

325 3573 473 3651 utriusque
498 3582 562 3632 sunt
587 3572 694 3649 partis,
722 3569 775 3629 sed
803 3569 869 3645 quia
889 3567 954 3646 plus
974 3576 1093 3645 prosunt
1118 3568 1313 3646 respondenti.
1352 3633 1359 3651 Ι

324 3654 427 3738 Neque
449 3657 523 3714 euim
544 3653 669 3734 pigebit,
693 3651 769 3730 quod
786 3669 875 3728 saepe
892 3651 1005 3725 monui,
1023 3650 1151 3719 referre;
1168 3668 1314 3712 commuue

293 3743 470 3904 *prior
485 3738 563 3818 dicit,
584 3737 755 3800 contrarium
769 3735 848 3796 facit.
884 3733 937 3794 Est
958 3735 1033 3794 enim
1049 3735 1238 3813 contrarium,
1261 3708 1359 3834 quo:¹

1345 3898 1359 3963 i
