3184 4409
574 452 826 501 monoceron.
839 453 909 503 mn.
922 452 1011 518 111,5.
1049 409 1059 430 '
1232 442 1291 505 113

291 615 452 675 monstrat.
498 608 701 668 Alterum-est
726 607 1027 683 deliberativum,
1054 611 1169 668 tertium
1194 609 1334 677 iudi·15

292 696 397 757 ciale.
428 691 552 754 Ceterae
569 694 686 770 species
702 693 730 750 in
745 691 819 751 haec
833 694 887 752 tria
901 692 1027 751 incident
1042 712 1161 769 genera,
1180 712 1235 753 nec
1251 696 1292 755 in·

290 782 426 840 venietur
440 796 477 837 ex
492 777 536 836 his
551 773 629 853 ulla,
651 779 679 836 in
695 793 751 853 qua
765 793 823 836 non
840 775 958 835 laudare
976 794 1010 835 ac
1024 779 1206 855 vituperare,
1228 797 1291 838 sua-

293 866 363 925 dere
380 876 418 923 ac
435 861 621 935 dissuadere,
640 860 791 919 intendere
808 860 875 937 quid
890 859 938 919 vel
957 859 1108 938 depellere
1126 861 1291 922 debeamus.

292 948 345 1009 llla
371 963 489 1026 quoque
514 955 580 1004 sunt
601 947 777 1020 communia,
808 944 981 1020 conciliare,
1006 962 1141 1018 narrare,
1170 946 1291 1023 dooere,

293 1049 421 1109 augere,
443 1031 589 1104 minnere,
612 1029 790 1089 concitandis
805 1027 1051 1107 componendisve
1067 1029 1218 1088 affectibus
1234 1033 1292 1090 ani·

294 1134 356 1176 mos
372 1115 547 1176 audientium
564 1113 686 1189 lingere.

377 1197 425 1259 Ne
450 1196 494 1257 his
520 1196 634 1279 quidem
659 1197 852 1277 accesserim,
879 1198 927 1274 qni
953 1196 1124 1256 laudativam
1146 1199 1335 1257 materiamld

293 1285 502 1359 bonestorum,
539 1280 757 1340 deliberativam
785 1282 924 1356 aditam,
954 1281 1117 1358 iudicialem
1144 1283 1294 1343 laetorum

298 1368 468 1446 quaestione
485 1367 626 1425 contineri
641 1374 756 1442 putant,
777 1364 869 1424 celeri
888 1367 979 1441 magis
1001 1383 1035 1424 ac
1049 1366 1171 1426 rotunda
1192 1368 1236 1425 usi
1252 1365 1292 1425 di·

294 1451 465 1512 stributione
482 1467 565 1528 quarn
579 1467 659 1508 vera.
688 1449 770 1508 Stant
785 1451 859 1508 enirn
875 1444 1085 1526 quodammodo
1097 1452 1201 1511 mutuis
1214 1452 1292 1509 auxi·

297 1535 340 1595 liis
363 1536 468 1594 omnia.
504 1533 575 1593 Nam
597 1542 626 1592 et
648 1534 676 1591 in
698 1532 782 1592 laude
799 1535 907 1592 iustitia
923 1533 1090 1610 utilitasque
1110 1542 1249 1594 tractatur
1264 1542 1294 1593 et

296 1621 323 1679 in
343 1619 473 1679 consiliis
498 1618 653 1692 honestas,
676 1625 705 1676 et
724 1634 790 1675 raro
813 1617 976 1677 iudicialem
998 1619 1143 1678 inveneris
1167 1636 1292 1693 oausam,

296 1706 323 1762 in
338 1705 420 1764 cuins
442 1720 500 1762 non
520 1711 603 1782 parte
624 1701 731 1778 aliquid
750 1719 870 1778 eornm,
892 1719 965 1780 quae
985 1703 1227 1782 supradiximus,
1247 1720 1292 1762 re·

296 1790 432 1867 periatur.

411 1939 527 2001 QUIBUS
547 1939 779 2018 CONTINEATUR
797 1938 897 1990 OMNIS
914 1938 1015 1990 RATIO
1033 1941 1175 1994 DlCENDl.

375 2038 414 2099 V.
450 2037 547 2097 Omnis
564 2040 658 2097 autem
674 2039 767 2097 oratio
786 2046 900 2096 constat
915 2046 963 2096 aut
979 2055 1017 2096 ex
1032 2036 1094 2110 his,
1114 2055 1189 2115 qnae
1206 2039 1293 2114 signi-

296 2124 433 2199 ficantur,
457 2131 504 2180 aut
520 2131 548 2181 et
564 2121 625 2198 bis,
645 2139 720 2199 quae
735 2121 913 2199 significant,
934 2120 1022 2180 idest
1043 2119 1151 2179 rebus
1168 2129 1197 2180 et
1212 2139 1293 2180 ver·

295 2207 359 2267 bis.
401 2205 537 2266 Facultas
554 2205 653 2266 orandi
670 2214 882 2265 consummatur
901 2213 1046 2278 natura,
1069 2211 1164 2278 arte,
1188 2222 1293 2264 exer-

295 2292 491 2365 citatione,
508 2292 554 2350 cui
567 2297 679 2368 partem
692 2297 820 2367 quartam
835 2289 969 2348 adiiciunt
984 2286 1096 2366 quidam
1107 2288 1293 2364 imitationis,

295 2394 378 2455 quam
400 2389 455 2434 nos
478 2375 531 2433 arti
554 2373 729 2442 subiicimus.
765 2372 832 2432 Tria
854 2381 918 2431 sunt
940 2375 1024 2447 item,
1047 2389 1121 2449 quae
1142 2381 1318 2449 praestaret

294 2460 402 2520 debeat
417 2467 527 2532 orator,
543 2457 908 2532 ntdoceat,moveat,
926 2457 1099 2516 delectet.
1128 2455 1294 2517 Haecenim

295 2544 405 2605 clarior
425 2542 529 2602 divisio
553 2559 636 2620 quam
659 2559 775 2616 eornm,
805 2544 853 2619 qui
877 2550 966 2600 totum
990 2558 1064 2618 opus
1088 2542 1116 2598 iu
1142 2558 1194 2601 reo
1215 2551 1243 2600 et
1266 2543 1295 2600 in

295 2629 425 2711 affectas
441 2628 611 2704 partiuntur.
647 2625 714 2685 Non
730 2644 847 2705 semper
861 2634 955 2685 antem
971 2626 1064 2684 omnia
1079 2626 1108 2683 in
1124 2641 1203 2700 eam,
1221 2643 1295 2703 qnae

295 2710 482 2785 tractabitur,
501 2712 647 2770 materiam
666 2710 778 2770 cadent.
812 2708 902 2769 Erunt
919 2711 993 2768 enirn
1009 2708 1149 2786 quaedam
1165 2718 1295 2769 remotae

297 2795 327 2856 ab
343 2793 519 2870 affectibus,
542 2796 590 2874 qui
605 2803 635 2853 nt
650 2812 708 2853 non
725 2793 832 2872 ubique
851 2792 958 2853 habent
974 2793 1084 2868 locum,
1107 2794 1146 2852 ita
1167 2811 1294 2871 quocun·

298 2897 350 2958 que
365 2882 543 2956 irrupemnt,
558 2879 710 2956 plurimum
725 2878 832 2937 valent.
857 2878 1111 2937 Praestantissimis
1127 2877 1320 2946 auctoribus3

297 2964 410 3041 placet,
428 2963 485 3022 alia
501 2964 530 3021 in
544 2963 690 3022 rhetorice
707 2980 791 3037 esse,
812 2980 885 3040 quae
901 2962 1101 3041 probationem
1117 2960 1294 3038 desiderent,

297 3047 349 3109 alia
367 3065 445 3126 quae
459 3063 517 3105 non
533 3046 717 3121 desiderent,
740 3064 804 3105 com
820 3046 923 3124 quibus
942 3047 1009 3124 ipse
1027 3047 1189 3105 consentio.
1226 3045 1294 3118 Qui·

297 3131 356 3192 dam
378 3147 471 3206 vero,
492 3139 523 3190 ut
547 3129 668 3205 Celsus,
689 3130 725 3189 de
745 3130 825 3190 nulla
846 3148 879 3189 re
900 3131 1040 3190 dicturum
1060 3138 1220 3205 oratorem,
1241 3130 1295 3188 nisi

246 3287 247 3299 χ
298 3215 329 3274 de
345 3232 403 3294 qua
420 3223 591 3293 quaeratur,
613 3216 791 3289 existimant,
810 3216 855 3273 oui
870 3233 934 3274 cum
948 3216 1069 3273 maxima
1084 3230 1152 3290 pars
1171 3215 1294 3291 scripto-

246 3316 248 3369 ς
299 3317 355 3359 mm
379 3306 525 3379 repugnat
546 3308 604 3358 tum
627 3300 711 3358 etiam
737 3300 801 3376 ipsa
826 3300 958 3377 partitio;
985 3299 1039 3356 nisi
1066 3296 1143 3356 forte
1165 3296 1293 3374 laudare,

246 3402 248 3409 ’
300 3400 371 3460 quae
388 3392 504 3444 constet
522 3401 590 3442 esse
602 3382 740 3457 honesta,
759 3391 792 3441 *et
809 3385 991 3460 vituperare,
1014 3398 1087 3458 qnae
1103 3399 1141 3439 ex
1157 3382 1294 3442 confesso

299 3469 351 3526 sint
365 3468 478 3545 turpia,
501 3476 620 3526 nonest
637 3468 761 3527 oratoris
778 3466 915 3526 officium.

380 3550 455 3611 lllud
472 3555 526 3611 lam
542 3569 642 3610 omnes
657 3552 798 3625 fatentur,
823 3569 890 3625 esse
906 3551 1091 3628 quaestiones
1108 3551 1139 3608 in
1152 3553 1319 3629 scriptos

302 3644 326 3694 et
346 3637 376 3695 in
396 3653 467 3694 non
488 3638 649 3714 scripto;
672 3637 700 3694 in
720 3636 831 3713 scripto
847 3634 889 3694 de
907 3637 985 3709 iure,
1006 3635 1034 3693 in
1054 3651 1111 3692 non
1130 3636 1240 3712 scripto
1258 3633 1294 3693 de

302 3735 338 3778 re.
365 3718 441 3779 lllnd
455 3721 609 3784 rationale
625 3719 682 3781 hoc
697 3720 796 3798 tcpatc
811 3737 903 3796 genus
918 3717 1111 3796 Hermagoras
1127 3726 1214 3798 atque
1230 3735 1298 3777 eum

338 3824 368 3864 n.
380 3825 405 3862 r.
418 3825 531 3876 oumrm.
1128 3801 1153 3866 8
