3184 4409
360 474 399 537 20
674 486 1034 548 us.nun.ou1uu1n1um

361 644 409 720 qui
427 643 619 719 geminatione
635 658 731 700 earum
745 641 824 701 velut
839 643 922 720 apice
938 641 1107 719 utebantur,
1125 650 1173 700 aut
1188 641 1274 710 duas:
1296 642 1347 702 nisi

362 728 425 804 quis
446 735 526 805 putat
546 728 637 785 etiam·
650 743 687 784 ex
708 725 797 784 tribus
819 724 970 785 vocalibus
991 725 1133 802 syllabam
1155 725 1234 803 lieri,
1255 727 1280 785 si
1294 742 1346 785 nou

319 817 352 868 11
360 811 472 887 aliquae
489 810 585 869 oiticio
605 812 819 869 consonantium
837 810 999 886 iungantur.
1041 810 1170 884 Quaeret
1184 810 1242 869 boo
1257 811 1344 884 etiam,

361 895 504 973 quomodo
521 892 629 954 duabus
645 894 755 953 demum
770 893 920 952 vocalibus
934 895 963 952 in
977 895 1102 972 seipsas
1117 895 1240 954 coeundi
1254 902 1345 952 natura

361 981 412 1054 sit,
436 997 499 1038 cum
519 979 734 1037 consonantium
748 977 826 1038 nulla
841 979 895 1036 nisi
913 977 1032 1037 alteram
1047 978 1169 1054 frangat.
1201 976 1289 1056 Atqui
1304 976 1342 1036 lit·

360 1071 422 1121 tera
438 1061 452 1121 l
467 1061 521 1121 sibi
538 1062 650 1137 insidit,
671 1063 793 1122 coniicit
808 1063 882 1120 enim
897 1070 942 1119 est
956 1061 991 1120 ab
1006 1062 1058 1121 illo
1072 1063 1160 1137 iacit,
1181 1069 1210 1120 et
1224 1061 1266 1137 U,
1282 1075 1343 1138 quo·

360 1147 445 1206 modo
461 1164 534 1205 nune
549 1144 683 1206 scribitur
697 1145 808 1222 aalqao
823 1155 852 1204 et
864 1164 983 1206 sameas.
1024 1146 1103 1205 Sciat
1117 1147 1202 1204 etiam
1218 1142 1343 1205 Ciceroni

361 1231 507 1308 placuisse
525 1232 587 1291 aito
605 1227 789 1306 Maiiamque
810 1231 951 1306 geminata
967 1229 980 1289 l
995 1229 1139 1297 scribere;
1164 1229 1281 1307 quodsi
1296 1236 1342 1301 eo,

319 1321 353 1373 12
361 1316 445 1374 etiam
466 1317 600 1391 iungetur
620 1321 650 1371 ut
673 1329 846 1373 consonans.
892 1312 988 1386 Quare
1010 1313 1101 1374 discat
1120 1331 1207 1391 puer,
1237 1312 1302 1390 quid
1319 1312 1343 1370 iu

360 1399 464 1459 litteris
479 1399 642 1477 proprium,
659 1397 726 1474 quid
742 1413 900 1472 commune,
917 1415 990 1475 quae
1007 1416 1069 1456 cum
1084 1391 1342 1476 quibus'coguatiot

360 1501 415 1541 nee
428 1484 556 1556 miretur,
573 1499 623 1540 cur
639 1498 676 1539 ex
690 1499 815 1542 scamno
829 1481 877 1540 liat
888 1482 1047 1543 scabillum
1058 1491 1106 1541 aut
1120 1483 1247 1559 aptam
1260 1476 1343 1559 (quod

361 1576 405 1625 est
419 1568 547 1644 acutum)
560 1566 670 1623 securis
685 1566 819 1643 utrinque
833 1564 942 1624 babens
959 1567 1050 1625 aciem
1063 1566 1201 1644 bipennis
1206 1588 1219 1634 ,·
1234 1582 1271 1624 ne
1286 1563 1342 1624 illo·

360 1668 422 1709 rum
441 1658 578 1726 sequatur
598 1664 741 1723 errorem,
767 1650 830 1726 qui,
854 1651 920 1727 quia
938 1667 954 1707 a
973 1649 1065 1727 pinnis
1085 1647 1194 1709 duabus
1213 1649 1270 1709 boo
1285 1661 1343 1708 esse

361 1750 463 1792 nomen
479 1735 655 1807 existimant,
676 1734 789 1808 pinnas
804 1735 896 1792 avium
912 1734 968 1793 dici
982 1733 1092 1792 volunt.

265 1822 269 1831 '
319 1820 353 1873 13
444 1816 548 1894 Neque
568 1817 619 1876 bas
634 1817 719 1876 modo
740 1819 854 1876 noverit
869 1819 1057 1894 mutationes,
1080 1834 1150 1895 quas
1166 1815 1289 1877 aderunt
1302 1815 1344 1877 de

362 1902 476 1961 clinatio
494 1909 541 1960 aut
556 1902 745 1979 praepositio,
763 1909 794 1959 ut
808 1909 894 1962 cecat
906 1903 1018 1977 secuit,
1035 1904 1119 1962 cadit
1133 1902 1267 1977 excidit,
1285 1918 1346 1962 cae

361 1987 549 2061 attentatam,
568 1987 670 2046 calcat
685 1986 842 2061 caecinae,
862 1994 891 2043 et
906 1986 948 2043 sic
965 2003 981 2044 a
1000 1987 1134 2046 lavando
1148 1986 1228 2046 lotae
1242 1993 1273 2044 et
1288 1983 1347 2044 iude

360 2089 459 2128 rursus
479 2071 581 2132 illotas
599 2078 627 2127 et
648 2068 727 2128 mille
743 2069 814 2136 alia;
834 2069 886 2128 sed
907 2086 980 2146 quae
995 2071 1082 2128 rectis
1104 2085 1221 2148 qnoque
1238 2068 1347 2132 casibus

360 2162 455 2214 aetate
471 2155 652 2214 transierunt.
687 2153 758 2213 Nam
772 2162 803 2212 ut
820 2151 933 2214 Valesii
948 2162 977 2212 et
991 2153 1076 2214 Fusii
1091 2155 1120 2212 in
1138 2151 1279 2216 Valerios
1293 2151 1348 2214 Fa·

360 2241 479 2318 m'osque
494 2247 647 2298 venerunt:
665 2238 703 2296 ita
722 2239 829 2314 arboc,
851 2238 953 2312 labos,
974 2255 1070 2316 vapos
1089 2240 1174 2297 etiam
1193 2245 1223 2296 et
1240 2239 1349 2300 elamat

318 2328 352 2381 14
360 2326 461 2383 aetatis
474 2323 596 2383 luerunt.
625 2321 720 2399 Atque
735 2324 797 2400 ipsa
810 2322 830 2380 S
842 2320 937 2380 littera
952 2321 987 2380 ab
1001 2322 1044 2381 bis
1058 2320 1218 2382 nominibus
1234 2321 1349 2381 exclusa

360 2409 388 2465 in
405 2406 571 2484 quibusdam
591 2408 653 2483 ipsa
674 2404 758 2464 alteri
779 2407 938 2481 successit,
961 2423 1024 2465 nam
1038 2415 1171 2467 mertare
1186 2413 1275 2484 atquc
1287 2405 1349 2485 pal

360 2498 427 2550 tare
441 2489 583 2564 dicebant,
600 2490 666 2566 quin
680 2489 823 2566 sordeam
836 2489 1001 2567 foedasque
1015 2507 1069 2567 pro
1085 2492 1261 2568 aspiratione
1270 2489 1350 2550 ¹velut

360 2572 444 2633 simili
464 2573 559 2632 littera
575 2581 703 2634 utentes:
727 2589 790 2630 narn
807 2580 906 2631 contra
922 2571 1025 2633 Graeci
1046 2575 1175 2652 aspirare
1191 2573 1305 2650 solent,
1324 2577 1350 2631 ut

360 2673 414 2734 pro
430 2655 575 2716 Fundanio
594 2654 698 2716 Cicero
712 2664 827 2732 testem,
847 2658 894 2734 qui
909 2659 1027 2734 primam
1040 2659 1101 2717 eius
1117 2657 1241 2717 litteram
1256 2655 1350 2716 dioert

318 2746 418 2799 15non
432 2743 542 2818 possit,
560 2741 668 2800 irridet.
699 2740 758 2800 Sed
772 2739 794 2798 B
811 2757 926 2818 quoque
941 2743 969 2799 iu
984 2741 1078 2800 locum
1095 2742 1212 2801 aliamm
1226 2739 1350 2801 dedimus

360 2824 530 2903 aliquando,
557 2825 632 2884 unde
654 2822 776 2884 Barrus
802 2833 831 2884 et
851 2823 973 2904 Braqes
994 2834 1023 2884 et
1042 2824 1165 2887 Balena.
1209 2823 1274 2885 Nec
1300 2838 1351 2884 nou

361 2909 461 2969 eadem
476 2909 547 2968 iecit
562 2928 599 2968 ex
620 2910 719 2970 duello
740 2909 865 2985 bellam,
886 2909 961 2968 uude
975 2907 1112 2971 Daellt'oo
1127 2908 1240 2987 quidam
1256 2909 1351 2969 dicere

318 2995 352 3050 16
362 2991 474 3054 Bellias
488 2994 559 3052 ausi.
590 2992 664 3066 Quid
684 2994 812 3054 stlocum
830 2989 1002 3070 stlitesque?
1032 2992 1147 3066 Qutttt
1162 2994 1278 3052 litterae
1294 3007 1352 3052 oum

361 3075 545 3156 'l'quaedam
571 3073 726 3156 cognatio?
760 3076 858 3150 Quare
882 3078 974 3135 minus
994 3079 1110 3152 mirum,
1134 3079 1159 3136 si
1183 3078 1212 3136 iu
1232 3077 1351 3136 vetustis

361 3160 498 3237 operibus
510 3161 588 3220 urbis
600 3170 717 3220 nostrae
731 3168 760 3219 et
772 3159 937 3221 celebribus
952 3161 1066 3238 templis
1079 3158 1212 3236 legantur
1221 3156 1351 3221 Alexan·

360 3252 407 3304 ter
422 3255 451 3305 et
466 3243 646 3307 Oacoaatra.
681 3245 755 3319 Quid
772 3243 795 3303 0
817 3254 903 3322 atque
921 3243 948 3303 U
966 3253 1145 3322 permutatae
1166 3246 1306 3320 invicem,
1326 3249 1352 3301 ut

359 3325 484 3390 Hecabe
500 3338 529 3388 et
542 3332 645 3390 notata
660 3327 797 3390 &aalaidis
816 3338 844 3388 et
861 3327 1010 3390 Palicano
1026 3329 1234 3403 scriberentur,
1253 3345 1304 3405 ac,
1319 3341 1351 3385 ue

360 3413 389 3470 iu
404 3411 522 3472 Graecis
537 3412 565 3472 id
580 3422 686 3473 tautum
702 3421 826 3487 notetur,
844 3415 995 3474 dederont
1008 3430 1043 3471 ao
1054 3412 1286 3491 probaverant?
1307 3412 1352 3471 Sit

358 3486 526 3573 Ὀδυσσεὺς,
549 3514 634 3574 quem
650 3485 804 3557 Οὕδυσσέα
824 3497 955 3556 fecerant
970 3496 1096 3572 aeoles,
1121 3495 1156 3555 ad
1174 3494 1286 3558 Ulixen
1306 3495 1351 3556 de·

317 3579 460 3641 llduetus
482 3591 535 3640 est.
572 3576 666 3654 Quid?
686 3598 743 3639 non
763 3579 788 3639 Ε
810 3597 926 3659 quoque
946 3579 1041 3639 lloco
1057 3578 1131 3641 luit?
1159 3578 1309 3643 Memeroa
1327 3585 1352 3638 et

359 3666 444 3726 leber
466 3674 494 3722 et
514 3673 665 3742 mapester
685 3673 713 3723 et
729 3662 836 3725 Diiooe
853 3671 969 3726 victora
984 3681 1041 3723 uon
1058 3666 1180 3726 Diiovi?
1214 3665 1273 3724 Sed
1289 3662 1352 3722 mibi

293 3747 455 3914 *locum
470 3751 585 3825 signare
600 3750 669 3807 satis
686 3756 740 3824 est,
757 3765 815 3809 non
830 3750 905 3807 enim
920 3748 1014 3809 doceo
1030 3749 1083 3808 sed
1098 3749 1238 3808 admoneo
1255 3747 1351 3808 doetu-
