3184 4409
338 450 399 514 232
644 464 650 484 ¹
670 461 797 513 mrsu.
810 460 1060 523 eumanum,

339 619 457 700 privatis
476 617 588 679 modus.
621 616 667 678 De
684 618 814 697 partibas
829 624 935 678 musae
953 622 984 677 et
999 618 1165 679 sententiis
1180 619 1325 704 verltlafl

339 720 415 782 quae
431 711 495 761 sunt
511 703 694 782 multiplicia,
710 701 841 781 pluribus
856 700 1018 763 dicendum.
1285 776 1290 789 ¹

282 802 334 860 154
422 785 490 847 Tria
505 796 600 847 autem
614 794 764 865 praestare
780 782 870 846 dehet
903 784 1091 845 renuntiatio:
1108 788 1273 866 ,conciliet
1285 806 1326 871 pa

339 869 475 946 suadeat,
501 877 634 946 moveat,
659 864 762 949 quibus
785 800 1067 946 mur-Rectam,
1089 871 1190 933 etiam
1212 872 1326 937 delerat

340 951 512 1014 Conciliatio
528 953 593 1014 lere
607 962 656 1014 aut
672 952 920 1015 commendatione
934 968 1061 1030 morum,
1083 955 1138 1032 qui
1156 959 1269 1020 nescio
1282 973 1327 1038 aaa

339 1037 427 1098 modo
443 1055 482 1098 ex
497 1055 572 1099 rece
594 1039 680 1098 etiam
695 1041 784 1116 atque
803 1037 919 1097 actione
933 1035 1106 1115 pellucent,
1134 1046 1191 1102 aut
1212 1042 1329 1103 onam

340 1122 480 1182 suavitate
498 1129 623 1190 constat;
641 1120 837 1200 persuadendi
850 1121 895 1180 vis
911 1114 1116 1198 Modone,
1137 1141 1224 1203 quae
1240 1127 1331 1187 intea‘n

281 1205 405 1284 155plus
422 1206 495 1284 ipsis
519 1204 739 1284 probationibus
762 1204 851 1265 valet.
864 1248 866 1253 -
879 1198 930 1267 Ast
952 1205 1030 1281 iate,
1053 1204 1152 1286 iuquit
1171 1204 1332 1273 Gannico

340 1305 429 1366 cero,
443 1291 473 1352 ei
484 1308 561 1351 cera
575 1297 690 1367 esseut,
707 1290 754 1351 sic
770 1289 1045 1352 auctomento?
1070 1298 1121 1366 et,
1146 1288 1334 1357 Tarmel

339 1379 400 1452 eet,
420 1380 455 1435 ct
466 1370 676 1452 inflammares
691 1382 811 1436 costroe
827 1374 963 1457 cainaea,-
979 1390 1120 1435 mamam
1134 1376 1201 1439 iate
1214 1378 1286 1441 loco
1298 1379 1336 1441 ait

339 1457 524 1520 tenebamus.
556 1456 674 1519 Fiducia
691 1459 777 1535 igitur
791 1463 933 1537 appareat
953 1465 983 1517 et
998 1458 1186 1537 constantia,
1210 1462 1337 1541 utiquei

282 1543 333 1598 156
340 1540 496 1601 auctoritas
511 1540 622 1601 subest.
654 1540 790 1602 Moveudi
809 1548 907 1602 autem
920 1540 994 1602 ratio
1010 1548 1057 1604 ant
1071 1541 1105 1601 in-
1114 1554 1338 1623 repraesentas

342 1624 386 1684 dis
403 1633 449 1684 est
465 1633 515 1684 aut
533 1625 674 1686 imitandis
691 1624 853 1687 affectibus.
886 1621 967 1703 Ergo
990 1642 1054 1686 cum
1068 1624 1167 1687 index
1182 1628 1215 1689 in
1230 1630 1339 1709 primii

341 1717 389 1768 aut
407 1725 516 1787 praeco
538 1708 567 1767 in
586 1708 711 1787 publicis
731 1710 837 1770 dicere*
849 1709 893 1770 de
914 1726 1002 1770 causa
1016 1710 1154 1770 iusserit:
1179 1710 1293 1775 leniter
1305 1722 1340 1775 es

342 1791 585 1868 consurgendum
601 1802 659 1854 tum
674 1794 702 1852 iu
718 1791 917 1873 componenda
929 1800 998 1872 toga
1010 1792 1071 1869 vel,
1088 1794 1270 1859 sinecesse
1285 1798 1339 1871 eri

341 1876 427 1935 etiam
444 1893 482 1934 ex
502 1877 615 1954 integro
633 1877 800 1953 inliciendo,
825 1876 960 1939 duntaxat
973 1878 1003 1937 in
1017 1876 1130 1937 indiciis
1149 1879 1254 1959 (apud
1273 1881 1339 1961 prin

342 1960 437 2038 cipem
453 1961 571 2020 enimet
592 1961 774 2038 magistratus
796 1978 831 2022 ac
847 1959 1000 2021 trilinmlia
1014 1977 1073 2021 non
1088 1960 1215 2043 licebit)
1231 1964 1338 2045 paulu

341 2043 582 2119 commorandum,
598 2052 629 2104 ut
644 2052 674 2104 et
687 2045 808 2105 amictus
822 2045 859 2104 sit
874 2044 1025 2105 decentior
1038 2052 1068 2105 at
1082 2046 1224 2124 pretinm
1240 2046 1337 2128 aliquid

283 2129 427 2206 157spatii
442 2127 485 2194 ad
506 2127 697 2205 cogitandum.
731 2126 824 2188 Etiam
841 2146 905 2188 cum
920 2128 957 2189 ad
968 2128 1097 2189 iudicem
1111 2144 1171 2190 nos
1189 2140 1337 2193 converte·

339 2213 444 2288 rimus,
469 2221 498 2271 et
514 2211 660 2291 consultus
676 2221 794 2290 praetor
811 2212 975 2291 permiserit
990 2212 1107 2273 dicere:
1129 2230 1194 2275 nen
1212 2216 1335 2294 pretim

341 2305 385 2355 est
401 2296 622 2374 erumpendum,
647 2297 700 2356 sed
722 2295 815 2357 danda
836 2295 934 2357 brevis
956 2297 1125 2374 cogitationi
1141 2315 1241 2360 mora.
1272 2296 1335 2361 lim

341 2381 415 2439 enim
430 2379 587 2440 auditurum
604 2380 706 2440 dieturi
722 2398 789 2440 eura
804 2380 947 2457 delectat,
969 2388 999 2441 et
1017 2380 1106 2441 iudex
1125 2399 1162 2442 se
1181 2383 1252 2463 ipse
1267 2400 1335 2444 con·

282 2463 429 2542 itepouit.
457 2462 520 2522 Hoc
534 2464 678 2542 praecipit
689 2462 831 2524 llotrrerus
844 2462 938 2525 Ulixis
953 2464 1099 2542 exemplo,
1118 2483 1210 2545 quern
1223 2468 1336 2531 stetisse

339 2548 435 2610 oculis
450 2548 482 2607 ic
501 2555 617 2608 terrum
636 2548 747 2625 deficio
760 2550 940 2626 immotoque
960 2555 1097 2628 sceptro,
1119 2549 1335 2631 priusquamil·

341 2631 396 2691 lam
413 2630 596 2709 eloquentiae
613 2632 774 2710 procellam
789 2631 968 2710 effunderet,
991 2632 1067 2693 dicit.
1100 2631 1132 2693 ln
1148 2633 1209 2695 laac
1225 2643 1334 2696 cuncu-

340 2717 418 2774 tioue
443 2723 508 2773 suut
532 2716 672 2793 quaedam
694 2733 752 2776 nou
777 2715 964 2792 indecentes,
990 2724 1021 2776 ut
1044 2717 1197 2796 appellant
1217 2717 1335 2792 memet

340 2815 455 2857 morae:
477 2808 561 2877 eaput
577 2799 722 2876 mulcere,
746 2818 858 2860 manum
874 2800 994 2876 intueri,
1009 2800 1168 2878 infringere
1187 2801 1335 2874 articulos,

317 2892 319 2897 ’
341 2880 475 2941 simulare
503 2890 651 2959 conatum,
683 2885 876 2962 suspiratione
903 2884 1126 2945 sollicitudinem
1152 2884 1260 2962 lateri,
1292 2892 1336 2946 aut

341 2965 418 3044 quod
433 2984 575 3044 quemque
590 2967 682 3044 magis
700 2968 804 3044 decet,
820 2984 914 3046 eaque
929 2967 1047 3043 diutius,
1069 2969 1093 3027 si
1108 2968 1199 3029 iudex
1213 2968 1337 3031 nondum

283 3049 468 3114 159iuteudet
485 3044 614 3110 animum.
647 3052 743 3112 Status
760 3052 875 3131 quidem
889 3061 989 3112 rectus
1008 3052 1045 3113 sit
1065 3052 1120 3113 sed
1140 3051 1252 3113 diducti
1269 3070 1337 3132 pau·

341 3134 396 3194 lum
417 3135 511 3212 pedes
531 3135 579 3194 vel
605 3135 771 3212 procedens
787 3136 903 3196 minimo
923 3143 1067 3196 momento
1082 3135 1217 3206 sinister;
1241 3152 1337 3215 genna

339 3227 430 3292 recta,
447 3219 489 3278 sie
504 3226 609 3294 tamen,
625 3227 655 3278 ut
671 3237 728 3279 nou
746 3219 945 3280 extendantur.
967 3218 1084 3281 Humeri
1098 3219 1226 3296 remissi,
1241 3219 1338 3281 vultus

340 3319 478 3377 severus,
500 3320 558 3362 non
572 3312 699 3363 maestus
713 3321 769 3363 nec
783 3312 904 3382 stupens
918 3321 974 3364 nec
994 3303 1158 3382 languidum
1181 3303 1306 3365 brachia
1321 3318 1338 3375 a

340 3384 431 3443 latere
448 3387 562 3446 modice
578 3395 705 3456 remota;
721 3405 821 3446 manus
835 3388 966 3464 sinistra,
985 3387 1100 3466 qualem
1113 3405 1203 3467 supra
1218 3388 1337 3449 demon·

339 3469 443 3536 stravi;
467 3470 578 3545 dextra,
596 3489 658 3531 eum
673 3472 728 3530 iam
743 3471 936 3550 incipiendum
951 3473 1016 3548 erit,
1032 3471 1147 3551 paulum
1163 3471 1282 3551 prolata
1296 3470 1337 3532 nl·

340 3558 382 3610 tra
398 3553 488 3611 sinum
503 3563 588 3629 gestu
604 3573 687 3632 quam
701 3554 923 3633 modestissimo,
938 3555 1019 3617 velut
1033 3564 1203 3636 expectans,
1221 3554 1337 3637 quando

283 3635 530 3712 160incipieudum
557 3639 603 3696 sit.
634 3638 746 3699 Vitiosa
772 3640 848 3699 enim
868 3648 932 3700 sunt
954 3638 1022 3716 illa,
1049 3640 1152 3700 intueri
1177 3640 1336 3714 lacunaria,

339 3719 499 3797 perfricare
520 3721 624 3782 faeiem
646 3731 674 3782 et
691 3724 772 3802 quasi
788 3723 949 3805 improbam
965 3722 1084 3805 iacere,
1105 3723 1230 3787 tendere
1247 3723 1336 3789 conli-
