3184 4409
514 474 603 521 nasu.
617 472 766 523 caenon.
779 474 848 543 cre.
862 470 953 540 x1‚a.
1200 462 1261 522 205

246 631 371 690 bbium
386 628 491 690 ambitu
508 636 537 686 et
551 628 670 704 picturis
685 628 747 688 fleri
763 636 870 706 potest.
905 627 996 687 Etiam
1013 629 1122 705 lingere
1141 629 1195 688 sibi
1210 630 1261 688 has

246 716 400 790 nagines
414 714 493 773 licet.
527 709 605 788 Opus
627 721 673 770 est
686 722 765 788 'ergo
788 713 877 787 locis,
900 730 974 789 quae
996 714 1042 771 vel
1059 714 1200 788 linguntur
1214 714 1262 772 vel

246 807 422 873 :munium
445 794 615 872 imaginibus
636 796 684 856 vel
706 795 883 870 simulacris,
910 815 984 874 quae
1010 799 1107 873 utique
1130 797 1262 872 fingenda

246 891 334 941 unt.
364 880 506 958 Imagines
531 889 617 939 notae
639 889 718 955 sunt,
740 880 843 957 quihus
865 897 995 956 eaquae
1018 880 1172 939 ediscenda
1199 890 1263 938 sunt

246 975 400 1039 (stamus,
417 974 458 1039 ut,
475 963 619 1042 quomodo
636 961 740 1022 Cicero
756 964 835 1038 dicit,
850 961 924 1022 locis
939 980 992 1040 pro
1010 982 1087 1037 cera,
1104 964 1262 1022 simulacris

258 1064 313 1108 ro
329 1048 432 1108 litteris
448 1057 566 1107 utamur.
599 1046 672 1107 lllud
688 1065 804 1126 quoque
819 1047 855 1107 ad
869 1046 988 1105 verlrum
1003 1065 1115 1124 ponere
1128 1048 1263 1124 optimum
1270 1053 1304 1103 Ὦ

246 1134 364 1192 ¹uerit:
395 1131 486 1194 Locis
508 1139 552 1193 est
573 1133 717 1192 attenedum
742 1132 857 1206 moltis,
881 1132 1066 1206 illustribus,
1090 1132 1261 1210 explicatis,

246 1217 390 1278 ’aedicio
403 1216 791 1293 intervallicee'mepinibuc
812 1223 913 1275 autem
929 1217 1103 1293 cpentidua,
1124 1216 1261 1287 ombus,

246 1301 429 1377 medendis,
454 1317 534 1379 quoe
555 1317 720 1360 occurrere
735 1299 934 1375 celeriterque
947 1307 1109 1375 percutere
1130 1300 1262 1359 enimam

246 1386 385 1448 teactae.
404 1383 479 1456 ¹Quo
490 1385 581 1459 magis
593 1387 691 1459 miror,
704 1383 849 1461 quomodo
861 1382 1043 1441 Metrodorus
1056 1383 1084 1440 in
1095 1381 1150 1441 XII
1161 1384 1260 1458 signis,

246 1480 315 1528 »er
336 1486 410 1545 quae
432 1468 477 1526 sol
500 1476 591 1541 meat,
615 1476 752 1527 trecenos
777 1475 806 1525 et
826 1482 990 1542 sexagenos
1012 1468 1152 1524 invenerit
1168 1466 1260 1525 locos.

246 1547 380 1612 Vanitas
396 1552 524 1609 nimirum
539 1550 591 1609 luit
605 1560 692 1629 atque
705 1551 821 1611 iactatio
838 1552 915 1610 circa
927 1551 1092 1610 memoriam
1103 1567 1154 1608 sua
1166 1551 1262 1628 potius

246 1646 325 1698 {rte
339 1652 423 1712 quarn
441 1644 539 1694 natura
554 1634 715 1711 gloriantis.
766 1659 767 1662 ¹

346 1718 486 1796 Equidem
501 1719 575 1777 haec
592 1720 627 1778 ad
643 1719 783 1795 quaedam
799 1717 942 1795 prodesse
956 1734 1013 1776 non
1028 1718 1209 1794 negaverim,
1231 1717 1305 1776 otas

246 1806 282 1864 si
307 1820 404 1861 rerum
428 1803 540 1862 nomina
565 1802 652 1861 multa
678 1820 731 1880 per
756 1802 885 1861 ordinem
912 1802 1007 1861 audita
1029 1802 1177 1861 reddenda
1196 1802 1261 1860 sint.

246 1885 392 1964 Namque
408 1887 435 1952 in
452 1888 496 1960 iis,
513 1903 587 1964 quae
603 1887 780 1960 didicerunt,
797 1885 872 1944 locis
889 1893 998 1961 ponunt
1012 1903 1061 1943 res
1077 1885 1158 1944 illas:
1184 1902 1262 1943 men-

246 1989 334 2044 nam,
348 1979 378 2029 ut
389 1969 445 2029 hoc
457 1979 530 2044 utar,
544 1969 727 2028 investibulo
740 1979 768 2028 et
780 1968 919 2047 pulpitum
930 1970 958 2026 in
971 1969 1043 2028 atrio
1057 1970 1139 2027 etsie
1152 1976 1261 2041 cetera,

246 2054 366 2116 deinde
383 2055 552 2130 relegentes
569 2055 732 2127 inveniunt,
756 2053 804 2112 nbi
824 2054 982 2130 posuerint.
1013 2050 1051 2110 Et
1072 2052 1191 2111 iorsitan
1206 2050 1306 2110 hocta

246 2146 329 2198 sunt
344 2137 446 2213 adiuti,
469 2138 533 2214 qui,
556 2139 689 2196 auctione
706 2137 841 2210 dimissa,
864 2136 932 2212 quid
947 2137 1051 2213 cuique
1066 2134 1274 2194 vendidissent.
1305 2203 1309 2210 ³

246 2220 383 2282 testibus
399 2221 627 2297 argentariorum
641 2220 745 2280 tabulis
760 2219 961 2287 reddiderunt;
991 2218 1068 2296 quod
1083 2219 1263 2297 praestitisse
1344 2239 1346 2242 ·

248 2306 447 2366 Hortensium
464 2304 569 2364 dicunt.
603 2303 695 2363 Minus
710 2303 786 2364 idem
801 2304 931 2382 proderit
948 2305 976 2360 in
992 2303 1171 2376 ediscendis,
1189 2319 1264 2379 quae

252 2389 400 2466 orationis
422 2396 581 2465 perpetuae
605 2397 695 2447 erunt.
725 2386 797 2448 Nam
814 2395 844 2446 et
863 2404 965 2453 sensus
989 2403 1046 2444 non
1060 2386 1181 2445 eandem
1196 2387 1263 2443 ima-

254 2475 358 2551 ginem
374 2490 457 2549 quam
472 2489 520 2529 res
542 2470 664 2546 hahent,
691 2489 753 2530 cum
768 2470 890 2530 alterum
904 2471 1066 2546 lingendum
1082 2471 1127 2528 sit.
1158 2468 1195 2527 Et
1211 2468 1263 2527 ho·

257 2575 324 2616 rum
339 2564 433 2614 tamen
450 2564 592 2631 utcunque
609 2564 771 2614 commonet
786 2555 885 2623 locus;
909 2555 962 2614 sed
985 2555 1125 2613 sermonis
1144 2553 1264 2613 alicuius

257 2639 351 2700 habiti
368 2639 523 2697 verborum
547 2647 699 2699 contextus
717 2638 819 2698 eadem
837 2647 898 2698 arte
914 2637 1058 2716 pomodo
1075 2636 1264 2716 comprehen-

260 2720 366 2783 detur?
391 2722 483 2797 Mitto,
501 2722 578 2800 quod
594 2723 734 2800 quaedam
749 2722 835 2782 nullis
850 2722 1009 2781 simulacris
1025 2722 1180 2798 significari
1196 2728 1306 2798 pos-25

261 2814 343 2879 sunt,
365 2816 394 2865 ut
417 2816 497 2865 certe
522 2807 748 2866 coniunctiones.
781 2805 945 2865 Habeamus
966 2808 1040 2865 enim
1061 2824 1147 2880 sane,
1170 2805 1264 2882 utqui

261 2890 339 2948 notis
357 2890 501 2964 scribunt,
530 2894 625 2950 celtas
648 2892 788 2966 imagines
808 2891 932 2949 omnium
947 2898 977 2949 et
993 2889 1059 2950 loca
1075 2890 1189 2948 scilicet
1204 2888 1264 2945 ind-

261 2975 337 3044 nita,
362 2991 416 3048 per
436 2991 511 3052 quae
526 2973 632 3050 verba,
656 2983 726 3052 quot
748 2982 813 3033 sunt
835 2974 864 3032 in
880 2975 1006 3053 quinque
1028 2982 1127 3032 contra
1141 2972 1265 3030 Verrem

262 3054 409 3114 secundae
428 3059 548 3116 actionis
567 3057 663 3133 libris,
689 3059 887 3136 explicentur,
910 3067 940 3117 ut
953 3058 1164 3116 meminerimus
1180 3055 1265 3113 etiarn

263 3139 386 3198 omnium
404 3141 719 3220 quasi'depositorum:
748 3158 842 3199 nonne
866 3140 998 3219 impediri
1019 3157 1135 3217 quoque
1151 3138 1265 3197 dicendi

263 3239 377 3282 cursum
394 3241 519 3283 necesse
539 3235 584 3284 est
609 3225 716 3303 duplici
736 3226 893 3284 memoriae
911 3226 1001 3284 cura?
1031 3222 1102 3282 Nam
1117 3222 1307 3300 quomodo‘td

262 3314 398 3384 poterunt
413 3308 547 3384 copulata
563 3309 664 3383 lluere,
680 3310 705 3367 si
720 3318 841 3386 propter
856 3308 969 3384 singula
982 3306 1071 3366 verba
1087 3307 1122 3366 ad
1137 3305 1280 3382 singulas*

261 3391 370 3449 formas
386 3392 598 3468 respiciendum
613 3389 690 3452 erit?
719 3391 817 3466 Quare
832 3401 862 3451 et
877 3389 1051 3451 Charmadas
1069 3399 1098 3449 et
1114 3391 1263 3468 Scepsius,

262 3475 299 3533 de
317 3490 373 3550 quo
391 3473 476 3533 modo
497 3476 572 3550 dixi,
594 3475 792 3551 Metrodorus,
817 3493 890 3554 quos
908 3474 1012 3535 (licere
1036 3473 1104 3534 dicit
1127 3489 1195 3532 usos
1210 3473 1264 3534 lrac

262 3559 483 3633 exercitatione,
500 3559 555 3618 sibi
569 3559 693 3619 habeant
708 3578 772 3626 sua:
791 3577 845 3619 nos
863 3558 1039 3637 simpliciora
1054 3558 1207 3619 tradamus.

349 3643 379 3700 Si
395 3643 510 3719 longior
526 3643 747 3721 complectenda
761 3645 898 3704 memoria
914 3643 1119 3702 ineritoratio:
1137 3641 1306 3720 proderitt‘l

261 3745 317 3805 per
339 3736 438 3803 partes
467 3727 613 3796 ediscere;
642 3727 754 3788 laborat
780 3730 854 3787 enim
878 3729 1000 3787 maxime
1023 3744 1128 3792 onere:
1157 3734 1186 3783 et
1210 3723 1264 3782 hae
