3184 4409
567 461 978 526 msuomuomusnns.
1230 451 1271 513 29

263 696 266 701 .
281 623 393 702 patrium
410 636 464 697 pro
481 621 652 698 possessivo
669 619 771 680 dicitur
784 619 834 678 vel
853 628 962 679 contra.
984 617 1055 679 Nam
1070 620 1178 694 vitium,
1195 621 1312 697 quod4o

246 707 250 734 ³
282 707 305 766 u
321 724 375 784 per
390 705 577 782 quantitatem
592 711 623 762 ut
635 722 778 782 moqnum
791 704 988 781 pecaliolum,
1009 713 1091 763 erunt
1108 705 1155 782 qui
1174 704 1270 762 soloe·

246 799 251 824 ’-
283 793 392 850 cismum
413 796 531 866 putent,
552 789 618 865 quia
638 805 692 865 pro
712 790 826 847 nomine
848 789 962 863 integro
984 789 1107 866 positum
1128 790 1164 848 sit
1182 788 1270 848 demi·
1334 836 1339 849 .

283 883 378 933 nutum.
401 871 467 948 Ego
483 871 591 946 dubito,
605 888 641 929 an
653 872 681 931 id
691 874 892 950 improprium
902 874 998 950 potius
1014 872 1169 949 appellem,
1182 874 1269 949 signi·

284 957 407 1018 lcatione
429 957 505 1015 enim
525 956 655 1024 deerrat;
681 956 848 1015 soloecismi
871 972 960 1034 porro
980 957 1077 1014 vitium
1099 973 1156 1014 uou
1178 966 1223 1015 est
1242 959 1270 1015 in

285 1060 361 1101 seusu
377 1041 431 1100 sed
450 1042 480 1099 in
500 1040 663 1117 complexu.
699 1038 732 1099 ln
750 1041 902 1118 participio
925 1057 978 1118 per
998 1058 1091 1116 genus
1114 1048 1142 1098 et
1161 1049 1311 1115 casum,47

246 1121 249 1127 ’
285 1127 352 1185 utin
371 1122 534 1200 vocabulo,
557 1141 611 1202 per
634 1133 782 1202 tempora,
804 1133 835 1182 ut
856 1125 884 1182 in
904 1123 1014 1199 verbo,
1037 1141 1091 1202 per
1111 1142 1269 1198 numerum,

286 1218 308 1268 rt
325 1211 354 1269 in
371 1218 512 1286 utroque,
535 1216 682 1286 peccatur.
720 1207 883 1267 Pronomen
903 1225 1019 1286 quoque
1041 1225 1150 1283 genus,
1174 1226 1270 1267 nurne-

246 1293 254 1324 ¹
286 1311 350 1370 mm,
371 1310 456 1353 casus
471 1291 574 1366 habet,
595 1309 672 1370 quae·
687 1293 780 1351 omnia
794 1293 937 1370 recipiunt
951 1291 1111 1350 huiusmodi
1131 1309 1269 1350 errorem.

287 1373 359 1436 liunt
375 1377 544 1436 soloecismi
559 1384 588 1435 et
603 1376 717 1454 quidem
734 1376 847 1454 plurimi
862 1393 916 1454 per
930 1384 1028 1454 partes
1047 1377 1199 1443 orationis;
1218 1375 1271 1435 sed
1278 1383 1313 1436 48

287 1460 307 1520 id
324 1461 440 1521 tradere
463 1461 532 1519 satis
552 1476 609 1519 non
630 1469 691 1535 est,
712 1479 748 1519 ne
769 1462 809 1520 ita
831 1460 944 1519 demum
962 1461 1061 1519 vitium
1082 1478 1150 1518 esse
1172 1459 1271 1520 credat

246 1539 253 1577 ²
287 1561 357 1632 pqer,
380 1547 405 1604 si
427 1561 481 1622 pro
503 1543 568 1618 alia,
588 1553 711 1622 ponatur
731 1544 799 1618 alia,
819 1552 850 1602 ut
864 1543 994 1619 verbum,
1013 1543 1061 1612 nbi
1080 1561 1184 1604 nomen
1205 1563 1272 1604 esse

246 1628 253 1653 ·‘
288 1626 425 1704 debuerit,
447 1627 496 1686 vel
519 1627 700 1703 adverbium,
725 1628 774 1688 ubi
800 1644 974 1706 pronomen,
997 1636 1026 1687 et
1049 1629 1161 1690 similia.
1200 1627 1314 1688 Nam49

246 1710 251 1743 ³
288 1720 339 1772 sunt
359 1712 501 1792 quaedam
524 1721 666 1788 cognata,
690 1720 721 1771 ut
743 1713 854 1787 dicunt,
875 1712 903 1771 id
924 1720 969 1771 est
988 1712 1116 1772 eiusdem
1140 1715 1270 1790 generis,

246 1804 253 1813 '
287 1795 442 1875 inquibus,
469 1797 517 1874 qui
534 1795 589 1856 alia
608 1797 709 1874 specie
732 1815 815 1874 quarn
834 1805 950 1875 oportet
969 1805 1080 1874 utetur,
1105 1814 1162 1856 non
1181 1799 1271 1856 minus

246 1888 252 1898 “
288 1895 359 1957 qnam
376 1883 442 1959 ipso
462 1898 572 1957 genere
594 1881 937 1960 permutato-deliquerit.
971 1881 1043 1940 Nam
1064 1890 1093 1940 et
1114 1900 1155 1942 on
1175 1891 1204 1940 et
1220 1889 1315 1942 uulso

246 1973 250 1982 '
287 1967 493 2026 coniunctiones
511 1973 591 2038 sunt,
611 1964 686 2023 male
702 1973 795 2023 tanren
813 1967 995 2041 interroges,
1015 1967 1065 2027 isio
1080 1974 1134 2026 aut
1148 1967 1200 2026 itte
1214 1968 1272 2032 sitr

246 2072 250 2082 ·
287 2056 309 2106 et
324 2068 364 2112 ne
384 2067 420 2109 ac
437 2047 664 2115 ooc'adverbia;
686 2051 734 2126 qui
752 2058 846 2108 tamen
868 2048 943 2108 dicat
959 2066 1013 2127 pro
1033 2049 1083 2108 illo
1106 2069 1148 2111 nc
1159 2050 1274 2127 feceris
1309 2043 1311 2046 ⁴

246 2156 250 2166 ·
285 2151 334 2194 sors
352 2134 484 2212 feceris,
510 2134 539 2191 in
558 2133 633 2192 idem
653 2134 758 2192 incidat
779 2135 894 2207 vitium,
921 2134 986 2210 quia
1008 2132 1129 2192 alterum
1148 2133 1272 2209 negandi

286 2224 322 2276 est
341 2216 465 2276 alterum
489 2216 613 2276 vetandi.
655 2216 718 2275 Hoc
745 2216 867 2294 amplius
887 2217 966 2276 intro
987 2224 1017 2275 et
1038 2217 1120 2277 intus
1140 2217 1199 2277 loci
1222 2217 1270 2275 ad·

246 2289 251 2335 ²
285 2301 388 2377 sarbia,
404 2318 440 2362 eo
453 2309 546 2360 tamen
560 2302 686 2361 inlucet
700 2302 781 2361 intro
796 2319 864 2360 sum
877 2299 1045 2358 soloecismi
1062 2309 1135 2359 sunt.
1163 2299 1271 2359 Eadem
1280 2308 1313 2360 51

246 2382 251 2420 ἕ
285 2384 493 2445 indiversitate
516 2387 730 2464 pronominum,
753 2386 1000 2458 interiectionum,
1024 2386 1271 2463 praepositionum

246 2479 250 2487 ’
285 2468 419 2529 accidunt.
457 2467 510 2528 Est
529 2471 613 2528 etiam
631 2469 823 2529 soloecismus
838 2471 866 2529 in
882 2470 1014 2528 oratione
1036 2469 1270 2547 comprehensio-

246 2552 250 2588 ·‘
285 2554 319 2612 uis
336 2557 422 2614 unius
445 2555 626 2631 sequentium
645 2571 680 2614 ac
698 2555 826 2631 priorum
847 2556 922 2612 inter
943 2572 976 2612 se
994 2555 1200 2614 inconveniens
1219 2569 1271 2630 po·

246 2642 249 2671 ³
286 2637 351 2698 sitio.
393 2636 543 2711 Quaedam
562 2645 655 2696 tamen
678 2647 707 2696 et
724 2637 828 2697 faciem
847 2637 1014 2697 soloecismi
1035 2637 1142 2697 hahent
1163 2646 1193 2696 et
1215 2636 1314 2696 diuisa

246 2721 248 2744 ²
286 2722 379 2782 utiosa
394 2737 454 2780 non
467 2730 606 2800 possunt,
629 2730 658 2780 ut
673 2723 835 2800 traqocdc'a
852 2720 993 2800 Thyestes
1011 2730 1040 2780 et
1055 2723 1121 2783 ludi
1134 2720 1273 2782 Floralia

287 2821 311 2865 ac
327 2803 518 2884 diequlesia,
541 2823 701 2884 quanquam
720 2805 793 2865 haec
816 2807 948 2884 sequenti
969 2813 1100 2883 tempore
1119 2805 1271 2864 intercide·

286 2900 338 2949 mnt
356 2907 502 2967 nunquam
522 2889 606 2949 aliter
621 2907 638 2949 a
655 2889 803 2949 veteribus
824 2891 908 2950 dicta.
941 2888 1106 2950 Schemate
1121 2891 1208 2967 igitur
1222 2907 1272 2948 no·

287 2974 469 3048 rimabuntur,
485 2973 682 3051 frequentiora
699 2974 813 3053 quidem
829 2975 904 3051 apud
920 2981 1023 3052 poetas
1042 2974 1094 3033 sed
1109 2973 1272 3034 oratoribus

288 3070 391 3138 quoque
407 3059 560 3136 permissa.
585 3058 693 3118 Verum
708 3057 823 3117 schema
838 3058 901 3117 iere
917 3057 1035 3117 habebit
1049 3057 1172 3136 aliquam
1187 3059 1271 3116 ratio·
1279 3065 1314 3118 53

287 3152 354 3218 mm,
373 3151 406 3202 ut
425 3141 593 3201 docebimus
609 3159 662 3217 eo,
684 3160 768 3220 quem
784 3141 871 3220 paulo
887 3151 953 3202 ante
974 3143 1173 3220 promisimus,
1193 3141 1270 3200 loco.

287 3223 333 3287 Sed
352 3226 412 3287 hoc
435 3242 567 3304 quoque,
597 3225 674 3304 quod
693 3227 817 3287 ccccmo
835 3236 972 3300 vocatur,
999 3226 1023 3283 si
1047 3224 1083 3284 ab
1103 3226 1200 3303 aliquo
1219 3243 1273 3303 per

286 3307 493 3388 inprudentiam
513 3310 618 3369 iactum
638 3312 707 3384 erit,
730 3310 898 3369 soloecismi
919 3311 989 3368 vitio
1010 3325 1068 3367 non
1086 3309 1205 3368 carebit.
1240 3308 1272 3368 ln
1281 3313 1315 3366 54

286 3393 374 3454 cadem
394 3395 499 3472 specie
518 3394 652 3453 suntsed
671 3393 818 3452 schemate
838 3403 950 3467 carent,
970 3400 1001 3450 ut
1021 3411 1107 3470 supra
1127 3394 1201 3469 dixi,
1222 3411 1271 3452 no·

285 3479 346 3538 uiua
365 3478 518 3552 feminina,
541 3477 646 3555 quihus
664 3495 758 3536 mares
780 3488 912 3550 utuntur,
936 3485 964 3536 et
987 3478 1141 3549 neutralia,
1168 3477 1271 3556 quibus

285 3557 406 3622 ie'minae.
437 3561 583 3621 Hactenus
600 3562 636 3621 de
650 3561 836 3621 soloecismo.
866 3560 968 3638 Neque
985 3562 1059 3620 enim
1075 3572 1164 3622 artem
1179 3580 1271 3638 grans-

285 3648 405 3706 naticam
421 3662 598 3724 componere
614 3648 747 3722 aggressi
762 3664 874 3719 sumus,
894 3645 946 3704 sed
963 3663 1026 3705 cum
1046 3647 1074 3705 in
1087 3648 1215 3707 ordinem
1231 3646 1270 3703 in·

287 3739 422 3808 oneret,
444 3730 643 3790 inhonoratam
663 3730 785 3790 transire
805 3729 956 3790 noluimus.
