3184 4409
548 486 985 557 rusr.onan0a.n1s.1x,a.
1208 479 1268 542 105

266 644 447 706 schematum
469 645 601 705 condicio
622 661 679 703 non
702 644 803 703 eadem
821 653 876 704 est.
914 643 1078 717 Quamlibet
1093 646 1167 705 enim
1183 664 1268 726 aper·

267 740 338 804 turn,
357 729 434 808 quod
454 731 540 790 modo
565 738 593 789 et
615 728 699 788 aliter
720 727 843 804 intelligi
864 730 973 806 possit,
995 730 1023 787 in
1040 730 1109 789 illos
1131 739 1268 806 tyrannos

267 814 345 874 bene
361 814 485 888 dixeris,
515 811 581 891 quia
596 812 755 890 periculum
770 821 876 872 tanturn
892 829 950 871 non
968 814 1052 872 etiam
1070 814 1181 875 offensa
1196 818 1269 876 vita·

268 907 324 957 tur.
356 896 441 970 Quod
456 898 480 955 si
496 896 681 974 ambiguitate
699 898 859 956 sententiae
880 898 974 973 possit
994 897 1086 972 eludi,
1107 915 1191 956 nemo
1212 909 1312 964 nono8

270 981 312 1040 illi
327 981 403 1040 furto
421 981 509 1040 lavet.
534 981 612 1040 Vera
630 981 748 1056 negotia
762 998 905 1058 nunqnam
920 981 1013 1039 adhuc
1024 980 1184 1050 habuerunt
1195 982 1270 1043 hanc

268 1065 376 1125 silentii
393 1065 611 1132 necessitatem;
630 1064 682 1123 sed
700 1064 783 1123 aliam
800 1064 867 1123 huic
882 1064 1001 1123 similem
1013 1082 1111 1123 verum
1128 1065 1217 1125 multo
1233 1067 1269 1126 ad
1357 1114 1359 1118 .

269 1148 411 1224 agendum
427 1147 636 1221 difficiliorem,
659 1165 722 1206 cum
737 1165 883 1224 personae
897 1156 1033 1226 potentes
1052 1147 1185 1224 obstant,
1207 1152 1269 1210 sine

270 1250 389 1310 quarum
407 1231 635 1309 reprehensione
653 1231 745 1289 teneri
763 1249 850 1290 causa
861 1248 920 1289 non
934 1234 1037 1312 possit.
1067 1231 1196 1310 Ideoque
1213 1234 1312 1298 hocttil

269 1317 386 1394 parcius
405 1325 434 1375 et
453 1315 690 1394 circumspectius
707 1313 869 1374 iaciendum
885 1324 945 1381 est;
969 1317 1035 1394 quia
1051 1316 1119 1376 nihil
1136 1318 1268 1392 interest,

269 1399 415 1478 quomodo
434 1399 580 1475 offendas,
603 1407 632 1458 et
651 1406 751 1475 aperta
768 1399 863 1482 ,ligura
879 1400 974 1476 perdit
988 1401 1045 1460 hoc
1060 1401 1169 1478 ipsum,
1192 1401 1270 1479 quod

269 1484 362 1561 ligura
379 1493 434 1542 est.
476 1482 604 1561 Ideoque
627 1500 643 1541 a
666 1481 835 1559 quibusdam
862 1492 921 1543 tota
936 1501 985 1543 res
1000 1484 1183 1562 repudiatur,
1206 1486 1269 1544 sire

267 1567 446 1644 intelligatur
461 1569 524 1626 sive
540 1584 597 1626 non
613 1566 799 1643 intelligatur.
831 1566 889 1625 Sed
905 1567 975 1627 licet
989 1568 1103 1628 modum
1119 1567 1267 1628 adhibere.

269 1649 302 1712 ln
317 1653 427 1729 primis,
443 1669 480 1718 ne
496 1653 552 1711 sint
565 1650 746 1710 manifestae.
782 1649 848 1709 Non
870 1660 953 1710 erunt
973 1661 1084 1728 autem,
1108 1654 1133 1712 si
1157 1669 1215 1712 non
1232 1671 1270 1712 ex

268 1735 367 1796 verbis
390 1735 482 1795 dubiis
508 1744 537 1795 et
564 1736 645 1814 quasi
669 1733 831 1813 duplicibus
855 1736 1005 1813 petentur:
1029 1737 1110 1795 utin
1133 1747 1270 1816 suspecta

268 1838 351 1895 nuru,
365 1817 451 1881 Daoi
465 1836 602 1896 oaorem,
619 1834 698 1896 quae
710 1820 941 1897 pattiplocuit;
958 1828 1016 1894 aut,
1033 1819 1110 1899 quod
1127 1829 1172 1880 est
1182 1821 1313 1884 multato

267 1905 407 1982 ineptius,
430 1901 685 1982 compositionibus
708 1900 865 1978 ambiguis:
887 1912 919 1963 ut
938 1905 967 1963 in
986 1903 1036 1963 illa
1059 1906 1269 1981 controversia,

269 1989 297 2046 in
314 2005 369 2066 qua
384 1987 494 2047 infamis
511 2004 608 2046 amore
621 1987 698 2045 liliae
713 1987 832 2062 virginis
843 1996 927 2064 pater
941 1995 1051 2065 raptam
1068 2005 1130 2046 eam
1147 1990 1269 2048 interro-

269 2080 334 2148 gat,
351 2089 367 2130 a
383 2088 440 2150 qno
457 2073 555 2131 vitiata
572 2072 626 2146 sit,
647 2067 722 2143 ono
737 2078 781 2146 tc,
803 2072 908 2148 inquit,
932 2072 1060 2150 rapuit?
1092 2069 1152 2143 Tc,
1166 2081 1267 2151 poter,

268 2157 392 2217 hesma?
427 2154 486 2215 Res
508 2157 590 2233 ipsae
613 2154 773 2232 perducant
793 2154 917 2214 iudicem
939 2156 976 2215 ad
998 2156 1210 2233 suspicionem,
1240 2162 1304 2219 etit

269 2239 437 2319 amoliamur
461 2247 576 2314 cetera,
603 2247 633 2296 ut
659 2238 716 2297 hoc
742 2237 835 2297 solum
858 2240 998 2316 supersit;
1020 2239 1048 2297 in
1071 2255 1128 2316 quo
1151 2238 1272 2298 multum*

270 2325 355 2383 etiam
371 2323 491 2383 affectus
507 2324 602 2382 iuvant
619 2330 647 2381 et
662 2323 821 2400 interrupta
837 2322 952 2381 silentio
969 2323 1056 2382 dictio
1069 2331 1099 2381 et
1109 2324 1267 2382 cunctatio·

270 2423 333 2466 nes.
366 2408 415 2467 Sic
431 2408 505 2466 enirn
520 2407 586 2482 det,
609 2415 639 2465 ut
659 2405 746 2466 iudex
768 2415 889 2484 quaerat
904 2406 975 2466 illud
990 2408 1089 2466 nescio
1106 2407 1267 2485 quid-ipse,

270 2489 348 2568 quod
363 2489 488 2551 fortasse
503 2508 561 2550 non
581 2489 725 2566 crederet,
748 2491 772 2549 si
788 2490 914 2565 audiret,
933 2499 962 2549 et
980 2491 1026 2566 ei,
1053 2491 1130 2570 quod
1146 2508 1162 2551 a
1178 2509 1211 2550 se
1226 2491 1267 2550 in·

268 2582 385 2635 ventum
408 2576 569 2650 existimat,
592 2575 701 2636 credat.
746 2574 805 2634 Sed
826 2592 863 2632 ne
880 2575 905 2633 si
923 2575 1050 2652 optimae
1068 2575 1182 2654 quidem
1199 2577 1308 2649 sium

269 2677 337 2719 esse
355 2657 461 2718 debent
477 2659 655 2737 frequentes.
694 2657 767 2718 Nam
790 2657 931 2717 densitate
951 2660 1016 2736 ipsa
1036 2659 1147 2737 figurae
1171 2661 1264 2740 aperi·

269 2752 364 2818 untur,
380 2761 436 2803 nec
453 2743 582 2804 offensae
597 2744 689 2801 minus
710 2741 816 2802 habent
834 2741 886 2802 sed
902 2744 1090 2803 auctoritatis.
1126 2743 1190 2804 Nec
1215 2762 1266 2823 pu-

269 2827 324 2886 dor
343 2826 470 2902 videtur,
497 2826 573 2905 qnod
593 2843 650 2886 non
671 2825 765 2905 palam
790 2825 927 2902 obiicias,
950 2827 1003 2898 sed
1026 2827 1191 2888 diffidentia.
1234 2826 1267 2888 Iu

270 2928 393 2987 summa,
416 2912 459 2971 sic
474 2913 595 2970 maxime
615 2910 703 2970 iudex
724 2910 817 2970 credit
838 2911 952 2988 liguris,
978 2912 1002 2970 si
1022 2929 1077 2971 nos
1093 2921 1173 2991 putat
1187 2911 1267 2970 nolle

272 2993 381 3054 dicere.
413 2993 556 3072 Equidem
577 3003 606 3054 et
626 2996 655 3054 in
673 3011 815 3073 personas
831 2994 916 3054 incidi
932 2994 1006 3055 tales
1028 3004 1058 3055 et
1073 2997 1102 3054 iu
1117 3013 1178 3055 rcrn
1195 2999 1310 3072 quo-⁷3

271 3095 339 3156 que,
356 3079 433 3155 quod
451 3088 496 3138 est
512 3080 603 3156 magis
619 3097 729 3154 rarum,
751 3095 827 3156 quae
848 3077 971 3138 obtineri
993 3079 1048 3138 nisi
1064 3078 1119 3138 hac
1134 3072 1195 3138 arte
1210 3095 1266 3137 non
1305 3115 1307 3118 -

269 3171 382 3241 posset.
413 3162 503 3223 Ream
519 3161 631 3238 tuebar,
648 3180 721 3240 quae
733 3162 895 3222 subiecisse
911 3161 1060 3223 dicebatur
1071 3162 1164 3221 mariti
1179 3170 1266 3222 testa·

269 3254 411 3321 mentum,
437 3255 466 3306 et
481 3245 650 3307 dicebantur
666 3245 889 3324 chirographum
904 3247 1007 3306 marito
1023 3247 1166 3323 expiranti
1181 3245 1266 3306 here·

270 3329 323 3405 des
346 3329 475 3399 dedisse;
499 3339 528 3390 et
547 3349 647 3391 verum
669 3338 741 3390 erat.
781 3329 870 3407 Nam,
891 3331 957 3408 quia
977 3347 1032 3408 per
1053 3324 1138 3406 lege's
1159 3330 1309 3394 institui74

269 3431 345 3473 uxor
359 3431 417 3473 non
431 3424 546 3493 poterat
561 3416 660 3490 heres,
675 3415 704 3474 id
719 3414 814 3474 iuerat
828 3423 932 3490 actum,
948 3410 1026 3474 atad
1043 3431 1106 3474 eam
1117 3413 1198 3474 bona
1213 3431 1267 3492 per

269 3497 328 3557 hoc
350 3500 466 3558 tacitum
487 3499 737 3558 fideicommissum
757 3499 954 3576 pervenirent.
988 3496 1026 3558 Et
1047 3506 1132 3576 caput
1152 3498 1266 3576 quidem

270 3582 345 3640 tueri
362 3582 448 3643 iacile
465 3591 542 3658 erat,
563 3584 587 3641 si
603 3582 660 3642 hoc
674 3583 837 3643 diceremus
853 3582 964 3661 palam,
986 3581 1039 3643 sed
1054 3581 1167 3661 peribat
1181 3581 1266 3642 bere·

270 3666 354 3725 ditas.
391 3666 433 3727 lta
450 3683 521 3742 ergo
537 3665 590 3725 iuit
604 3658 687 3726 nobis
703 3665 862 3744 agendum,
886 3675 918 3726 ut
937 3661 1047 3727 iudices
1067 3666 1138 3726 illud
1160 3664 1269 3726 intelli·

266 3747 375 3828 'gerent
386 3750 502 3826 lactum,
511 3748 658 3810 delatores
671 3768 728 3817 non
739 3759 862 3831 possent
873 3751 1094 3834 apprehendere
1105 3759 1136 3810 ut
1147 3745 1265 3820 dictum
