3184 4409
577 391 666 442 msa.
690 393 1011 460 onnron.nre.v11,
1038 393 1064 445 4.
1262 384 1302 453 29

308 545 358 606 bet
377 545 473 604 locum
488 545 666 624 deprecatio.
704 547 736 607 ln
751 565 807 626 qua
820 548 971 626 plurimum
984 549 1082 608 valent
1097 569 1134 609 ex
1150 554 1231 629 ipso,
1256 553 1303 629 qui

309 648 376 688 reus
394 638 456 705 est,
479 629 553 688 haec
572 632 625 690 tria
641 634 669 691 in
684 635 742 691 vita
758 633 954 710 praecedere,
974 635 998 691 si
1013 635 1166 709 innocens,
1189 635 1303 695 sibene

308 716 446 788 meritus,
462 714 487 771 si
503 731 571 791 spes
587 716 615 773 in
630 716 752 775 futurum
764 718 933 775 innocenter
944 719 1046 776 vloturi
1062 728 1091 776 et
1104 720 1132 776 in
1143 719 1238 795 aliquo
1250 739 1302 778 usu

307 799 408 864 futuri;
431 806 599 874 praeterea,
618 801 642 858 si
656 800 704 858 vel
724 800 988 860 aliisincommodls
1002 801 1051 860 vel
1065 804 1210 879 praesenti
1226 806 1301 881 peri-

308 881 374 940 culo
390 881 439 939 uel
460 883 636 958 poenitentia
654 883 784 943 videatur
805 885 874 942 satis
889 901 1046 961 poenarum
1062 886 1191 952 dedisse:
1220 896 1301 946 extra

308 964 458 1038 nobilitas,
477 965 614 1042 dignitas,
636 969 805 1045 propinqui,
822 969 914 1026 amici.
958 967 990 1026 ln
1006 985 1041 1025 eo
1057 977 1167 1043 tamen,
1186 971 1234 1046 qui
1250 989 1298 1029 co·
1310 984 1342 1036 19

246 1066 248 1071 ·
306 1050 437 1126 gnoscit,
450 1049 601 1125 plurimum
615 1051 792 1128 ponendum,
807 1053 830 1108 si
846 1051 907 1109 laus
924 1070 987 1111 eum
998 1054 1192 1112 misericordis
1204 1056 1300 1130 potius

246 1144 249 1163 ²
307 1150 391 1210 quam
413 1132 601 1209 reprehensio
626 1133 758 1193 dissoluti
785 1146 974 1194 consecutura
997 1146 1051 1194 est.
1096 1136 1203 1194 Verum
1225 1146 1253 1195 et
1272 1140 1300 1196 in

305 1217 417 1276 iudiciis
433 1217 615 1276 etiamsinon
631 1227 691 1277 toto
704 1236 814 1295 genere
826 1237 931 1278 causae
947 1229 1040 1278 tamen
1051 1237 1089 1278 ex
1100 1230 1182 1297 parte
1198 1239 1299 1297 magna

304 1301 352 1359 bic
367 1299 450 1358 locus
468 1317 557 1377 saepe
572 1311 719 1362 tractatur.
759 1302 830 1360 Nam
846 1311 875 1360 et
891 1304 991 1362 divisio
1008 1303 1144 1380 frequens
1166 1314 1228 1378 est,
1257 1315 1298 1364 et-

304 1385 387 1442 iamsi
407 1382 545 1459 fecisset,
568 1387 773 1461 ignoscendum
794 1387 901 1454 fuisse;
931 1388 1017 1465 idque
1039 1389 1068 1445 in
1090 1388 1184 1446 causis
1206 1387 1299 1447 dubiis

303 1484 395 1544 saepe
418 1468 592 1544 praevaluit;
616 1478 646 1528 et
664 1471 774 1547 epilogi
797 1487 896 1529 omnes
921 1471 950 1529 in
976 1471 1159 1536 eademlere
1181 1473 1297 1530 materia

303 1550 417 1609 versari
431 1551 536 1610 solent.
581 1553 639 1612 Sed
655 1571 853 1630 nonnunquam
871 1557 956 1613 etiam
968 1557 1010 1613 rei
1025 1556 1111 1613 totius
1130 1555 1177 1614 lric
1191 1574 1298 1614 summa
1306 1568 1340 1618 20

303 1635 467 1694 constituta.
507 1634 565 1693 lam
582 1654 653 1695 vero
672 1639 696 1696 si
711 1637 917 1697 exheredatum
932 1657 948 1697 a
963 1657 996 1696 se
1011 1638 1098 1697 lilium
1113 1649 1196 1717 pater
1210 1649 1297 1698 testa-

273 1757 276 1765 »
302 1727 349 1781 tus
365 1717 451 1780 luerit
467 1719 581 1798 elogio,
599 1729 767 1801 propterea
783 1724 865 1799 quod
882 1724 910 1782 is
927 1725 1116 1783 meretricem
1134 1727 1301 1788 amoverit:

301 1822 361 1863 non
382 1806 472 1864 omnis
486 1805 533 1864 hic
556 1808 609 1865 erit
627 1806 774 1884 quaestio,
803 1823 838 1863 an
856 1805 922 1864 huic
942 1805 1048 1865 delicto
1067 1816 1150 1883 pater
1166 1806 1298 1866 debuerit

301 1891 458 1965 ignoscere
474 1898 502 1947 et
514 1886 687 1948 Centumviri
702 1888 828 1948 tribuere
841 1889 964 1954 debeant
975 1888 1108 1948 veniam?
1139 1890 1196 1950 Sed
1212 1891 1297 1949 etiam

301 1974 331 2030 in
348 1973 493 2047 formulis,
518 1991 581 2031 cum
602 1974 758 2051 poenariae
773 1981 837 2030 sunt
852 1975 996 2046 actiones,
1019 1974 1057 2031 ita
1077 1991 1192 2032 causam
1210 1976 1296 2050 parti-

301 2075 380 2128 mur,
405 2074 440 2114 an
458 2058 609 2116 commissa
628 2058 664 2115 sit
686 2073 796 2133 poena,
819 2073 854 2114 an
877 2057 954 2132 exigi
976 2055 1090 2115 debeat.
1134 2056 1165 2115 ld
1192 2066 1295 2130 autem,

301 2139 381 2217 quod
405 2140 448 2198 illi
468 2141 613 2215 viderunt,
633 2158 732 2199 verum
754 2148 817 2214 est,
837 2157 918 2198 reum
938 2139 1110 2198 aiudicibus
1125 2139 1182 2199 hoc
1197 2139 1295 2198 delen·

301 2224 392 2281 sionis
408 2224 493 2283 modo
508 2223 625 2282 liberari
642 2241 698 2282 non
713 2241 812 2302 posse.

386 2306 430 2365 De
441 2310 611 2385 praemiis
628 2317 721 2366 autem
734 2317 907 2384 quaeruntur
917 2307 989 2366 duo:
1006 2307 1051 2364 An
1061 2305 1121 2364 ullo
1134 2307 1171 2364 sit
1183 2307 1295 2382 dignus,
1304 2317 1335 2367 21

300 2391 351 2468 qui
365 2393 454 2468 petit,
482 2408 517 2449 an
534 2400 626 2457 tanto;
651 2410 688 2450 ex
706 2390 835 2465 duobus,
861 2391 933 2449 Uter
953 2391 1078 2467 dignior:
1102 2389 1294 2467 expluribus,

300 2474 373 2548 Quis
396 2475 587 2550 dignissimus.
624 2473 750 2548 Quorum
769 2484 907 2534 tractatus
923 2492 960 2532 ex
982 2477 1046 2552 ipso
1062 2474 1225 2536 meritorum
1244 2491 1295 2549 ge·

300 2576 372 2616 nere
394 2557 542 2617 ducuntur.
586 2557 623 2617 Et
648 2559 817 2629 intuebimur
837 2576 894 2617 non
913 2577 974 2616 rem
995 2567 1117 2632 tantum,
1141 2560 1203 2616 sive
1224 2558 1294 2616 alle·

299 2641 396 2717 ganda
418 2643 478 2700 sive
496 2643 685 2720 comparanda
706 2645 775 2717 erit,
799 2642 851 2701 sed
865 2659 1018 2720 personam
1034 2658 1164 2719 quoque;
1188 2660 1252 2700 nam
1267 2650 1296 2700 et

300 2724 419 2783 multum
432 2726 567 2802 interest,
584 2736 730 2800 tyrannum
745 2728 855 2785 iuvenis
873 2726 1013 2785 occiderit
1028 2744 1063 2784 an
1075 2744 1182 2801 senex,
1199 2727 1244 2783 vir
1260 2742 1294 2782 an

300 2810 422 2882 femina,
444 2809 553 2877 alienus
576 2828 611 2868 an
640 2812 821 2878 coniunctus;
853 2819 882 2869 et
907 2810 1002 2868 locum
1025 2810 1237 2887 multipliciter,
1267 2810 1337 2874 inat

301 2893 417 2951 civitate
433 2895 559 2966 tyrannis
575 2904 691 2953 assueta
712 2912 747 2953 an
766 2893 859 2952 libera
877 2911 1006 2971 semper;
1029 2895 1058 2951 in
1071 2911 1139 2952 arce
1153 2911 1189 2951 an
1204 2893 1293 2957 domi:

300 2984 331 3034 et
353 2979 496 3051 quomodo
514 2977 618 3035 lactum
638 2980 690 3052 sit,
713 2977 792 3037 ferro
813 2996 849 3036 an
870 2994 997 3044 venen03
1024 2986 1053 3035 et
1073 2993 1129 3053 quo
1152 2985 1294 3052 tempore,

299 3059 381 3118 bello
393 3078 428 3117 an
439 3078 525 3137 pace;
545 3078 607 3119 cum
623 3062 806 3139 depositurus
822 3070 901 3119 esset
917 3079 979 3120 eam
994 3069 1166 3138 potestatem
1182 3077 1217 3117 arr
1233 3076 1295 3117 curn

299 3142 408 3220 aliquid
425 3145 490 3202 novi
506 3144 632 3203 sceleris¹
643 3162 773 3204 ausurus.
818 3143 930 3203 Habent
943 3146 971 3202 in
985 3144 1093 3202 meritis
1109 3144 1228 3218 gratiam
1243 3159 1293 3219 pe-

298 3227 420 3285 riculum
444 3244 559 3305 quoque
589 3237 618 3288 et
643 3228 806 3287 difficultas.
847 3227 984 3287 Similiter
1010 3226 1167 3285 liberalitas
1198 3235 1335 3302 aquot3

300 3310 432 3390 prolecta
447 3314 499 3385 sit,
516 3312 615 3370 refert.
660 3311 732 3371 Nam
747 3313 775 3370 in
789 3328 919 3390 paupere
930 3312 1039 3387 gratior
1053 3328 1136 3387 quam
1152 3312 1180 3368 in
1194 3309 1292 3383 divite,
1308 3388 1310 3391 Ι

300 3395 385 3454 dante
403 3394 575 3454 beneficium
589 3413 672 3474 quam
686 3396 842 3470 reddente,
863 3405 945 3474 patre
962 3411 1044 3476 quam
1061 3393 1143 3452 orbo.
1179 3393 1250 3453 Item
1266 3396 1294 3451 in
1342 3385 1345 3398 ¹

299 3496 383 3555 quam
399 3497 460 3537 rem
475 3478 586 3539 dederit
602 3488 631 3538 et
646 3497 703 3556 quo
718 3488 850 3556 tempore
864 3488 895 3538 et
911 3495 967 3556 quo
984 3479 1092 3554 animo,
1108 3478 1136 3536 id
1152 3487 1213 3553 est,
1229 3495 1294 3536 num

297 3564 327 3620 in
343 3562 465 3639 aliquam
483 3579 564 3640 spem
579 3581 672 3631 suam;
701 3563 831 3622 similiter
845 3563 910 3622 alia.
954 3561 993 3621 Et
1011 3562 1077 3622 ideo
1095 3562 1216 3639 qualitas
1235 3577 1292 3619 ma·

297 3648 375 3705 xime
388 3647 511 3704 oratoris
523 3647 626 3724 recipit
638 3663 772 3735 operam,
791 3647 856 3724 quia
871 3649 900 3705 in
915 3655 1063 3724 utramque
1082 3656 1191 3724 partem
1205 3643 1292 3722 pluri·
