3184 4409
359 473 399 541 68
671 468 1031 547 u.uxss.ou1ur1u1xu1

317 655 350 710 at
442 641 512 703 Nam
530 643 613 702 locos
630 642 758 720 quidem,
777 641 879 720 quales
896 651 961 701 suut
979 641 1015 701 de
1033 641 1171 718 testibus,
1188 661 1347 723 semperne

359 729 406 790 bis
421 728 623 801 eredendum,
642 735 670 785 et
687 727 723 787 de
741 728 931 803 argumentis,
952 742 993 786 en
1007 727 1150 788 babendo
1167 729 1257 788 ete‘om
1269 746 1346 806 par-

358 816 405 874 ot's
425 812 520 890 tideo,
549 812 623 870 adeo
645 811 825 871 manifestum
848 820 892 870 est
913 811 948 870 ad
975 810 1109 869 forenses
1130 812 1260 870 actiones
1283 829 1346 889 per·

359 899 467 971 tinere,
491 905 520 954 ut
543 896 655 973 quidam
676 913 769 972 neque
788 895 932 972 ignobiles
954 895 982 952 iu
1000 895 1104 953 officiis
1126 895 1259 955 civilibus
1276 896 1346 955 scri·

359 991 425 1060 ptos
448 997 499 1039 eos
522 981 735 1057 memoriaeque
756 980 973 1056 diligentissime
995 979 1143 1038 mandatos
1163 980 1190 1038 in
1213 985 1345 1057 promptu

359 1065 524 1138 habuerint,
546 1069 577 1122 ut
598 1065 731 1142 quotiens
753 1073 832 1123 esset
851 1065 986 1144 occasio,
1012 1064 1226 1142 extemporales
1249 1081 1346 1123 eorum

317 1150 499 1209 28dictiones
520 1148 565 1208 his
587 1148 667 1207 velut
690 1148 868 1207 emblematis
891 1156 1108 1206 exornarentur.
1148 1146 1212 1219 Quo
1234 1149 1346 1226 quidem

360 1234 468 1312 (neque
492 1233 565 1292 enim
588 1233 649 1290 eius
677 1234 719 1291 rei
747 1233 881 1292 iudicium
901 1231 1017 1291 differre
1041 1232 1185 1311 sustineo)
1212 1249 1347 1290 summam

358 1318 528 1378 videbantur
549 1316 615 1375 mihi
638 1316 827 1375 infirmitatem
849 1317 885 1375 de
908 1333 941 1374 se
963 1316 1104 1376 confiteri.
1138 1314 1209 1375 Nem
1232 1315 1300 1393 quid
1319 1315 1347 1374 hi

359 1403 471 1480 possint
494 1402 521 1459 in
545 1400 655 1475 causis,
679 1419 795 1479 querum
813 1401 892 1459 varia
909 1408 939 1459 et
956 1417 1031 1460 nova
1049 1417 1164 1479 semper
1181 1408 1227 1459 est
1245 1400 1347 1481 facies,

359 1487 506 1564 proprium
534 1485 676 1552 invenire;
705 1484 850 1563 quomodo
874 1486 1031 1561 propositis
1059 1502 1096 1543 ex
1122 1493 1204 1562 parte
1226 1483 1348 1543 adversa

302 1596 304 1598 ·
358 1568 554 1647 respondere,
576 1568 808 1628 altercationibus
827 1568 970 1627 velociter
986 1585 1158 1643 occurrere,
1177 1577 1281 1628 testem
1301 1584 1347 1626 ro-

360 1672 446 1731 gare:
470 1654 516 1731 qui
539 1653 623 1712 etiam
641 1653 669 1712 iu
686 1653 746 1727 bis,
770 1670 844 1731 quae
863 1662 927 1712 sunt
946 1653 1104 1712 communia
1125 1661 1155 1713 et
1174 1653 1202 1711 in
1219 1652 1348 1732 plurimis

362 1739 456 1797 causis
486 1744 657 1813 tractantur,
685 1737 899 1813 vulgatissimos
927 1755 1030 1797 sensus
1057 1737 1156 1796 verbis
1185 1736 1239 1796 nisi
1269 1744 1347 1795 tanto

317 1828 426 1881 abente
449 1818 627 1899 praeparatis
652 1822 789 1899 prosequi
813 1818 979 1899 nequeant?
1016 1820 1078 1880 Nec
1101 1838 1172 1881 vero
1198 1821 1258 1896 bis,
1285 1836 1348 1880 cum

361 1905 461 1966 eudem
482 1905 592 1964 iudiciis
611 1905 739 1983 pluribus
760 1905 872 1981 dicunt,
896 1914 943 1964 aut
960 1905 1102 1964 fastidium
1119 1912 1253 1964 moveant
1268 1903 1348 1963 velut

360 1990 456 2065 frigidi
485 1998 513 2048 et
538 1991 659 2068 repositi
687 1989 760 2064 cibi,
792 1998 840 2049 aut
866 1989 1005 2068 pudorem
1033 1989 1213 2068 deprehensa
1242 1988 1347 2063 totiens

361 2074 530 2134 audientium
548 2074 685 2134 memoria
704 2073 805 2132 infelix
824 2073 974 2151 supellex,
999 2091 1072 2152 quae
1096 2074 1170 2132 sicut
1186 2073 1268 2151 apud
1279 2090 1347 2150 pau·

361 2176 447 2237 peres
474 2157 640 2217 ambitiosos
669 2157 797 2236 pluribus
829 2166 857 2217 et
885 2158 1006 2217 diversis
1029 2157 1133 2217 officiis
1162 2151 1347 2216 conteratur?

319 2241 432 2306 tticum
458 2259 494 2302 eo
518 2243 631 2320 quidem
654 2243 730 2321 quod
753 2243 802 2301 vix
827 2242 902 2302 ullus
925 2250 970 2300 est
990 2251 1047 2300 tam
1075 2242 1232 2302 communis
1253 2240 1346 2313 locus,

362 2328 409 2405 qui
432 2328 524 2404 possit
546 2327 704 2387 cohaerere
723 2345 786 2385 cum
809 2345 894 2386 causa
911 2327 964 2384 uisi
986 2326 1082 2404 aliquo
1103 2325 1239 2403 propriae
1261 2342 1346 2401 quae·

362 2412 462 2468 stionis
490 2410 605 2469 vinculo
631 2410 799 2487 copulatus,
828 2418 1024 2488 appareatque
1053 2429 1117 2470 eum
1141 2426 1198 2467 non
1226 2416 1284 2468 tam
1308 2408 1345 2465 iu·

320 2502 468 2555 3lscrtun1
487 2510 570 2570 quam
589 2494 769 2571 applicitum:
792 2493 841 2553 vel
859 2493 935 2572 quod
952 2494 1097 2553 dissimilis
1115 2501 1160 2552 est
1177 2493 1285 2556 ceteris
1301 2489 1347 2549 vel

363 2576 439 2654 quod
461 2576 629 2655 plerumque
652 2578 756 2636 assumi
778 2578 862 2637 etiam
876 2573 982 2656 'parum
1001 2586 1067 2656 apte
1089 2576 1180 2651 solet,
1203 2593 1261 2636 non
1284 2575 1348 2654 quia

362 2661 541 2721 desideratur
564 2661 616 2720 sed
639 2662 703 2739 quia
725 2669 841 2739 paratus
864 2671 918 2721 est.
952 2661 990 2721 Ut
1012 2662 1124 2739 quidam
1146 2661 1349 2720 sententiarum

362 2745 454 2821 gratia
476 2744 697 2803 verbosissimos
720 2745 803 2804 locos
827 2755 992 2819 arcessunt,
1016 2765 1079 2805 cum
1096 2765 1134 2806 ex
1151 2745 1228 2804 locis
1244 2743 1349 2803 debeat

320 2830 442 2891 32nasci
465 2829 615 2888 sententia.
648 2829 689 2889 ltu
711 2839 776 2890 sunt
792 2839 887 2889 autem
908 2830 1043 2907 speciosa
1061 2829 1134 2890 baec
1155 2837 1184 2888 et
1204 2829 1303 2903 utilia,
1326 2827 1349 2887 si

363 2915 490 2972 oriuntur
507 2931 544 2972 ex
561 2931 662 2980 causa:
682 2922 809 2973 ceterum
827 2913 984 2992 quamlibet
998 2914 1119 2992 pulchre
1135 2913 1280 2987 elocutio,
1296 2911 1350 2970 nisi

364 2997 398 3056 ad
422 2998 571 3057 victoriam
593 2998 697 3073 tendit,
725 3000 822 3076 utique
850 3016 1029 3076 supervacua
1057 2999 1109 3059 sed
1132 2997 1243 3057 interim
1264 2997 1351 3056 etiam

364 3083 506 3141 contraria
529 3091 583 3141 est.
616 3082 723 3141 Verum
743 3082 882 3142 hacteuus
901 3084 1017 3158 evagari
1038 3084 1108 3142 satis
1127 3081 1222 3141 fuerit.

321 3173 355 3227 33
443 3165 971 3245 legumlausacvituperatio
997 3167 1051 3225 iam
1066 3167 1190 3225 maiores
1206 3181 1241 3224 ao
1255 3182 1350 3243 prope

362 3251 477 3308 summis
494 3251 630 3328 operibus
651 3250 821 3309 suffecturas
837 3252 915 3309 vires
936 3250 1115 3328 desiderant3
1138 3267 1212 3327 quae
1234 3249 1349 3326 quidem

362 3334 498 3393 suasoriis
511 3353 546 3393 an
562 3335 767 3396 controversiis
782 3335 873 3411 magis
886 3335 1100 3394 accommodata
1115 3335 1152 3393 sit
1167 3333 1350 3406 exercitatio,

364 3418 569 3478 consuetudine
593 3428 622 3479 et
642 3420 704 3477 iure
720 3419 864 3478 civitatum
886 3418 989 3478 differt.
1027 3417 1113 3496 Apud
1131 3417 1260 3478 Graecos
1277 3418 1350 3477 euim

363 3499 437 3578 lator
462 3518 559 3560 earum
579 3504 614 3562 ad
635 3503 756 3562 iudicem
778 3502 953 3578 vocabatur,
980 3501 1115 3562 Romanis
1138 3517 1191 3580 pro
1215 3502 1350 3561 contione

362 3584 483 3642 suadere
496 3603 530 3644 ac
541 3586 708 3655 dissuadere
724 3587 811 3645 moris
826 3585 887 3645 fuit.
909 3585 1039 3664 Utroque
1051 3594 1144 3645 autem
1158 3584 1245 3645 modo
1257 3601 1350 3663 pauca

362 3667 398 3726 de
414 3666 499 3727 biset
514 3669 575 3728 fere
589 3679 668 3729 certa
685 3669 824 3730 dicuntur.
847 3669 918 3729 Nam
930 3679 959 3729 et
969 3688 1078 3746 genere
1093 3678 1158 3729 sunt
1173 3669 1244 3745 tria,
1260 3668 1348 3742 sacri,

317 3751 479 3829 sepeliret,
494 3754 598 3832 privati
614 3755 691 3813 iuris.
721 3754 804 3828 Quae
818 3755 921 3816 divisio
936 3755 971 3815 ad
989 3754 1101 3814 laudem
1116 3754 1208 3830 magis
1223 3761 1350 3832 spectat,

293 3826 325 3896 h
