3184 4409
518 496 984 564 1nsr.onnuoe.u1e.xu,1o.
1192 487 1253 550 265
1274 490 1278 499 '

254 655 359 728 pxuoci
378 659 407 712 et
425 670 584 728 exangues.
617 651 652 711 lli
667 660 732 710 sunt
749 653 839 728 euim,
858 654 906 730 qui
921 669 990 712 suae
1006 651 1195 714 imbecillitati
1210 668 1296 720 εει-15

246 740 351 812 'nitatis
377 737 617 816 appellationem,
644 745 785 812 quaeest
809 738 931 800 maxime
961 739 1122 812 contraria,
1152 738 1254 799 obten-

246 822 339 897 ¹‚luut3
364 823 426 898 qui,
445 823 510 898 quia
527 821 681 879 clariorem
695 821 752 878 vim
770 819 955 898 eloquentiae
971 820 1051 878 velut
1065 820 1158 880 solem
1174 823 1254 883 ferre

274 923 313 964 on
330 914 468 983 possunt,
486 904 584 962 umbra
599 904 693 979 magni
710 904 1028 963 nominis-delitescunt.
1059 903 1169 977 Quibus
1189 910 1254 984 quia

249 989 343 1068 ,multa
365 997 395 1047 et
415 987 546 1066 pluribus
571 986 645 1046 locis
670 985 775 1046 Cicero
801 989 865 1066 ipse
886 987 1054 1065 respondit:
1079 990 1167 1049 tutior
1185 991 1253 1050 mihi

246 1073 292 1153 ,de
307 1073 364 1132 hoc
382 1071 544 1132 disserendi
558 1070 685 1129 brevitas
701 1073 764 1129 erit.

249 1195 258 1238 ,
339 1156 377 1215 Et
408 1157 523 1232 antiqua
547 1155 661 1231 quidem
686 1153 736 1213 illa
762 1155 865 1215 divisio
895 1155 969 1213 inter
995 1153 1140 1213 Atticos
1166 1164 1253 1234 atque
1262 1170 1295 1223 16

246 1241 413 1324 ¹,Asianos
429 1240 499 1314 fuit,
524 1256 587 1298 cum
602 1238 631 1297 hi
645 1239 740 1315 pressi
757 1246 786 1297 et
801 1239 921 1313 integri:
946 1248 1045 1298 contra
1061 1239 1149 1299 inllati
1165 1240 1208 1299 illi
1224 1251 1254 1300 et

246 1326 354 1409 pnanes
376 1323 565 1391 haberentur;
596 1320 690 1380 iubis
714 1321 784 1380 nihil
809 1320 1019 1399 superflueret:
1043 1322 1100 1381 illis
1120 1323 1253 1384 iudicium

246 1409 376 1491 ,inaxine
393 1425 427 1467 ac
442 1406 543 1466 modus
559 1405 687 1465 deesset.
719 1404 805 1478 Quod
823 1405 952 1483 quidam,
972 1422 1091 1483 quorum
1107 1415 1135 1465 et
1150 1408 1253 1468 Santra

246 1501 317 1577 pest,
339 1491 396 1551 hoc
411 1499 511 1569 puta-nt
528 1489 687 1564 accidisse,
712 1489 807 1566 quod,
829 1488 964 1567 paulatim
988 1507 1121 1549 sermone
1139 1490 1251 1552 Graeco

246 1577 283 1658 ,iu
298 1577 444 1654 proximas
462 1573 550 1633 Asiae
567 1575 697 1632 civitates
713 1572 865 1648 induente,
883 1573 1005 1632 nondum
1021 1575 1091 1632 satis
1106 1576 1191 1652 periti
1208 1575 1251 1635 lo·

246 1660 361 1744 ,quendi
381 1659 544 1718 facundiam
565 1658 781 1735 concupierint,
811 1657 938 1735 ideoque
960 1675 1011 1732 ea,
1036 1674 1110 1734 quae
1132 1661 1251 1738 proprie

246 1744 364 1823 ,signari
379 1750 532 1821 poterant,
550 1741 669 1800 circuitu
684 1741 836 1819 coeperint
851 1742 999 1800 enuntiare
1015 1759 1049 1800 ac
1067 1741 1170 1801 deiude
1185 1761 1251 1821 per·

255 1828 428 1887 severarint.
459 1825 528 1884 Mihi
551 1833 645 1884 autem
667 1825 805 1883 orationis
826 1823 1016 1884 differentiam
1037 1824 1144 1884 iecisse
1166 1835 1195 1885 et
1212 1826 1252 1886 di·
1261 1837 1293 1892 17

255 1914 381 1987 centium
405 1919 435 1968 et
455 1909 628 1968 audientium
649 1917 767 1967 naturae
787 1908 936 1983 videntur,
961 1909 1038 1985 quod
1055 1908 1144 1968 Attici
1164 1910 1252 1970 limati

254 1995 370 2073 quidam
387 2002 415 2052 et
431 1994 553 2052 emuncti
569 1991 638 2051 nihil
653 1992 736 2050 inane
752 1999 801 2050 aut
814 1990 975 2050 redundans
988 1990 1129 2067 ferebant,
1145 1992 1251 2053 Asiana

254 2097 329 2157 gens
346 2078 478 2137 tumidior
502 2075 609 2153 alioqui
629 2084 715 2153 atque
731 2076 882 2135 iactantior
895 2076 1014 2134 vaniore
1036 2077 1121 2134 etiam
1138 2076 1251 2137 dicendi

255 2163 351 2240 gloria
370 2161 466 2220 indata
484 2169 538 2219 est.
571 2158 696 2217 Tertium
711 2175 795 2234 mox,
820 2160 867 2236 qui
882 2158 955 2217 haec
970 2157 1152 2234 dividebant,
1174 2160 1251 2219 adie·
1260 2170 1293 2224 18

255 2255 358 2306 cerunt
382 2263 494 2322 genus
515 2241 705 2317 Rhodium,
735 2242 813 2320 quod
830 2242 911 2301 velut
931 2242 1053 2301 medium
1066 2260 1143 2304 ,esse
1165 2252 1251 2320 atque

255 2348 295 2390 ex
318 2339 441 2406 utroque
462 2329 578 2386 mixtum
592 2326 707 2395 volunt;
733 2344 829 2404 neque
844 2327 918 2385 euim
933 2325 1030 2385 Attice
1047 2328 1141 2404 pressi
1155 2345 1251 2404 neque

253 2414 364 2474 Asiane
381 2421 445 2470 sunt
464 2410 657 2484 abundantes,
682 2418 714 2469 ut
738 2409 846 2488 aliquid
866 2407 974 2469 habere
990 2410 1141 2469 videantur
1156 2414 1251 2487 gentis

255 2496 366 2574 aliquid
382 2496 518 2555 auctoris.
549 2493 711 2553 Aeschines
728 2495 821 2569 euim,
839 2495 887 2570 qui
902 2493 977 2552 huuc
995 2493 1083 2552 exilio
1101 2493 1251 2570 delegerat
1259 2504 1293 2558 19

253 2583 367 2653 locum,
391 2579 483 2638 intulit
506 2595 542 2638 eo
557 2578 651 2638 studia
665 2576 854 2652 Athenarum,
878 2594 968 2654 quae,
990 2576 1069 2637 velut
1086 2586 1147 2638 sata
1164 2596 1249 2656 quae·

254 2666 320 2725 dam
336 2663 421 2722 coelo
438 2672 573 2740 terraque
588 2661 782 2737 degenerant,
807 2677 941 2738 saporem
964 2660 1042 2720 illurn
1057 2659 1183 2720 Atticum
1198 2680 1250 2740 pe·
1355 2666 1357 2678 '

254 2749 372 2825 tegrino
389 2749 574 2806 miscuerunt.
615 2744 696 2805 Lenti
718 2763 789 2822 ergo
810 2745 922 2822 quidam
937 2762 971 2805 ac
986 2746 1098 2804 remissi
1114 2763 1171 2805 non
1186 2749 1248 2805 sine

255 2832 385 2911 pondere
401 2842 495 2891 tamen
511 2848 605 2907 neque
621 2828 747 2888 lontibus
764 2831 844 2907 puris
858 2847 953 2906 neque
969 2828 1144 2889 torrentibus
1160 2829 1247 2889 turbi-

256 2917 300 2976 dis
316 2915 367 2975 sed
383 2915 495 2975 lenibus
510 2915 619 2991 stagnis
637 2912 910 2973 simileshabentur.

339 2999 429 3059 Nemo
453 3001 538 3074 igitur
560 2997 749 3072 dubitaverit,
780 2997 867 3072 longe
890 3014 956 3056 esse
978 2998 1114 3074 optimum
1134 3006 1291 3071 genus20

256 3081 468 3142 Atticorum.
498 3082 530 3142 ln
547 3098 604 3159 quo
621 3090 653 3140 ut
667 3090 713 3140 est
730 3081 836 3158 aliquid
850 3082 925 3140 inter
939 3081 1020 3157 ipsos
1037 3097 1203 3154 commuue,
1219 3080 1248 3140 id

257 3175 302 3224 est
319 3165 450 3224 iudicium
473 3185 542 3226 acre
564 3175 747 3242 tersumque:
769 3167 807 3224 ita
828 3164 1006 3241 ingeniorum
1028 3163 1167 3241 plurimae
1188 3163 1247 3223 for·

255 3267 329 3307 mae.
364 3247 548 3327 Quapropter
562 3249 629 3308 mihi
646 3248 707 3308 falli
722 3248 839 3307 multum
854 3247 1002 3320 videntur,
1020 3248 1067 3323 qui
1082 3245 1165 3305 solos
1182 3258 1288 3310 essem

256 3332 371 3390 Atticos
387 3333 506 3392 credunt
526 3343 628 3393 tenues
645 3341 674 3391 et
690 3332 801 3391 lucidos
822 3339 851 3390 et
866 3329 1060 3407 significantes
1082 3338 1111 3389 et
1127 3331 1246 3407 quadarn

257 3416 441 3493 eloquentiae
457 3416 620 3493 frugalitate
637 3424 788 3477 contentos
803 3432 838 3473 ao
849 3431 964 3490 semper
978 3431 1089 3471 manum
1103 3415 1175 3473 intra
1186 3415 1246 3493 pal·

255 3501 322 3560 lium
345 3500 536 3558 continentes.
572 3499 644 3559 Nam
669 3502 732 3578 quis
759 3500 813 3558 erit
831 3497 878 3556 hic
899 3493 1033 3557 Atticus?
1068 3498 1110 3556 Sit
1130 3496 1245 3572 Lysias3

254 3585 330 3644 hunc
360 3584 433 3641 enim
460 3583 670 3661 amplectuntur
700 3592 842 3643 amatores
866 3582 948 3640 istius
974 3581 1093 3639 nominis
1122 3581 1244 3640 modum.

255 3668 320 3728 Non
335 3668 422 3743 igitur
439 3667 494 3725 iam
508 3684 601 3744 usque
621 3667 657 3727 ad
673 3665 801 3726 Coccum
821 3674 850 3724 et
864 3663 1041 3723 Andocidem
1061 3668 1244 3724 remittemur.

255 3754 440 3828 Interrogare
458 3759 551 3813 tamen
570 3750 674 3827 velim,
700 3768 735 3810 au
752 3749 898 3810 leocrates
914 3748 1010 3808 Attice
1026 3749 1139 3808 dixerit.
1170 3747 1246 3808 Nihil
1254 3759 1288 3812 22
