3184 4409
542 459 979 526 rusr.ouurou.u1a.xr,1.
1201 449 1261 512 189

260 615 286 674 si
309 622 414 671 tantum
437 612 543 674 liabent
561 615 645 673 etiam
663 613 752 674 verba
772 623 960 690 momentum,
986 626 1090 694 quanto
1113 636 1162 676 res
1178 618 1259 695 ipsae

259 695 373 772 magis?
409 695 533 769 Quarum
558 716 632 777 quae
654 707 733 758 esset
759 698 943 775 observatio,
969 701 1028 758 suis
1050 701 1123 760 locis
1139 702 1259 761 subinde

261 782 446 840 subiecimus.
512 836 514 840 .
1115 788 1119 798 “

347 865 419 924 lllud
449 876 493 926 est
518 866 682 943 diligentius
713 865 890 940 docendum,
922 884 986 925 euro
1015 866 1127 926 demum
1157 868 1286 928 dicere8

260 960 345 1028 apte,
368 950 416 1027 qui
434 967 491 1008 non
513 951 604 1009 solum
620 950 689 1028 quid
704 950 842 1027 expediat
857 950 910 1009 sed
926 953 1010 1010 etiam
1027 953 1110 1029 quid
1126 951 1259 1012 deceat

261 1034 430 1112 inspexerit.
462 1033 525 1093 Nec
547 1052 592 1093 me
609 1034 697 1111 fugit,
719 1034 890 1111 plerumque
910 1033 983 1093 haec
1005 1053 1073 1094 esse
1096 1037 1256 1095 coniuncta.

259 1118 333 1177 Nam
348 1117 426 1196 quod
442 1119 545 1192 decet,
561 1117 625 1178 fere
640 1119 776 1196 prodest:
793 1135 888 1195 neque
905 1118 961 1178 alio
980 1121 1070 1194 magis
1088 1120 1172 1178 animi
1188 1119 1257 1178 iudi·

262 1221 327 1261 cum
340 1202 488 1261 conciliari
505 1211 567 1277 aut,
585 1203 609 1260 si
624 1219 672 1261 res
689 1203 716 1260 in
732 1203 903 1261 contrarium
920 1201 1000 1279 tulit,
1016 1202 1136 1262 alienari
1152 1203 1256 1262 solent.

260 1285 425 1363 Aliquando
440 1295 534 1347 tamen
549 1296 578 1345 et
593 1286 667 1346 haec
683 1286 861 1346 dissentiunt.
890 1284 1030 1358 Quotiens
1044 1297 1138 1346 autem
1149 1291 1286 1364 pugna-9

261 1372 346 1443 bunt,
370 1370 461 1446 ipsam
475 1371 625 1430 utilitatem
642 1371 739 1429 vincet
756 1371 833 1447 quod
851 1370 946 1430 decet.
982 1369 1052 1430 Nam
1072 1373 1137 1450 quis
1151 1371 1256 1444 nescit,

260 1453 331 1513 nihil
346 1455 436 1529 magis
450 1455 628 1532 profuturum
640 1454 675 1513 ad
692 1453 903 1513 absolutionem
923 1455 1036 1514 Socrati
1054 1456 1155 1530 luisse,
1172 1472 1256 1533 quam

260 1540 287 1596 si
314 1546 393 1596 esset
419 1557 487 1596 usus
513 1537 563 1597 illo
588 1538 712 1598 iudiciali
734 1557 845 1614 genere
870 1539 1047 1598 defensionis
1073 1549 1101 1598 et
1126 1540 1256 1598 oratione

260 1622 412 1681 summissa
435 1623 619 1681 conciliasset
638 1623 762 1683 iudicum
777 1623 887 1682 animos
908 1624 963 1682 sibi
980 1626 1146 1702 crimenque
1163 1625 1256 1700 ipsum

261 1706 387 1764 sollicite
399 1702 618 1782 redarguisset?
646 1705 754 1766 Verum
768 1707 797 1767 id
813 1725 878 1766 eum
893 1709 1005 1767 minime
1022 1708 1161 1774 decebat;
1177 1707 1300 1766 ideo-‘10

261 1808 319 1868 qne
336 1790 378 1848 sic
396 1791 473 1866 egit,
499 1799 529 1849 ut
554 1791 601 1868 qui
625 1807 748 1868 poenam
770 1809 850 1850 suam
872 1791 1029 1851 honoribus
1045 1793 1160 1852 summis
1178 1801 1257 1850 esset

260 1874 471 1957 aestimaturus.
502 1873 601 1934 Maluit
624 1875 699 1933 enirn
721 1875 766 1933 vir
788 1876 1029 1953 sapientissimus,
1056 1877 1134 1954 quod
1156 1893 1256 1953 super·

261 1967 342 2017 esset
354 1975 391 2015 ex
402 1960 470 2033 vita,
486 1958 541 2018 sibi
557 1958 664 2036 perire,
682 1975 763 2034 quam
779 1959 856 2036 quod
868 1961 1067 2037 praeterisset.
1093 1958 1130 2018 Et
1142 1959 1256 2037 quando

260 2041 298 2101 ab
316 2041 477 2101 hominibus
495 2043 538 2101 sui
554 2044 693 2119 temporis
709 2059 808 2121 parurn
823 2042 1047 2120 intelligebatur,
1064 2046 1257 2121 posteriorum

260 2145 295 2184 se
311 2126 422 2185 iudiciis
438 2127 608 2200 reservavit,
625 2124 707 2185 brevi
719 2127 889 2186 detrimento
904 2128 958 2187 iarn
970 2127 1086 2186 ultimae
1099 2128 1256 2196 senectutis

261 2229 364 2269 aevum
388 2211 567 2270 saeculorum
584 2211 706 2269 omniurn
727 2220 909 2289 consecutus.
939 2210 1039 2289 ltaque
1058 2212 1186 2289 quamvis
1203 2208 1298 2285 lay-ll

262 2296 336 2369 sias,
360 2295 407 2372 qui
425 2303 482 2352 turn
498 2296 525 2352 in
544 2293 667 2353 diceudo
685 2297 947 2372 praestantissimus
964 2294 1138 2365 habebatur,
1156 2294 1255 2353 delen·

262 2380 374 2436 sionem
395 2378 436 2436 illi
462 2379 596 2456 scriptam
616 2376 783 2453 obtulisset,
810 2381 850 2438 uti
875 2398 910 2438 ea
936 2379 1041 2438 noluit:
1068 2396 1131 2438 curn
1153 2378 1255 2437 bonam

263 2463 378 2540 quidem
393 2462 445 2521 sed
461 2479 561 2539 parum
576 2461 631 2521 sibi
653 2464 872 2522 convenientem
895 2463 1090 2523 iudicavisset.
1128 2461 1191 2535 Quo
1206 2463 1255 2521 vel

264 2547 328 2605 solo
344 2555 438 2624 patet,
460 2562 517 2604 non
533 2547 727 2625 persuadendi
748 2548 802 2606 sed
827 2547 902 2606 bene
919 2547 1031 2607 dicendi
1047 2547 1131 2606 linem
1147 2549 1174 2605 in
1190 2564 1254 2607 ora-

261 2633 339 2689 tione
356 2630 541 2705 servandum,
564 2648 627 2689 curn
644 2632 757 2690 interim
771 2632 948 2709 persuadere
964 2630 1095 2691 deforme
1112 2633 1157 2689 sit.
1190 2630 1254 2689 Non

261 2717 313 2774 luit
329 2715 385 2773 hoc
402 2713 470 2772 utile
487 2714 677 2791 absolutioni,
694 2715 765 2791 sed,
784 2715 861 2794 quod
878 2724 922 2774 est
937 2717 1043 2791 maius,
1069 2714 1174 2775 homini
1192 2714 1253 2774 luit,

262 2799 298 2858 Et
313 2816 365 2857 nos
382 2799 537 2859 secundum
559 2817 735 2859 communem
755 2801 852 2877 potius
867 2799 1002 2878 loquendi
1019 2800 1255 2859 consuetudinem
1266 2803 1298 2854 la

262 2901 346 2961 quarn
371 2883 462 2960 ipsam
486 2885 616 2944 veritatis
637 2884 767 2960 regulam
792 2883 933 2944 divisione
954 2884 1008 2944 hac
1029 2885 1147 2957 utimur,
1174 2893 1204 2941 ut
1219 2883 1255 2941 ab

262 2983 315 3038 eo,
332 2967 409 3043 quod
427 2968 547 3042 deceat,
566 2969 714 3028 utilitatem
732 2966 911 3046 separemus.
942 2967 1005 3028 Nisi
1020 2969 1095 3028 forte
1112 2969 1191 3045 prior
1205 2965 1255 3025 ille

262 3048 424 3126 Africanus,
442 3053 489 3128 qui
504 3053 596 3129 patria
612 3053 719 3112 cedere
736 3069 820 3129 quam
836 3070 899 3112 curn
914 3051 1027 3111 tribuno
1044 3051 1139 3129 plebis
1156 3049 1255 3112 humil·

261 3135 330 3191 limo
347 3136 523 3194 contendere
540 3136 576 3195 de
593 3137 754 3195 innocentia
771 3154 821 3195 sua
837 3136 945 3209 maluit,
961 3136 1098 3195 inutiliter
1109 3135 1163 3194 sibi
1175 3133 1255 3193 vide-

261 3227 306 3275 tur
322 3217 516 3287 consuluisse;
533 3229 579 3278 aut
590 3219 621 3279 P.
634 3219 766 3293 Rutilius,
784 3219 833 3278 vel
849 3238 913 3279 coru
927 3219 978 3279 illo
995 3237 1088 3297 paene
1103 3219 1256 3279 Socratico

260 3319 371 3377 genere
387 3301 566 3361 defensionis
582 3313 626 3363 est
641 3322 719 3377 usus,
735 3303 783 3362 vel
800 3322 864 3362 curn
879 3313 1036 3363 revocante
1053 3321 1116 3362 eum
1131 3302 1162 3362 P.
1175 3300 1255 3362 Sulla
1264 3305 1298 3359 13
1358 3340 1359 3343 η

260 3402 377 3443 manere
397 3388 425 3444 iu
443 3386 530 3444 exilio
547 3387 659 3463 maluit,
681 3388 747 3465 quid
769 3386 824 3446 sibi
841 3389 963 3446 maxime
987 3386 1180 3462 conduceret,
1205 3404 1254 3445 ne·

261 3467 382 3527 sciebat.
413 3468 448 3528 lli
465 3487 537 3528 vero
554 3488 643 3549 parva
659 3471 723 3546 illa,
741 3489 816 3550 quae
832 3472 1044 3533 abiectissimus
1060 3472 1182 3550 quisque
1196 3472 1254 3529 ani·

260 3572 323 3610 mus
346 3552 424 3612 utilia
448 3554 554 3627 credit,
582 3556 691 3615 sicum
713 3557 818 3616 virtute
840 3556 1040 3629 conferantur,
1067 3554 1254 3633 despicienda

260 3637 474 3710 iudicaverunt,
495 3637 621 3717 ideoque
643 3649 784 3718 perpetua
808 3640 989 3700 saeculorum
1004 3639 1188 3701 admiratione
1206 3656 1277 3698 ce-.

261 3721 416 3781 lebrantur.
444 3720 547 3799 Neque
562 3740 616 3784 nos
632 3725 718 3784 simus
734 3733 790 3784 tam
806 3724 937 3800 hurmilcs,
952 3733 993 3800 ut,
1012 3741 1085 3803 quae
1097 3722 1253 3796 laudamus,
