3184 4409
555 459 643 508 rusa.
657 459 991 527 censentientem.
1198 453 1256 514 103

258 607 348 692 πήσει
363 614 464 691 potuit.
497 611 568 672 Nam
583 611 700 672 brevior
714 614 773 690 illa,
795 623 826 673 ut
840 617 879 674 ait
901 614 1015 692 Cicero,
1033 635 1048 676 a
1066 636 1098 676 re
1114 617 1257 694 digressio
1266 632 1299 687 56

259 700 392 778 plurimis
407 698 438 757 iit
451 697 553 756 modis.
585 698 643 756 Sed
658 697 731 756 haec
746 699 872 776 exempli
889 703 980 775 gratia
1001 701 1159 760 sufficient:
1185 702 1259 765 Tam

261 782 298 844 C.
322 781 470 857 Varenus,
486 783 514 841 is
530 782 581 859 qai
595 799 616 842 a
629 783 748 858 familia
758 779 962 846 Anchariana
976 788 1097 845 occisas
1111 795 1174 855 est,·
1189 787 1257 864 boc,

260 884 392 946 quaeso,
416 868 551 942 indicos,
579 866 740 943 dilipenter
763 868 926 935 attendite,·
956 877 984 926 et
1011 885 1067 946 pro
1090 869 1197 929 Milone
1219 868 1260 932 Et

259 953 384 1029 aspexit
404 951 528 1011 metitis
550 951 670 1027 attidem
685 950 797 1026 acatis,
824 951 934 1028 qaibas
953 961 1015 1011 tan
1035 953 1167 1029 solebat,
1191 974 1259 1016 caim

259 1036 400 1097 omnibns
420 1037 521 1095 omnia
534 1035 717 1099 minabatur.
753 1033 807 1094 Est
826 1034 882 1093 alia
897 1053 953 1093 non
970 1037 1081 1112 quidem
1097 1040 1299 1113 reticentiam

261 1137 338 1197 quae
353 1120 391 1177 sit
405 1119 566 1196 imperfecti
582 1119 737 1194 sermonis,
760 1117 812 1177 sed
836 1127 929 1177 tamen
951 1122 1083 1198 praecisa
1098 1121 1177 1180 velut
1193 1132 1259 1182 ante

260 1202 419 1280 legitimum
440 1203 524 1262 finem
546 1204 654 1261 oratio:
679 1211 709 1260 ut
734 1201 806 1262 illud
828 1201 926 1262 Nimis
945 1223 1054 1282 arpeo,
1078 1208 1258 1265 commoneri

258 1287 385 1348 videta·
404 1288 602 1356 adolescens‚·
623 1296 651 1346 et
680 1283 762 1358 Quid
779 1289 895 1365 plara?
915 1288 1015 1366 ipsam
1035 1288 1259 1350 adolescentem

260 1371 369 1432 dicere
382 1372 522 1432 cadistis.

347 1452 510 1514 Imitatio
535 1470 668 1512 morum
693 1453 915 1530 alienorum,
938 1471 1011 1532 quae
1034 1448 1300 1533 idoneae-'vebis

258 1545 292 1598 ut
307 1537 356 1597 alii
373 1537 490 1613 malunt,
504 1537 620 1614 plancis
636 1537 748 1614 dicitur,
765 1540 821 1597 iam
836 1539 910 1597 inter
925 1539 1052 1598 leniores
1070 1539 1189 1599 affectus
1206 1559 1256 1599 nu·

260 1622 366 1680 merari
380 1623 488 1699 potest.
518 1620 571 1680 Est
592 1622 666 1680 enim
681 1624 776 1699 posita
793 1622 856 1680 iere
868 1625 898 1695 in
915 1623 1073 1698 eludendo,
1092 1624 1144 1682 sed
1158 1641 1257 1683 versa-

259 1713 308 1764 tur
324 1706 394 1763 etin
413 1705 496 1765 iactis
512 1705 585 1764 etin
603 1705 697 1766 dictis.
740 1705 889 1781 Infantis,
912 1706 1054 1785 quodsest
1075 1699 1258 1768 ὑποτυπώσει

261 1789 402 1857 vicinum;
418 1791 446 1848 in
462 1790 556 1862 dictis,
574 1789 659 1866 quale
673 1798 717 1848 est
735 1790 810 1867 apud
825 1790 1010 1849 Terentium·

346 1870 385 1932 At
400 1893 454 1950 epo
468 1874 649 1948 nesciebam,
666 1890 810 1951 qaorsam
828 1876 944 1934 taines.
978 1873 1114 1935 Pamala

345 1955 424 2018 Hinc
439 1966 484 2018 est
498 1957 639 2034 abrepta,
654 1958 759 2018 edanit
772 1968 871 2018 mater
882 1977 941 2036 pro
955 1976 1025 2034 saa,

346 2039 443 2102 Soror
457 2043 542 2102 dicta
558 2048 618 2100 est:
637 2041 725 2118 capio
741 2042 906 2117 abdacere,
922 2048 956 2102 at
968 2042 1099 2103 reddam
1109 2043 1183 2102 sitis.

262 2218 308 2269 est
323 2208 632 2288 permistionem,
650 2208 703 2267 nisi
719 2209 796 2287 quod
813 2208 992 2286 frequentius
1009 2217 1159 2267 asseverat
1175 2227 1258 2286 quam

261 2293 369 2353 eludit:
393 2293 543 2355 Dicebam
565 2293 689 2353 babere·
702 2311 753 2353 eos
772 2300 907 2354 actorem
930 2290 966 2364 Q.
984 2290 1158 2354 Caeciliam.
1189 2293 1260 2352 Sunt

262 2386 292 2436 et
319 2377 368 2437 illa
395 2378 517 2436 iucunda
542 2387 571 2436 et
600 2375 635 2435 ad
660 2376 934 2436 commendationem
956 2394 1018 2434 cum
1038 2377 1179 2434 varietate
1201 2384 1259 2434 tum

262 2463 348 2520 etiam
368 2462 431 2538 ipsa
453 2471 551 2521 natura
575 2460 724 2538 plurimum
742 2469 878 2537 prosunt,
902 2477 976 2538 quae
997 2459 1156 2536 simplicem
1172 2477 1258 2537 quan·
1341 2529 1343 2532 y

260 2545 375 2605 damet
396 2562 453 2603 non
482 2552 682 2622 praeparatam
708 2543 887 2603 ostendendo
916 2544 1074 2604 orationem
1093 2545 1183 2601 minus
1205 2560 1259 2601 nos

260 2637 417 2706 suspectos
433 2629 520 2688 iudici
537 2628 652 2688 iaciunt.
683 2626 755 2686 Hinc
778 2636 823 2688 est
844 2629 926 2706 quasi
947 2628 1183 2705 poenitentia
1207 2628 1302 2688 rii-oo

261 2714 325 2772 oti:
351 2721 381 2770 ut
391 2730 449 2790 pro
466 2709 566 2771 Caelio
590 2711 655 2772 Sed
671 2711 746 2788 qaid
760 2730 816 2788 epo
829 2713 874 2773 ito
889 2729 1016 2790 prooem
1035 2729 1199 2788 personam
1211 2712 1256 2770 in·

261 2797 407 2857 trodani?
436 2795 473 2855 Et
494 2795 596 2874 quibus
617 2798 720 2855 utimur
740 2795 846 2872 vulgo:
866 2793 1053 2873 impendens
1065 2795 1170 2854 incidi.
1201 2792 1259 2853 Vel

263 2898 326 2939 cum
341 2897 483 2958 quaerere
503 2897 576 2956 nos,
601 2880 668 2957 quid
683 2878 826 2955 dicamus,
848 2879 995 2955 fingimus:
1014 2876 1096 2950 Qaid
1109 2879 1260 2956 aetianam

262 2966 328 3025 est?
345 2973 373 3024 et
388 2961 467 3024 Nam
483 2965 558 3042 qaid
571 2965 679 3026 conisi?
700 2972 729 3022 et
745 2981 809 3022 oum
824 2963 928 3022 ibidem
944 2964 1090 3038 invenire,
1111 2970 1142 3020 ut
1157 2963 1196 3021 ait
1213 2959 1259 3020 (li-

263 3064 350 3107 cero:
369 3045 466 3109 Unam
481 3049 573 3110 etiam
588 3049 662 3108 mibi
675 3047 1004 3124 reliqaambaiasmodi
1016 3048 1131 3107 crimea
1149 3053 1214 3116 est,·
1230 3053 1260 3103 et

260 3129 357 3194 riliad
372 3151 411 3193 ea
425 3132 485 3194 olio
498 3132 653 3192 saccaait
667 3132 749 3192 mibi.
784 3130 867 3190 Unde
887 3131 971 3189 etiam
991 3131 1103 3189 venusti
1124 3130 1259 3188 transitus
1268 3133 1301 3188 61

261 3216 346 3283 fiunt;
363 3233 420 3274 non
438 3216 503 3293 quia
518 3217 652 3274 transitus
667 3217 731 3293 ipse
752 3215 789 3273 sit
805 3214 938 3288 schema,
956 3223 986 3272 ut
1002 3211 1123 3288 Cicero,
1144 3221 1260 3272 narrato

261 3300 374 3360 Pisonis
391 3299 537 3378 exemplo,
555 3301 602 3376 qui
615 3299 728 3359 anulum
744 3298 798 3357 sibi
816 3299 882 3358 cudi
897 3296 932 3356 ab
950 3297 1067 3356 aurifice
1083 3298 1112 3355 in
1127 3296 1261 3356 tribunali

262 3400 316 3442 suo
331 3384 471 3458 iusserat,
495 3382 576 3442 velut
595 3383 652 3442 hoc
673 3384 701 3441 in
725 3384 891 3441 memoriam
910 3381 1041 3440 inductus
1062 3379 1180 3440 adiecit:
1201 3379 1261 3442 Hic

261 3467 351 3528 modo
365 3486 419 3528 erte⁴
430 3468 606 3538 commoneat
621 3465 740 3528 Pisonis
753 3468 875 3541 nantas,
891 3466 973 3543 qaod
984 3473 1075 3525 totam
1087 3460 1260 3543 effinxerat.
1319 3540 1322 3546 Ι

264 3548 365 3623 Qaam
387 3551 487 3612 maltis
504 3552 597 3611 istam
616 3553 734 3628 potatis
754 3549 921 3610 boninitas
942 3548 1074 3610 bonestis
1095 3550 1134 3608 de
1157 3550 1262 3626 dipitis

263 3634 375 3695 aaalos
388 3652 501 3695 caesos
521 3635 704 3696 abstulisse?
730 3632 768 3692 Et
788 3651 850 3693 eum
871 3632 966 3711 aliqua
985 3629 1066 3692 velut
1080 3632 1259 3708 ignoramus:

264 3716 331 3781 Sed
344 3736 451 3780 earam
465 3736 570 3779 reram
584 3718 745 3796 artificem,
762 3718 870 3795 oriem?
886 3733 1046 3795 quemnam
1055 3718 1079 3776 i<
1092 3715 1188 3777 Recte
1201 3714 1260 3775 od·
