3184 4409
340 487 380 549 34
653 501 782 551 uana.
799 501 1016 563 commum

311 659 447 733 ascripto
472 664 500 714 et
516 656 551 715 de
572 656 719 717 voluntate
740 657 895 736 quaeritur.
936 656 968 718 ld
989 665 1047 716 tum
1061 655 1182 732 accidit,
1205 666 1325 720 comest

339 742 366 799 in
382 741 449 815 lege
465 739 559 818 aliqua
581 741 751 800 obscuritas.
796 739 827 800 lu
843 759 877 801 ea
893 749 941 800 aut
952 750 1074 818 uterque
1089 758 1170 800 suam
1190 740 1324 821 interpre-

339 826 473 883 tationem
494 825 659 898 confirmat,
678 824 835 883 adversarii
856 824 1014 884 subvertit:
1039 832 1070 883 ut
1084 823 1151 900 hio,
1173 822 1242 886 Fur
1256 843 1324 904 qua

339 908 483 985 atropium
503 910 609 970 soluat.
649 906 718 969 Duo
737 909 954 987 surripuerunt
965 909 1087 987 pariter
1101 909 1210 970 decem
1230 911 1325 978 mitius

336 999 480 1071 petuntur
496 993 535 1053 ab
552 1001 680 1069 utroque
695 994 917 1070 quadrogcnur
936 994 982 1054 tut
992 993 1161 1070 postulunt,
1177 1000 1213 1053 at
1226 995 1326 1055 cicaro

340 1076 507 1153 conserant.
545 1075 615 1135 Nam
631 1084 660 1135 et
678 1085 759 1134 actor
772 1075 857 1150 uicit,
875 1075 932 1135 hoc
948 1093 1015 1136 esse
1032 1075 1240 1154 quadruplum,
1257 1075 1325 1156 quod

339 1169 433 1238 petat,
458 1167 487 1218 et
504 1162 546 1218 rei
561 1160 634 1235 hoc,
657 1159 887 1241 quoii-offeram
914 1159 1046 1219 voluutas
1068 1176 1184 1237 quoque
1198 1162 1326 1239 utrinque

311 1243 509 1310 adsienditur.
554 1244 628 1317 Aut,
655 1260 718 1302 curn
741 1243 778 1302 de
798 1243 891 1303 aitcro
913 1243 1061 1303 intellectu
1082 1251 1192 1303 certum
1212 1253 1275 1320 cst,
1295 1243 1326 1304 dc

340 1328 432 1387 altero
451 1326 581 1387 dubium:
601 1323 652 1385 Ea
668 1329 827 1388 meretrice
846 1335 938 1388 nutas
952 1346 992 1388 ne
1014 1328 1210 1388 coctionetur.
1248 1324 1328 1402 Qum

338 1412 433 1490 litium
459 1410 605 1487 habebat,
633 1422 776 1489 prostare
802 1413 916 1490 coepit:
951 1411 1127 1490 prohibetur
1153 1413 1328 1474 adolescens

340 1497 486 1557 amatione.
521 1493 591 1554 Nam
613 1494 649 1553 de
672 1496 732 1553 eius
761 1495 837 1569 fiiio,
860 1513 934 1573 quae
962 1504 1027 1572 ante
1054 1503 1165 1572 parturn
1195 1494 1328 1555 meretrix

340 1579 408 1653 iuit,
426 1587 534 1637 certum
550 1587 609 1636 est:
628 1596 663 1637 au
679 1580 778 1639 eadem
793 1578 874 1638 huius
890 1597 975 1638 causa
989 1579 1041 1652 sit,
1057 1577 1171 1638 dubium
1186 1588 1251 1656 est,
1268 1578 1328 1658 quia

313 1669 379 1722 tex
394 1661 448 1720 hac
463 1670 544 1719 uatus
559 1669 619 1735 est,
639 1671 668 1720 et
680 1662 752 1720 haec
763 1665 899 1722 meretrix
915 1672 968 1723 est.
998 1662 1081 1721 Solet
1095 1671 1124 1721 et
1139 1661 1209 1722 ittut
1221 1662 1327 1741 quaeri,

340 1762 397 1825 quo
415 1745 571 1818 referatur,
592 1747 668 1822 quod
685 1748 822 1824 scriptum
839 1757 897 1822 est,
914 1746 969 1807 Bis
989 1747 1028 1807 de
1048 1747 1155 1806 eadem
1176 1765 1212 1807 rc
1235 1765 1276 1808 nc
1295 1746 1329 1806 st

340 1829 440 1896 octio,·
455 1828 483 1887 id
499 1837 557 1904 est,
573 1828 630 1888 hoc
644 1831 690 1891 bis
706 1829 741 1890 ad
756 1824 884 1891 actorem
899 1849 934 1890 an
948 1830 983 1890 ad
998 1826 1163 1889 actionem?
1197 1829 1280 1891 Haec
1295 1846 1328 1889 ex

340 1914 401 1971 iure
420 1912 554 1971 obscuro.

403 1996 533 2057 Alterum
543 2014 635 2074 genus
648 2007 692 2058 est
705 2016 742 2058 ex
752 1998 918 2066 mattiiest03
935 1997 1011 2074 quod
1023 1997 1073 2074 qui
1082 1997 1175 2056 scium
1188 1995 1325 2069 viderunt,

341 2080 415 2140 hunc
431 2090 532 2140 statum
554 2082 651 2159 plani
673 2092 706 2142 et
726 2082 909 2142 voluntati
916 2099 929 2139 s
947 2081 1138 2159 appellarunt.
1171 2079 1204 2140 ln
1218 2079 1276 2140 hoc
1289 2077 1324 2139 ai-

313 2175 401 2229 stera
423 2184 489 2243 pars
511 2168 619 2244 scripto
641 2168 737 2225 nititur
758 2167 850 2226 altera
869 2165 1024 2224 voluntate.
1066 2163 1125 2224 Sed
1141 2173 1242 2224 contra
1262 2161 1324 2222 scri·

341 2259 419 2328 ptum
440 2249 530 2308 tribus
552 2250 707 2326 generibus
727 2251 898 2310 occurritur.
942 2249 1034 2309 Unum
1054 2257 1116 2323 est,
1145 2249 1174 2307 iu
1195 2265 1252 2326 quo
1268 2247 1323 2326 ipso

341 2343 434 2411 patet,
457 2351 572 2410 semper
596 2335 624 2394 id
645 2337 755 2393 servari
775 2350 833 2392 non
848 2350 953 2412 posse:
974 2331 1077 2394 Liberi
1088 2341 1236 2411 parentes
1249 2331 1324 2393 aiant

341 2427 395 2477 aut
414 2419 607 2485 ciriciontum
635 2419 780 2476 nonenim
802 2417 965 2493 alligabitur
993 2416 1094 2475 inians.
1123 2414 1198 2509 ,Hic
1217 2415 1272 2475 erit
1295 2411 1323 2472 ad

342 2500 397 2559 alia
417 2503 567 2575 transitus,
594 2510 623 2559 et
645 2502 762 2577 divisio,
784 2500 858 2561 Num
881 2501 1008 2579 quisquis
1030 2517 1088 2559 nou
1111 2495 1236 2560 aluerit?
1269 2513 1323 2558 uum

314 2580 409 2645 uhic?
444 2583 608 2661 Proponunt
622 2585 735 2663 quidam
750 2585 809 2646 tale
824 2603 915 2662 genus
931 2585 1207 2659 controversiarum,
1230 2585 1259 2643 iu
1277 2595 1324 2660 (ιιι

342 2666 447 2724 nullum
468 2678 662 2742 argumentum
686 2678 745 2745 est,
765 2670 842 2748 quod
859 2687 896 2728 ex
911 2668 978 2745 lege
992 2669 1054 2746 ipsa
1069 2669 1129 2746 peti
1152 2669 1261 2744 possit,
1282 2661 1325 2724 sei

342 2750 377 2809 de
395 2766 430 2807 eo
449 2759 569 2827 tantum,
588 2751 623 2810 de
640 2770 696 2830 quo
713 2753 747 2812 lis
764 2762 824 2829 est,
841 2753 1034 2831 quaerendum
1049 2753 1094 2811 sit.
1140 2749 1327 2830 Peregrinus·

340 2838 368 2894 si
391 2853 508 2894 arturum
528 2839 717 2914 ascenderit,
739 2838 838 2916 capite
854 2837 1010 2915 puniatur.
1055 2832 1129 2896 Cum
1149 2835 1251 2896 hostes
1270 2852 1328 2894 ma-

341 2936 410 2978 rum
425 2920 649 2995 ascendissent,
664 2923 847 3003 peregrinas
861 2939 913 2982 eos
927 2921 1061 2999 depuli&
1078 2922 1194 2998 petitur
1207 2921 1252 2980 ad
1265 2934 1329 2997 sup

313 3006 330 3061 i
338 3005 474 3080 plicitum.
507 3001 533 3060 N
536 3020 572 3061 ou
584 3013 666 3063 erunt
680 3004 727 3064 hie
742 3013 894 3083 separatae
909 3006 1110 3082 quaestiones,
1130 3001 1174 3060 An
1187 2999 1330 3081 quisquis?

343 3106 378 3145 an
398 3083 466 3145 hio?
489 3089 554 3163 quia
576 3089 681 3147 nullum
701 3099 798 3168 potest
817 3089 913 3148 aiicrri
933 3097 1128 3165 argumentum
1144 3095 1245 3146 contra
1266 3083 1331 3147 sori·

343 3180 420 3247 ptum
436 3172 632 3230 uehementius
651 3190 703 3247 eo,
721 3174 798 3250 quod
814 3175 842 3233 in
861 3173 911 3231 lite
927 3182 986 3240 est;
1007 3171 1059 3231 sed
1074 3171 1131 3230 hoc
1148 3179 1271 3246 tantum,
1292 3169 1333 3227 Αιι

342 3271 378 3310 ne
396 3257 554 3315 servandae
572 3256 684 3333 quidem
702 3259 824 3317 civitatis
841 3253 949 3316 causa?
983 3255 1064 3333 Ergo
1081 3256 1226 3331 aequitate
1243 3263 1273 3314 et
1287 3270 1333 3311 vo·

344 3336 450 3396 luntate
472 3341 661 3416 pugnandum.
703 3338 779 3400 Fieri
797 3350 890 3399 tamen
907 3349 1020 3418 potest,
1046 3348 1076 3399 ut
1091 3357 1128 3397 ex
1143 3337 1207 3398 aliis
1223 3337 1335 3414 iegibus

344 3421 476 3497 exempla
492 3422 643 3499 ducamus,
665 3443 717 3502 per
738 3443 812 3502 quae
831 3433 983 3502 appareat,
1006 3441 1121 3500 semper
1143 3423 1212 3480 stari
1228 3423 1335 3499 scripto

315 3511 399 3565 finon
423 3521 528 3581 posse,
551 3517 581 3565 ut
602 3506 707 3568 Cicero
723 3525 775 3587 pro
792 3505 917 3567 Caecina
935 3508 1014 3567 iecit.
1059 3507 1203 3581 Tertium,
1226 3524 1291 3565 cum
1310 3505 1337 3564 in

344 3588 413 3666 ipsis
440 3589 537 3648 verbis
562 3590 635 3666 tegis
662 3594 821 3670 reperimus
846 3591 969 3669 aliquid,
996 3609 1050 3669 per
1066 3590 1148 3668 'quod
1169 3589 1337 3668 prohemus,

342 3671 419 3733 aliud
440 3672 657 3749 legumlatorem
682 3675 826 3750 voluisse,
851 3684 881 3734 ut
905 3678 933 3734 iu
956 3675 1248 3735 haccontrouersia:
1281 3671 1339 3746 Qut

341 3764 430 3820 nocte
442 3775 509 3821 cam
517 3759 825 3849 terro'depreicusas
836 3755 945 3842 sumit,
962 3761 1114 3842 alligetur.
1158 3755 1234 3820 Cum
1248 3759 1340 3819 artato
