3184 4409
505 489 594 538 ruso.
608 489 933 558 perronnetus.
1148 480 1204 540 281

246 645 367 706 aululum
383 644 576 722 impendamus
593 643 658 702 bnic
679 662 794 722 quoque
818 645 973 722 peculiaris
991 663 1115 724 operae,
1135 666 1208 724 quae

246 730 335 789 uidem
351 730 378 788 in
389 729 556 807 quibusdam
571 729 664 786 causis
680 729 715 787 ed
730 731 878 787 uictoriam
893 729 940 788 vel
956 730 1105 808 plurimum
1120 732 1207 791 ualet.

247 832 291 872 am
309 821 339 870 ut
353 815 381 870 in
397 812 533 892 qualitate
550 811 691 887 generali,
708 813 736 870 in
753 829 818 888 qua,
834 822 953 871 rectene
968 814 1073 873 iactum
1091 816 1157 892 quid
1174 826 1237 879 ans

246 907 320 955 >ntra
335 898 381 970 sit,
395 898 550 975 quaeritur,
564 904 704 973 perpetua
720 896 877 956 dominatur
895 899 1002 966 oratio;
1020 907 1049 956 et
1065 901 1208 975 quaestio·

246 999 283 1039 cm
305 980 438 1038 linitionis
461 981 589 1038 actiones
611 978 781 1057 plerumque
808 982 876 1038 satis
902 981 1046 1058 explicant
1068 991 1096 1040 et
1116 985 1209 1042 omnia

246 1082 329 1138 rene,
354 1063 505 1141 inquibus
529 1062 565 1121 de
588 1063 665 1121 lacto
687 1072 800 1122 constat
821 1072 867 1122 aut
888 1067 1052 1124 coniectura
1071 1066 1209 1124 artificiali

246 1149 330 1207 itione
346 1146 505 1222 colligitur:
521 1148 559 1205 ita
574 1147 601 1205 in
615 1147 649 1205 iis
666 1148 770 1221 causis,
788 1165 861 1224 quae
875 1157 938 1206 sunt
949 1148 1208 1225 frequentissimae,

246 1250 292 1291 rae
312 1229 360 1289 vel
383 1230 454 1289 solis
475 1239 556 1288 extra
579 1239 668 1289 artem
688 1229 906 1307 probationibus
933 1231 982 1290 vel
1006 1233 1100 1290 mixtis
1119 1234 1208 1290 conti·

246 1324 336 1389 entur,
357 1315 514 1391 asperrima
529 1315 557 1371 in
572 1313 626 1372 bac
641 1323 722 1390 parte
739 1314 882 1374 dimicatio
899 1324 959 1389 est,
976 1314 1030 1373 dec
1046 1314 1112 1373 alibi
1128 1314 1208 1373 dixe·

246 1418 257 1456 s
272 1399 363 1473 magis
378 1413 514 1456 mucrone
530 1398 659 1474 pugnari.
696 1396 767 1456 Nam
788 1406 817 1456 et
831 1398 990 1457 firmissima
1004 1416 1134 1475 quaeque
1150 1415 1237 1468 me·5

246 1483 326 1540 oriae
341 1480 442 1539 iudicis
460 1480 627 1540 inculcanda
644 1488 723 1556 sunt,
744 1489 772 1539 et
789 1481 1007 1559 praestandum,
1031 1482 1166 1560 quidquid
1181 1484 1209 1540 in

246 1567 331 1624 :tione
351 1565 546 1650 promisimus,
569 1573 597 1623 et
618 1564 777 1624 refellenda
800 1566 957 1624 mendacia.
1000 1565 1146 1642 Nusquam
1165 1575 1209 1624 est

246 1652 359 1726 suique,
389 1649 437 1724 qui
463 1649 631 1723 cognoscit,
658 1649 802 1706 intentior.
845 1648 909 1708 Nec
932 1649 1069 1708 immerito
1097 1650 1208 1726 quidam

246 1749 378 1811 tanquam
395 1733 424 1790 in
445 1731 566 1790 dicendo
588 1732 751 1791 mediocres
773 1732 828 1791 bac
846 1741 939 1791 tamen
954 1731 1110 1791 altercandi
1124 1750 1208 1810 pree·

245 1817 320 1876 antia
339 1824 503 1874 meruerunt
522 1832 626 1874 nomen
645 1818 853 1892 patronorum
873 1814 912 1875 At
932 1816 1043 1892 quidam
1058 1815 1236 1892 litigatori-6

246 1919 271 1958 rs
293 1899 352 1958 suis
372 1898 449 1957 illum
469 1897 554 1957 modo
575 1897 753 1959 ambitiosum
775 1897 952 1958 declamandi
975 1899 1110 1959 sudorem
1124 1917 1207 1977 prae·

245 1985 326 2043 itisse
347 1982 473 2042 contenti
505 2000 568 2040 cum
596 1981 677 2040 turba
702 1983 872 2043 laudantium
894 1983 1049 2042 destituunt
1069 1982 1208 2042 subsellia

246 2083 400 2143 rgnamque
425 2066 502 2124 illam
527 2066 717 2125 decretoriam
743 2067 881 2144 imperitis
907 2084 941 2125 ac
966 2083 1055 2144 saepe
1080 2066 1208 2143 pullatae

248 2151 318 2210 rbae
341 2149 512 2226 relinquunt.
562 2147 662 2227 ltaque
686 2149 785 2209 videas
808 2148 880 2209 alios
908 2149 1076 2227 plerumque
1097 2150 1235 2220 iudiciis7

246 2235 336 2293 iratis
362 2232 397 2292 ad
421 2234 549 2295 actiones
571 2232 705 2291 advocari
728 2232 801 2291 alios
824 2232 859 2291 ad
883 2232 1091 2311 probationem.
1126 2231 1207 2304 Quae

262 2316 415 2378 dividenda
435 2324 499 2374 sunt
521 2315 631 2375 cilicia:
652 2315 709 2374 boc
731 2324 811 2375 certe
831 2317 922 2392 magis
942 2316 1137 2376 necessarium
1152 2323 1207 2389 est,

246 2401 438 2476 ndendumque
454 2399 546 2472 dictu,
567 2400 591 2457 si
606 2399 671 2476 plns
688 2398 862 2475 litigantibus
879 2401 1147 2478 prosuntyminores.
1177 2397 1209 2456 ln

246 2484 341 2544 rblicis
364 2492 444 2542 certe
470 2483 581 2543 iudiciis
601 2500 660 2542 vox
686 2483 735 2542 illa
754 2484 908 2561 praeconis
931 2492 1048 2561 praeter
1071 2491 1208 2562 patronos

247 2586 321 2642 sum,
338 2569 384 2645 qui
399 2568 507 2642 egerit,
524 2567 601 2625 citat.
660 2638 663 2644 Ι

303 2649 382 2728 Opus
418 2658 462 2709 est
497 2650 583 2726 igitur
612 2649 739 2725 inprimis
772 2650 888 2727 ingenio
918 2649 1016 2709 veloci
1040 2667 1075 2708 ac
1098 2648 1237 2724 mobilis

245 2737 311 2817 rimo
327 2733 472 2812 praesenti
488 2742 516 2791 et
532 2734 600 2792 acri.
628 2731 693 2792 Non
709 2735 782 2792 enim
799 2732 979 2810 cogitandum
996 2733 1048 2792 sed
1059 2733 1209 2793 dicendum

248 2819 314 2878 atim
337 2826 380 2876 est
401 2826 428 2876 et
451 2831 544 2894 prope
567 2814 619 2875 sub
642 2826 745 2876 conatu
767 2817 925 2877 adversarii
941 2835 1038 2876 manus
1057 2815 1208 2893 exigenda.

247 2918 317 2960 uare
333 2919 395 2959 cum
410 2901 438 2958 in
455 2901 529 2958 omni
545 2908 626 2977 parte
646 2899 765 2960 huiusce
786 2900 876 2960 cilicii
892 2900 1040 2978 plurimum
1057 2900 1143 2975 iacit,
1165 2907 1208 2957 tc·

249 3002 263 3042 s
278 3001 335 3043 non
350 2983 502 3060 diligenter
516 2983 601 3042 modo
620 2983 672 3043 sed
690 2986 774 3043 etiarn
795 2983 971 3043 familiariter
985 3001 1072 3042 nosse
1090 2998 1208 3045 causas:

246 3085 277 3126 tm
291 3071 320 3127 in
347 3067 534 3127 altercatione
556 3067 676 3125 maxime
698 3069 892 3126 necessarium
916 3077 976 3142 est,
1000 3067 1120 3126 omnium
1143 3083 1208 3144 per·

246 3169 367 3226 unarum,
387 3153 652 3224 instrumentorum,
679 3159 854 3228 temporum,
876 3150 1007 3211 locorum
1027 3149 1135 3209 babere
1158 3165 1208 3207 no-

246 3236 318 3295 tiam.
353 3232 471 3311 Alioqui
498 3242 526 3293 et
547 3233 697 3293 tacendum
713 3235 767 3292 erit
783 3251 873 3311 saepe
889 3242 934 3309 et,
957 3234 1020 3293 aliis
1035 3232 1208 3291 subiicienti-

246 3335 290 3394 rs,
317 3317 487 3395 plerumque
516 3317 609 3376 studio
630 3313 766 3394 loquendi
785 3318 863 3377 iatue
888 3317 972 3376 modo
999 3316 1207 3382 accedendum

246 3418 276 3460 ro
290 3418 490 3479 nonuunquam
508 3399 627 3476 eccidit,
649 3409 679 3460 ut
693 3403 833 3460 innostra
848 3400 1017 3460 credulitate
1032 3400 1125 3460 aliena
1140 3399 1208 3459 stul·

246 3487 279 3545 tia
295 3485 511 3544 erubescamus.
547 3483 651 3561 Neque
667 3494 772 3544 tantum
787 3484 844 3544 hoo
859 3485 929 3562 ipsis
944 3483 1131 3543 monitoribus
1149 3483 1234 3553 cla-9
1321 3525 1323 3528 ι

246 3571 323 3638 escit3
351 3568 463 3646 quidam
477 3567 583 3628 iaciunt
598 3577 713 3645 aperte,
736 3586 809 3646 quae
834 3569 968 3627 rixemur.
1004 3566 1112 3628 Videas
1134 3568 1238 3625 enim*

246 3655 379 3732 lerosque
391 3653 437 3730 ,ira
451 3653 578 3730 percitos
593 3651 804 3726 exclamantes,
821 3659 852 3709 ut
869 3650 955 3710 iudex
972 3651 1080 3725 audiat,
1097 3658 1207 3709 contra·
1299 3680 1301 3683 ·

246 3755 291 3797 um
306 3735 335 3798 id
352 3754 429 3814 esse,
446 3735 523 3816 quod
537 3733 751 3813 admoneantur,
768 3736 899 3815 sciatque
911 3735 973 3814 ille,
989 3733 1209 3815 quipronuntia·
