3184 4409
477 423 479 425 ’
573 449 662 498 susc.
676 449 826 498 aaaron.
840 451 969 517 crnxr,
984 439 1011 497 1.
1233 439 1292 507 tal

246 621 268 663 u
291 606 422 686 quamvis
438 605 555 664 multum
571 612 651 663 esset
667 605 695 663 in
710 602 766 664 boc
774 622 899 747 quoque
915 606 1060 681 momenti,
1077 616 1141 666 uter
1152 605 1188 665 ad
1203 623 1291 682 agen·

249 709 266 748 c
291 692 358 750 dum
373 691 464 766 magis
480 689 601 748 idoneus
620 689 750 763 veniret,
794 690 888 748 ioendi
909 698 1003 748 tamen
1019 691 1183 750 facultatem
1200 691 1291 767 magis

246 792 264 832 ε
290 775 334 834 illi
351 774 475 833 detraxit
491 790 574 850 quarn
590 773 735 848 arrogavit
751 771 823 848 sibi,
850 791 942 850 seque
962 790 1019 831 non
1037 783 1223 833 consecutum
1237 774 1291 834 sed

246 877 262 917 ι
291 859 395 920 omnic
415 858 538 935 fecisse,
560 864 594 916 ut
611 863 715 934 posset
731 874 799 916 eom
814 857 968 935 consequi,
992 856 1071 915 dixit.
1111 857 1143 916 ln
1159 858 1291 936 epistolis
1299 864 1333 918 21

247 964 259 1000 r
291 941 446 1018 aliquando
464 940 644 1000 familiariter
657 938 732 1017 apud
748 939 873 1016 amicos,
896 958 1095 1019 nonnunquam
1117 942 1145 999 in
1168 941 1292 1018 dialogis

246 1028 256 1086 i
291 1024 387 1084 aliena
399 1033 493 1083 tamen
505 1040 631 1102 persona
642 1042 741 1082 verum
754 1022 790 1082 de
803 1023 968 1102 eloquentia
980 1043 1030 1084 sua
1043 1024 1120 1084 dicit.
1143 1023 1180 1084 Et
1191 1035 1291 1103 aperte

246 1132 252 1170 r
292 1119 388 1168 tamen
413 1107 532 1184 gloriari
553 1108 653 1167 neseio
673 1125 708 1166 an
729 1107 767 1165 sit
790 1111 883 1185 magis
903 1108 1058 1168 tolerabile
1078 1108 1127 1168 vel
1149 1110 1212 1186 ipsa
1231 1110 1292 1168 vitii

293 1192 377 1251 buius
393 1191 592 1269 simplicitate,
609 1209 692 1269 quam
707 1190 755 1250 illa
770 1191 798 1249 in
814 1193 968 1251 iactatione
986 1210 1141 1270 perversa,
1164 1193 1188 1250 si
1203 1191 1290 1254 abun·

292 1277 364 1335 dans
380 1275 484 1353 opibus
500 1293 658 1354 pauperem
675 1293 725 1348 se,
749 1274 854 1335 nobilis
876 1275 1028 1335 obscurum
1051 1284 1080 1335 et
1096 1284 1200 1354 potens
1215 1275 1291 1334 intir-

292 1377 368 1417 mum
390 1369 419 1418 et
442 1360 565 1419 disertus
585 1360 746 1437 imperitum
760 1359 846 1436 plane
870 1369 899 1418 et
914 1360 1050 1419 infantem
1064 1368 1161 1419 vocet.
1194 1358 1332 1421 nimbi-22

291 1445 397 1501 tiosum
420 1442 563 1519 gloriandi
585 1460 677 1519 genus
707 1451 751 1502 est
775 1445 860 1502 etiam
882 1444 1026 1503 deridere.
1063 1443 1109 1502 Ab
1130 1443 1195 1503 aliis
1217 1461 1290 1519 ergo

292 1526 455 1594 laudemur;
475 1544 539 1586 nam
550 1528 641 1605 ipsos,
660 1535 690 1585 nt
703 1525 916 1587 Demosthenes
929 1528 977 1603 ait,
993 1529 1183 1607 erabescere,
1198 1529 1291 1589 etium

294 1629 362 1672 cum
384 1611 424 1671 nb
449 1613 519 1672 eliis
543 1611 758 1687 laudabimur,
787 1612 882 1672 decet.
921 1611 1024 1690 Neque
1046 1610 1206 1687 boodico,
1232 1628 1290 1671 non

292 1694 446 1772 aliquando
463 1695 500 1754 de
517 1694 604 1754 rebus
621 1713 637 1754 a
659 1712 692 1753 se
707 1696 800 1771 gestis
818 1697 924 1755 oratori
943 1714 1010 1756 esse
1026 1696 1193 1772 dicendum,
1216 1698 1290 1755 siout

293 1779 388 1837 eidem
403 1777 592 1839 Demostheni
612 1795 666 1856 pro
689 1775 895 1856 Ctesiphonte;
923 1780 1000 1859 quod
1013 1789 1116 1843 ,tamen
1136 1781 1174 1839 ita
1192 1799 1288 1838 emen·

293 1863 385 1937 davit,
412 1871 442 1922 ut
467 1864 672 1922 necessitatem
699 1863 726 1921 id
751 1861 876 1922 faciendi
902 1864 1071 1923 ostenderet
1097 1865 1288 1942 invidiamque

293 1963 406 2004 onmem
421 1948 449 2004 in
465 1965 529 2006 eum
544 1954 714 2023 regeneret,
737 1947 784 2023 qui
802 1946 857 2005 boc
874 1965 907 2006 se
926 1949 1082 2024 coegisset.
1116 1946 1153 2007 Et
1168 1945 1205 2006 Μ.
1223 1947 1332 2010 Tul-aa

291 2030 347 2089 lius
363 2047 453 2107 saepe
470 2030 539 2090 dicit
554 2029 590 2089 de
602 2047 745 2107 oppressa
758 2031 955 2090 coniuratione
969 2029 1122 2098 Catilinae;
1139 2031 1192 2090 sed
1202 2032 1288 2090 modo

290 2114 320 2172 id
346 2115 441 2172 virtuti
468 2122 584 2172 senatus
609 2113 695 2172 modo
722 2113 921 2190 providentiae
948 2114 1067 2173 deorum
1090 2114 1288 2173 immortalium

291 2199 427 2273 assignat.
451 2197 623 2275 Plerumque
638 2204 738 2256 contra
753 2197 883 2257 inimicos
897 2206 982 2274 atque
999 2197 1212 2257 obtrectatores
1224 2197 1288 2275 plus

291 2281 416 2340 vindicat
432 2281 496 2339 sibi.
526 2279 615 2340 Erant
631 2280 706 2340 enim
722 2281 839 2356 tuenda,
858 2298 922 2340 cum
940 2282 1144 2341 obiicerentur.
1179 2280 1211 2340 ln
1227 2291 1331 2344 car-24

290 2364 410 2424 minibus
426 2367 530 2424 utinam
546 2365 746 2443 pepercisset,
764 2382 838 2443 quae
853 2382 910 2425 non
928 2365 1073 2425 desierunt
1090 2382 1214 2444 carpere
1231 2383 1287 2424 ma·
1339 2394 1344 2404 ι

290 2449 376 2524 ligni:

417 2529 536 2594 Cedunt
549 2549 640 2594 armo
654 2538 753 2612 toque,
769 2533 919 2596 concutiat
932 2504 1043 2596 murco
1056 2533 1163 2602 loudi;

290 2626 319 2674 el

433 2697 458 2760 0
473 2702 660 2779 fortunatam
674 2709 780 2762 nutum
794 2719 842 2762 me
856 2701 980 2762 comuste
991 2699 1143 2778 ¹lismona,-

290 2792 318 2842 et
333 2782 434 2845 locens
454 2786 549 2862 illum,
568 2804 589 2847 n
609 2802 667 2863 quo
681 2788 714 2847 in
734 2786 895 2848 concilium
912 2786 1039 2849 deorum
1052 2787 1243 2854 advocatum
1259 2793 1288 2843 et

291 2865 475 2943 Minervam,
499 2886 579 2947 quae
599 2878 686 2932 artes
707 2889 775 2930 eum
796 2871 918 2940 docuit,·
940 2881 1014 2948 quae
1031 2867 1086 2929 sibi
1103 2869 1153 2928 ille
1170 2876 1287 2928 secutus

291 2952 430 3027 quaedam
447 2949 624 3014 Graecorum
642 2952 776 3031 exempla
796 2954 977 3032 permiserat.

372 3034 479 3095 Verum
500 3038 685 3116 eloquentiae
701 3045 731 3096 ut
748 3037 887 3096 indecora
902 3036 1018 3097 iactatio
1033 3038 1072 3097 ita
1089 3044 1329 3114 nonnunquambt

290 3119 477 3179 concedenda
492 3120 596 3182 fiducia
612 3129 667 3181 est.
698 3119 770 3180 Nam
785 3121 850 3198 quis
864 3115 1061 3198 reprehendat
1081 3119 1172 3180 baec:
1205 3115 1288 3192 Qttid

285 3205 411 3278 putem?
432 3213 667 3284 contemptumne
684 3205 753 3265 mc?
788 3201 961 3266 Nonoideo
977 3205 1082 3266 necin
1100 3205 1164 3264 cito
1178 3221 1237 3264 nec
1254 3198 1287 3262 in

287 3285 391 3363 qratia
417 3307 475 3349 noc
496 3290 529 3350 in
550 3289 644 3349 rebus
662 3289 757 3366 qestis
777 3289 888 3349 necin
908 3287 968 3349 boc
988 3307 1058 3350 meo
1077 3287 1287 3348 mediocritate

287 3370 411 3446 inqenii,
426 3373 501 3449 quid
512 3373 672 3449 despicere
679 3373 777 3451 possit
787 3368 960 3434 Antonius?
975 3370 1012 3431 Et
1024 3371 1110 3451 paulo
1123 3379 1190 3450 post
1201 3388 1284 3449 aper·
1294 3379 1328 3432 26

289 3453 358 3510 tius:
378 3450 426 3514 An
442 3455 604 3518 decusare
618 3474 734 3526 mecum
747 3457 841 3517 coluit
855 3457 1040 3518 comestione
1054 3456 1201 3517 dicendi?
1221 3452 1287 3516 Hoc

289 3537 411 3613 quidem
431 3539 614 3617 beneficium
626 3548 680 3605 est.
716 3537 799 3614 Quid
817 3541 896 3601 enim
910 3541 1046 3618 pientinus,
1068 3541 1143 3618 quid
1162 3540 1287 3601 uberius

289 3637 379 3698 quum
399 3623 472 3684 mibi
492 3631 522 3684 ct
536 3643 596 3703 pro
614 3643 662 3686 me
678 3631 708 3686 et
727 3633 835 3686 centra
854 3620 1016 3686 Antonium
1030 3625 1160 3687 dicere?

373 3707 553 3786 Arrogantes
571 3718 600 3769 et
616 3709 674 3787 illi,
690 3709 738 3787 qui
757 3727 789 3768 se
810 3708 956 3770 iudicasse
971 3709 1008 3770 de
1026 3727 1113 3770 causa
1129 3725 1183 3782 nec
1201 3706 1329 3768 eliserat
