3184 4409
363 466 422 528 166
673 477 1036 538 alamannicarum

359 633 424 694 dum
444 634 509 711 ipse
531 632 654 705 vixerit,
677 631 780 710 quibus
804 630 914 690 meritis
934 631 1026 690 iratus
1040 630 1087 691 ad
1109 630 1278 708 petitionem
1298 633 1347 693 tle·

360 713 527 776 scanderit?
554 716 611 775 Aut
623 716 670 794 qui
685 714 908 792 repetundarum
924 715 1041 775 crimine
1056 715 1274 790 insimulabitur,
1291 734 1349 776 non

360 808 390 859 et
404 808 565 858 anteactam
579 800 682 874 vitans,
705 807 735 857 et
752 797 856 877 quibus
871 797 908 857 sle
929 799 1025 857 causis
1041 799 1218 876 provinciam
1234 800 1349 859 univer·

360 901 421 941 sam
445 883 494 942 vel
515 891 715 942 accusatorem
743 890 792 941 aut
817 890 921 941 testem
943 882 1113 958 offenderit,
1134 899 1192 940 non
1212 882 1351 942 inutiliter

319 963 508 1043 lbexponet?
541 965 622 1038 Quae
643 967 669 1024 si
691 965 817 1025 narratio
838 982 896 1024 non
918 973 979 1041 est,
1001 983 1038 1025 ne
1057 965 1107 1025 illa
1129 965 1243 1044 quidem
1264 963 1349 1026 (lice-

359 1051 438 1109 ronis
461 1066 514 1129 pro
537 1048 670 1108 Cluentio
692 1049 797 1127 prima,
823 1050 904 1108 cuius
928 1057 973 1108 est
993 1049 1114 1108 initium:
1135 1047 1175 1109 A.
1196 1048 1352 1111 Cluentius

360 1131 498 1193 Habitus.
530 1131 608 1193 Nihil
629 1133 703 1191 enim
717 1131 764 1191 bic
779 1131 817 1191 (le
831 1131 975 1192 venalicio
990 1133 1044 1192 sed
1058 1132 1094 1192 tle
1111 1134 1222 1208 causis,
1246 1133 1350 1211 quibus

321 1219 352 1274 17
360 1219 387 1275 ei
402 1225 494 1276 mater
508 1217 621 1277 inimica
635 1217 687 1292 sit,
705 1215 783 1275 dicit
819 1214 891 1276 lllae
907 1233 1022 1294 qnoque
1037 1224 1101 1275 sunt
1118 1218 1297 1295 pertinentes
1315 1216 1352 1276 ad

361 1318 477 1378 causam
492 1300 543 1359 sed
559 1317 616 1359 non
631 1301 721 1378 ipsius
742 1315 848 1359 causae
862 1301 1059 1358 narrationes:
1079 1300 1128 1359 nel
1144 1299 1270 1378 exempli
1285 1318 1351 1376 gra-

360 1386 399 1443 tia
413 1392 443 1442 ut
455 1385 483 1442 in
493 1383 616 1442 Verrem
632 1383 667 1442 de
677 1382 709 1442 L.
719 1381 857 1459 Domitio,
873 1384 921 1460 qui
935 1391 1098 1461 pastorem,
1114 1383 1191 1461 quod
1202 1385 1227 1442 is
1239 1401 1351 1460 aprum,

362 1485 447 1546 quem
467 1468 522 1544 ipsi
546 1468 656 1526 muneri
677 1465 838 1542 obtulerat,
860 1475 1014 1545 exceptum
1035 1484 1102 1526 esse
1124 1483 1188 1526 ase
1205 1466 1351 1526 venabulo

320 1551 353 1606 18
363 1550 515 1610 confessus
532 1559 630 1625 essct,
652 1551 680 1608 in
697 1566 814 1609 crucem
829 1549 959 1618 sustulit;
980 1549 1030 1609 vel
1045 1549 1215 1610 discutiendi
1227 1549 1352 1609 alicuius

361 1634 543 1695 extrinsecus
559 1634 698 1709 criminis,
716 1642 747 1692 ut
761 1649 815 1711 pro
831 1632 949 1694 Rabirio
964 1633 1114 1694 Postumo:
1136 1631 1216 1696 Nam
1229 1641 1263 1694 stt
1277 1651 1352 1694 oen-

361 1727 422 1778 tam
434 1714 658 1779 Alexandriam
672 1725 734 1792 est,
748 1717 884 1793 indices,
897 1717 976 1778 baec
989 1734 1052 1778 nno
1065 1718 1146 1778 ratio
1159 1735 1180 1778 o
1193 1735 1266 1794 repe
1276 1735 1352 1795 pro-

357 1802 460 1879 posita
479 1800 617 1862 Postumo
630 1807 675 1862 est
694 1801 869 1862 seroamiue
884 1801 1055 1879 pecuariae,
1079 1802 1108 1861 ei
1121 1802 1309 1861 mintionem
1323 1809 1353 1861 et

361 1885 451 1961 qnasi
468 1886 721 1963 dispensationem
740 1885 859 1963 rapiam
872 1885 1077 1963 amocpisaetr
1098 1883 1148 1943 vel
1163 1882 1303 1960 ungendi,
1323 1888 1359 1942 ut

337 2009 339 2014 -
361 1967 534 2043 describitur
548 1968 604 2027 iter
617 1967 728 2034 Verris.

321 2064 354 2118 19
445 2050 526 2113 Ficta
546 2053 658 2112 interim
678 2051 804 2110 narratio
824 2049 966 2110 introduci
982 2049 1059 2110 solet
1080 2048 1129 2109 vel
1147 2048 1183 2109 ad
1205 2051 1351 2109 concitan-

362 2138 415 2197 dos
433 2136 543 2195 iudices
561 2144 591 2194 ut
611 2153 665 2215 pro
681 2135 790 2194 Roscio
813 2136 891 2194 circa
908 2130 1146 2210 Chrysogonum,
1168 2134 1247 2192 cuius
1263 2133 1351 2212 paulo

361 2229 428 2280 ante
443 2219 529 2278 habui
544 2221 731 2285 mentionem
751 2217 800 2278 vel
815 2218 850 2278 ad
865 2217 1055 2278 resolvendos
1071 2215 1167 2294 aliqua
1180 2216 1352 2291 urbanitate,

360 2313 391 2362 ut
407 2321 460 2382 pro
477 2302 610 2363 Cluentio
626 2305 702 2363 circa
720 2291 825 2362 iratreb
841 2299 997 2380 cepasios;
1019 2300 1159 2360 interdum
1173 2318 1227 2378 per
1241 2301 1352 2378 digres-

361 2389 473 2446 sionem
495 2387 611 2445 decoris
633 2389 740 2464 gratia,
764 2385 856 2463 qualis
876 2403 974 2444 rursus
997 2386 1026 2443 in
1039 2383 1162 2443 Verrem
1181 2383 1217 2443 de
1233 2383 1352 2444 Proser-

361 2473 427 2549 pina
456 2469 505 2548 [ln
526 2471 573 2530 ln'e
594 2471 748 2547 qnondam
767 2471 843 2531 locis
862 2477 961 2530 mater
978 2468 1073 2545 fitium
1093 2469 1251 2544 quaesnse
1271 2469 1351 2529 diei-

362 2554 436 2631 inm]
478 2553 559 2626 Quae
583 2555 675 2614 omnia
697 2569 733 2612 eo
755 2553 917 2631 pertinent,
946 2560 978 2610 ut
999 2559 1154 2629 appareat,
1175 2568 1232 2610 non
1255 2553 1353 2629 utique

363 2655 420 2696 non
441 2655 558 2697 narrare
581 2655 645 2696 eum
661 2638 709 2715 qui
728 2644 831 2713 negat,
853 2634 908 2696 sed
929 2633 1000 2696 illud
1022 2635 1114 2713 ipsum
1136 2652 1256 2695 narrare
1276 2635 1353 2713 quod

363 2739 399 2779 ne
424 2729 460 2779 at.

322 2809 357 2860 20
402 2739 422 2796 g
447 2802 491 2862 Ne
507 2804 563 2863 hoc
579 2803 693 2881 quidem
708 2802 878 2881 simpliciter
892 2801 1106 2880 accipiendum,
1122 2801 1199 2883 qnod
1216 2809 1261 2860 est
1276 2818 1292 2859 a
1307 2818 1353 2858 me

364 2888 506 2966 positum,
536 2905 604 2946 esse
630 2903 839 2965 supervacuam
863 2886 1054 2945 narrationem
1075 2886 1134 2961 rei,
1162 2902 1245 2963 quam
1267 2884 1354 2942 ludex

364 2973 493 3037 noverim
518 2971 596 3049 quod
611 2972 654 3030 sic
675 2968 796 3047 intelligi
814 2969 901 3044 volo,
920 2969 944 3027 si
964 2985 1022 3027 non
1041 2969 1143 3044 modo,
1165 2966 1232 3046 quid
1247 2967 1354 3025 lactum

366 3058 418 3131 sit,
441 3057 531 3129 sciet,
552 3054 604 3122 sed
622 3056 660 3114 ita
678 3054 902 3128 lactum'etiam,
923 3061 953 3111 ut
969 3051 1054 3111 nobis
1070 3051 1201 3130 expedit,
1223 3050 1353 3127 opinabi-

323 3141 356 3194 at
366 3149 420 3198 tur.
457 3138 560 3217 Neque
577 3139 652 3197 enim
666 3139 791 3196 narratio
807 3137 836 3195 in
850 3136 907 3196 hoc
923 3145 1041 3215 reperta
1056 3144 1117 3211 est,
1139 3142 1169 3193 ut
1177 3141 1289 3200 tantum
1306 3149 1353 3193 co·

365 3232 487 3298 gnoscat
504 3223 609 3296 iudex,
632 3222 685 3281 sed
700 3220 846 3298 aliquanto
861 3220 970 3296 magis,
990 3229 1020 3278 ut
1036 3218 1204 3287 consentiat.
1245 3216 1352 3290 Quare,

366 3307 477 3364 etiamsi
492 3323 550 3364 non
565 3307 620 3365 erit
637 3304 785 3365 docendus
801 3304 854 3363 secl
870 3303 1067 3381 aliquomodo
1085 3301 1268 3375 alliciendus,
1289 3318 1353 3359 nar·

365 3388 489 3447 rabimus
506 3407 569 3448 cum
584 3389 806 3467 praeparatione
827 3388 964 3465 quadam:
990 3389 1073 3449 scire
1093 3388 1216 3465 quidem
1236 3403 1304 3445 enne
1323 3384 1354 3443 in

364 3490 521 3548 summum,
534 3474 609 3549 qnid
621 3475 686 3538 acti
697 3474 746 3548 sit,
762 3479 862 3532 tamen
873 3473 1020 3533 rationem
1031 3487 1149 3548 qnoqrse
1161 3469 1238 3546 sacti
1254 3468 1352 3528 cunne-

322 3565 423 3632 ttqne
444 3574 627 3632 capnoscere
646 3574 686 3616 ne
704 3564 861 3635 procetur.
906 3553 1022 3614 Interim
1042 3562 1163 3632 propter
1182 3552 1307 3628 aliquem
1325 3550 1352 3606 in

366 3639 517 3698 consilium
539 3638 693 3698 adhibitum
715 3655 769 3697 nos
791 3647 927 3716 repetere
952 3638 1002 3698 illa
1026 3637 1209 3711 simulemus,
1230 3634 1352 3706 interim,

365 3723 464 3800 atrei,
480 3740 555 3802 puae
571 3739 607 3780 ex
622 3723 745 3782 adverso
760 3731 948 3802 proponatur,
963 3722 1139 3800 iniquitatem
1154 3736 1254 3779 omnes
1269 3718 1354 3777 ctiam
