3184 4409
370 466 432 531 220
538 508 540 512 -
600 508 606 533 ‚
684 476 1045 540 rs.nnn.ouncr1n1un1

314 647 428 704 nonen
445 651 513 714 esse
534 632 669 700 indicem:
695 632 744 692 ubi
763 631 852 692 index
865 633 918 708 sit,
940 632 989 693 illa
1003 632 1073 694 nihil
1087 631 1197 693 valere.
1242 629 1307 692 lloc
1322 633 1359 693 in·

371 717 541 778 veniendum
562 725 623 791 est,
646 725 677 776 ut
696 716 826 778 adhiberi
839 719 933 795 possit
947 726 1157 794 argumentum:
1184 717 1256 777 ldeo
1272 719 1359 795 capti·

371 816 442 877 vos,
469 802 495 861 si
514 802 542 860 in
561 801 681 878 patriam
700 818 780 860 suam
794 801 948 877 redierint,
972 801 1081 860 liberos
1096 819 1180 876 esse,
1200 802 1268 879 quia
1282 801 1359 861 bello

371 894 454 966 parta
472 885 584 944 nonnisi
603 883 705 944 cadem
721 885 749 944 vi
768 884 979 966 possideantur.
1023 884 1171 962 Proprium
1188 893 1235 943 est
1250 893 1279 943 et
1294 884 1359 944 illud

373 987 495 1043 causae,
524 967 601 1046 quod
622 966 840 1045 Amphictiones
860 967 985 1027 iudicant
1006 966 1124 1044 (utalia
1146 968 1220 1046 apud
1237 977 1359 1028 centurn·

372 1054 451 1112 viros
471 1052 527 1113 elia
547 1050 621 1130 apud
637 1052 777 1130 privatum
792 1050 915 1112 iudicem
930 1053 958 1108 in
972 1050 1073 1110 iisdem
1088 1051 1306 1130 quaestionibus
1320 1068 1359 1110 ra·

313 1137 448 1216 116tio);
480 1145 539 1195 turn
566 1135 694 1194 secundo
720 1135 830 1211 mado,
858 1151 915 1193 non
941 1135 1072 1212 potuisse
1092 1135 1191 1194 donari
1214 1152 1231 1194 a
1251 1137 1359 1194 victore

372 1223 432 1296 ius,
454 1221 520 1298 quia
534 1218 562 1279 id
578 1219 689 1289 demum
708 1221 745 1278 sit
760 1218 839 1293 eius,
861 1217 938 1297 qnod
952 1227 1064 1287 teneat;
1086 1220 1146 1294 ius,
1172 1218 1250 1297 quod
1268 1220 1306 1278 sit
1323 1220 1359 1278 in·

372 1303 543 1381 corporale,
571 1301 748 1380 apprehendi
768 1318 851 1362 manu
872 1319 930 1361 non
949 1318 1049 1380 posse.
1092 1301 1156 1361 lloc
1170 1304 1306 1380 reperire
1320 1309 1359 1362 est

372 1387 518 1447 difficilius
547 1403 647 1464 quam,
677 1404 741 1445 cnm
766 1386 928 1460 inveneris,
959 1385 1132 1463 argumentis
1153 1385 1310 1462 adiuvare,
1335 1393 1359 1444 nt

373 1471 429 1531 alia
448 1471 484 1529 sit
506 1469 637 1529 condicio
653 1468 770 1530 heredis
789 1469 846 1529 alin
865 1470 1001 1544 victoris,
1029 1470 1094 1546 quia
1114 1469 1149 1528 ad
1171 1468 1251 1528 illum
1268 1471 1314 1528 ius
1330 1468 1359 1528 ad

316 1561 365 1618 117
373 1555 447 1614 bunc
468 1570 517 1612 res
536 1561 673 1612 transeat.
723 1551 872 1630 Proprium
891 1552 995 1612 deinde
1015 1555 1166 1629 materiae,
1188 1555 1233 1612 ins
1255 1553 1359 1632 public

261 1636 263 1640 ⁴
374 1636 474 1697 crediti
488 1636 610 1709 transire
627 1636 661 1695 ad
676 1638 817 1706 victorem
832 1653 889 1695 non
903 1637 1050 1714 potuisse,
1074 1639 1156 1715 quia,
1179 1636 1257 1713 quod
1273 1653 1359 1715 popo·

372 1721 417 1780 lus
434 1719 604 1795 crediderit,
622 1720 751 1779 omnibus
765 1719 920 1795 debeatur,
945 1728 992 1795 et,
1011 1721 1142 1797 quamdin
1157 1718 1279 1797 quilibet
1293 1738 1359 1778 unm

373 1803 561 1880 superfuerit,
576 1821 652 1862 -esse
672 1822 737 1864 eum
751 1805 839 1863 totius
856 1821 981 1863 summae
999 1803 1185 1878 creditorem,
1210 1802 1359 1862 'l’bebanos

316 1895 467 1951 118antem
481 1904 539 1946 non
554 1903 654 1946 omnes
668 1889 696 1947 in
711 1886 869 1948 Alexandri
883 1905 965 1947 mann
978 1887 1078 1946 inisse.
1108 1886 1171 1946 Hoc
1185 1903 1243 1946 non
1258 1888 1359 1946 extrin-

373 1988 460 2030 secus
480 1970 634 2049 probatur,
650 1989 736 2049 ‚quae
757 1973 802 2030 vis
825 1981 870 2031 est
890 1973 1063 2048 argumenti,
1087 1970 1247 2048 sedipsum
1262 1988 1319 2049 per
1333 1988 1359 2029 se

372 2054 459 2114 valet.
504 2054 593 2115 Tertii
613 2055 672 2114 loci
694 2073 761 2134 pars
780 2057 861 2133 prior
874 2055 964 2131 magis
978 2054 1123 2131 vulgaris,
1145 2071 1202 2113 non
1216 2055 1246 2113 in
1260 2053 1359 2114 tabulis

374 2156 441 2198 esse
462 2138 520 2207 ius:
555 2139 651 2216 itaque
671 2140 765 2198 multis
791 2140 964 2216 argumentis
986 2138 1104 2198 delendi
1126 2146 1234 2216 potest.
1282 2137 1359 2198 lllcm

374 2239 489 2305 quoqpe
507 2222 665 2283 Alexandri
686 2222 751 2282 duci
772 2222 860 2282 debet
880 2223 909 2281 in
929 2221 1058 2297 dubium,
1084 2222 1233 2282 honorarit
1255 2238 1310 2281 eos
1331 2238 1359 2279 nu

374 2306 533 2385 deceperit.
581 2306 656 2366 Illud
682 2308 737 2367 iam
764 2323 862 2365 rursus
889 2307 1036 2384 proprium
1064 2307 1202 2365 materiae
1230 2313 1260 2366 et
1284 2305 1359 2364 velut

371 2407 465 2450 novae
480 2391 714 2464 controversiae,
734 2391 799 2466 quia
815 2390 994 2449 restitutione
1009 2391 1160 2467 recepisse
1175 2391 1237 2463 ius,
1255 2389 1359 2448 etiams

372 2473 451 2551 quod
471 2474 633 2547 amiserint,
655 2472 782 2532 Thebani
797 2473 937 2532 videntur.
981 2473 1095 2548 ilicet,
1118 2473 1186 2551 qnid
1202 2469 1359 2532 Cassander

371 2557 458 2629 velit,
487 2559 645 2633 quaeritur:
673 2555 726 2616 scd
751 2556 800 2617 vel
825 2558 1023 2636 potentissima
1047 2557 1123 2635 apud
1148 2555 1359 2636 Amphictionns

373 2641 458 2717 aequi
474 2642 605 2698 tractatio
622 2648 676 2698 est.

316 2725 366 2780 119
455 2721 534 2782 Haec
555 2740 613 2782 non
630 2722 738 2783 idcirco
761 2723 843 2798 dico,
865 2723 941 2802 quod
963 2723 1091 2782 inutilem
1107 2723 1208 2785 horum
1221 2722 1359 2782 locorum

373 2806 529 2885 exquibus
552 2816 717 2883 argumenta
737 2806 891 2882 ducuntur,
914 2809 1106 2884 cognitionem
1122 2817 1235 2887 putem,
1258 2806 1356 2885 alioqu

372 2909 426 2949 nec
442 2890 639 2958 tradidissem;
662 2891 715 2950 sed
733 2909 769 2950 ne
785 2909 834 2967 se,
858 2891 905 2970 qui
922 2893 1111 2968 cognoverint
1128 2894 1199 2966 ista,
1222 2891 1247 2949 si
1266 2899 1359 2950 cetera

372 2974 537 3052 negligant,
559 2974 707 3052 periectos
724 2977 854 3053 protinus
868 2984 954 3053 atque
969 2985 1179 3035 consummatos
1193 2982 1310 3052 putent,
1328 2981 1359 3032 et.

371 3060 426 3118 nisi
448 3060 476 3117 in
498 3060 618 3133 ceteris,
638 3076 713 3135 qnae
733 3076 801 3118 mox
820 3059 1023 3137 praecipienda
1039 3068 1119 3134 sunt,
1141 3058 1359 3118 elaboraverint

315 3152 475 3206 ltomutam
497 3142 636 3220 quandam
665 3144 813 3202 scientiam
840 3150 1014 3201 consecutos
1041 3142 1212 3220 intelligant.
1262 3139 1359 3219 Neque

373 3229 447 3287 enim
467 3226 585 3286 Artibus
606 3226 689 3286 editis
709 3227 816 3286 lactum
836 3235 897 3301 est,
927 3235 958 3286 ut
979 3234 1146 3302 argumenta
1163 3225 1359 3284 inveniremus

372 3310 425 3369 sed
452 3310 527 3370 dicta
552 3320 617 3370 sunt
642 3311 751 3384 omnia,
780 3318 932 3387 antequam
956 3311 1210 3389 praeciperentur,
1240 3325 1311 3368 mox
1332 3324 1359 3365 ea

372 3394 530 3470 scriptores
554 3394 707 3453 observata
730 3402 759 3453 ct
785 3392 911 3452 collecta
926 3393 1087 3454 ediderunt.
1132 3391 1219 3452 Cuius
1240 3393 1284 3451 rei
1299 3407 1359 3470 pro·

372 3476 449 3536 batio
465 3486 527 3550 est,
551 3478 627 3554 quod
642 3476 783 3555 exemplis
799 3492 899 3535 eornm
913 3476 1061 3536 veteribus
1075 3486 1190 3537 utuntur
1205 3484 1234 3535 et
1249 3474 1285 3535 ab
1302 3491 1359 3534 ore·

372 3559 482 3619 toribus
505 3560 554 3619 illa
574 3569 724 3639 repetunt,
752 3560 808 3637 ipsi
830 3559 938 3619 nullum
958 3577 1064 3620 novum
1084 3570 1130 3636 et,
1155 3559 1232 3637 quod
1252 3576 1310 3632 non
1330 3558 1359 3614 sit

314 3655 363 3710 121
372 3645 490 3717 dictum,
518 3644 671 3702 inveniunt.
715 3640 861 3710 Artiii'ees·
876 3660 947 3719 ergo
974 3645 1033 3718 illi,
1063 3645 1112 3723 qni
1137 3645 1284 3708 dixerunt;
1314 3638 1359 3699 εει

363 3727 500 3790 babenda
514 3726 560 3789 bis
577 3744 693 3808 quoque
707 3727 800 3804 gratia
817 3735 877 3804 est,
899 3743 953 3805 per
970 3744 1043 3805 quos
1060 3727 1144 3787 labor
1158 3726 1242 3787 nobis
1257 3732 1303 3784 est
1317 3723 1359 3783 de·
