3184 4409
320 447 381 510 276
647 455 1022 518 u.sns.ou1uu1n1uu1·

322 615 483 692 inquirere,
506 611 627 673 candide
648 631 693 672 me
716 623 802 690 atque
824 612 992 691 simpliciter
1013 611 1041 670 iu
1064 613 1206 674 notitiam
1221 632 1302 689 eona,

323 701 346 757 si
363 699 410 776 qui
425 697 500 757 forte
518 714 700 773 cognoscere
716 698 886 772 voluisseut,
904 695 1076 774 protulisse.
1106 697 1212 776 Atque
1227 699 1253 758 id
1265 701 1304 758 rin

294 784 400 850 9bono
418 783 486 840 satis
502 791 563 856 est,
580 781 714 839 docuisse
733 780 811 858 quod
826 781 924 839 soiret.
955 777 1078 838 Vereor
1094 789 1216 860 tamen,
1234 802 1267 842 ue
1279 790 1305 842 at

322 883 424 942 magna
435 866 547 924 nimium
562 865 662 923 videar
677 865 810 940 exigere,
826 864 874 942 qui
889 862 1011 923 eundem
1024 863 1126 924 uirum
1139 865 1252 926 bonum
1264 884 1306 927 estt

324 960 352 1008 et
374 949 486 1008 dicendi
502 949 623 1027 peritum
639 949 739 1015 velim;
765 956 812 1007 aut
827 947 931 1022 multa,
953 947 1001 1024 qui
1019 954 1064 1007 tot
1084 949 1206 1010 artibus
1222 951 1250 1010 in
1263 968 1307 1029 pn

322 1035 386 1091 ritia
408 1032 552 1093 discendis
576 1048 686 1091 morum
707 1048 824 1110 quoque
846 1039 1005 1108 praecepta
1026 1038 1059 1091 et
1081 1033 1246 1095 scientiam
1264 1035 1308 1094 iuri

323 1117 415 1176 civilis
431 1126 548 1195 praeter
565 1133 614 1190 ea,
640 1134 713 1192 quae
732 1117 769 1175 de
786 1115 952 1193 eloquentia
973 1113 1192 1194 tradebantur,
1219 1119 1308 1179 adiere

321 1202 389 1268 rim;
415 1202 520 1278 quique
543 1199 617 1259 haec
637 1202 721 1276 operi
738 1207 838 1258 nostro
859 1199 1027 1258 necessaria
1042 1217 1119 1260 esse
1138 1202 1310 1271 crediderint

322 1285 402 1344 velut
415 1300 523 1344 moram
540 1285 583 1342 rei
598 1283 824 1361 perhorrescant
839 1292 868 1343 et
880 1283 1037 1361 desperent
1053 1292 1126 1343 ante
1144 1289 1310 1364 experimen

282 1377 389 1430 lotum.
425 1367 481 1440 oui
499 1369 618 1445 primum
633 1369 796 1426 renuntient
816 1365 885 1441 sibi,
910 1374 1013 1444 quanta
1029 1367 1069 1426 sit
1085 1366 1212 1428 humani
1228 1367 1312 1448 ingeri

322 1454 383 1527 vis,
406 1469 489 1529 quam
512 1459 615 1528 potens
637 1451 783 1510 efficiendi
806 1468 881 1527 quae
906 1449 992 1509 velit:
1026 1467 1096 1510 cum
1119 1454 1220 1514 maria
1243 1465 1312 1514 tran

323 1539 381 1610 ire,
397 1536 522 1594 siderum
537 1554 637 1593 cursus
653 1551 846 1612 numerosque
862 1549 1064 1611 cognoscere,
1080 1536 1228 1597 muudum
1243 1540 1314 1618 ipsu!

322 1638 416 1697 paene
433 1619 553 1678 dimetiri
569 1620 695 1678 minores
711 1619 763 1678 sed
778 1618 958 1678 difficiliores
972 1625 1050 1677 artes
1067 1622 1237 1697 potuerint.
1263 1621 1314 1682 'lus

324 1705 466 1780 cogitent,
489 1712 620 1780 quantam
634 1721 696 1761 rem
710 1711 824 1780 petant,
847 1719 987 1780 quamque
1006 1700 1105 1761 nullus
1126 1706 1169 1764 'sit
1192 1705 1252 1766 boc
1265 1721 1313 1785 pre

286 1789 419 1864 llposito
439 1786 567 1864 praemio
590 1785 673 1845 labor
691 1785 879 1845 recusandus.
911 1784 997 1859 Quod
1018 1785 1043 1843 si
1059 1795 1166 1847 mente
1185 1806 1314 1868 concept·

322 1873 393 1930 rint:
411 1870 476 1928 huic
492 1886 606 1947 quoque
622 1871 696 1948 parti
709 1869 821 1929 facilius
833 1868 984 1945 accedent,
1000 1878 1030 1928 ut
1044 1869 1145 1948 ipsum
1163 1873 1225 1933 iter
1239 1889 1314 1952 usque

323 1956 492 2032 impervium
507 1972 600 2032 neque
617 1955 718 2013 saltem
734 1953 831 2013 durum
845 1962 954 2032 putent.
983 1951 1055 2012 Nam
1072 1953 1120 2030 id,
1147 1958 1235 2035 quod
1255 1959 1315 2037 prin

325 2040 460 2117 quodque
481 2040 570 2097 maius
593 2046 652 2113 est,
679 2047 709 2096 ut
730 2037 798 2096 boni
818 2038 873 2109 viri
894 2038 997 2110 simus,
1024 2037 1185 2100 voluntate
1210 2043 1314 2102 maxim

325 2133 452 2189 constat;
469 2141 553 2201 quam
566 2124 613 2200 qui
624 2140 695 2180 vcra
711 2122 767 2180 lude
780 2120 914 2197 induerit,
929 2121 1017 2181 facile
1030 2121 1169 2200 easdem,
1191 2126 1315 2204 quaeris

283 2217 410 2271 latntem
425 2207 546 2279 docent,
563 2215 641 2266 artes
658 2206 793 2282 accipiet.
821 2203 925 2282 Neque
940 2205 1015 2264 euim
1029 2214 1079 2265 aut
1095 2215 1157 2266 tam
1175 2211 1315 2288 perplexa,

326 2302 372 2351 aut
392 2301 447 2350 tam
470 2307 622 2349 numerosa
643 2299 706 2348 sunt
728 2307 802 2366 quae
823 2297 1004 2368 promuntur,
1027 2296 1058 2347 ut
1080 2307 1140 2349 nou
1171 2308 1315 2370 paucoruu

326 2376 476 2435 admodum
492 2393 628 2433 annorum
651 2375 808 2432 intentione
830 2373 984 2434 discantur.
1016 2371 1153 2451 Longam
1171 2379 1251 2438 enim
1265 2376 1317 2437 lacit

325 2477 455 2537 operam,
469 2459 546 2536 quod
557 2476 763 2536 repugnamus;
777 2457 874 2516 brevis
887 2466 931 2516 est
942 2458 1080 2516 institutio
1092 2460 1176 2520 vitae
1190 2461 1316 2521 honestae

325 2544 504 2620 beataeque,
527 2544 549 2600 si
566 2543 678 2601 credas.
710 2539 818 2600 Natura
834 2542 908 2600 enim
923 2557 976 2599 nos
992 2540 1027 2600 ad
1042 2551 1177 2604 mentem
1198 2549 1317 2625 optimus

325 2628 438 2700 genuit,
461 2627 593 2703 adeoque
618 2626 733 2684 discere
756 2624 878 2684 meliora
899 2624 1062 2684 volentibus
1082 2639 1259 2708 promptum
1274 2635 1316 2698 est

325 2720 355 2767 ut
369 2728 439 2767 vere
456 2710 573 2768 intuenti
585 2710 684 2768 mirum
700 2710 735 2767 sit
746 2707 817 2768 illud
829 2709 930 2784 magis,
945 2708 1037 2768 malos
1053 2725 1124 2768 esse
1136 2720 1202 2772 tam
1218 2713 1316 2773 multos

284 2792 393 2857 13Nam
410 2801 441 2850 ut
456 2810 530 2869 aqua
548 2793 694 2870 piscibus,
716 2801 746 2850 ut
762 2794 841 2852 sicca
861 2793 1003 2867 terrenis,
1025 2792 1229 2857 circumfusus
1249 2795 1317 2856 uobis

326 2878 441 2954 spiritus
453 2877 620 2936 volucribus
633 2877 780 2935 convenit:
797 2877 836 2936 ita
852 2884 932 2936 certe
946 2875 1058 2936 facilius
1077 2894 1150 2938 esse
1173 2879 1318 2960 oportebrt

326 2961 482 3019 secundum
507 2970 634 3019 naturam
657 2978 740 3037 quam
757 2969 856 3020 contra
873 2978 936 3020 eam
958 2960 1068 3018 vivere.
1108 2959 1226 3026 Cetera
1248 2979 1318 3032 vero,

326 3046 437 3103 etiamsi
459 3054 582 3104 aetatem
603 3053 728 3102 nostram
749 3061 806 3103 non
822 3045 914 3121 spatio
936 3044 1096 3104 senectutis
1114 3048 1173 3107 sed
1197 3059 1319 3127 tempore

326 3127 541 3187 adolescentiae
557 3130 720 3203 metiamur,
743 3127 856 3187 abunde
873 3128 977 3187 multos
994 3127 1029 3187 ad
1045 3127 1226 3193 discendum
1241 3145 1319 3192 anuos

325 3210 441 3270 habent.
470 3210 567 3270 Omnia
584 3214 658 3270 enim
672 3211 808 3271 breviora
823 3211 926 3271 reddet
941 3212 1012 3272 ordo
1029 3220 1057 3270 et
1073 3216 1149 3272 ratio
1170 3226 1203 3277 et
1217 3216 1318 3277 modus.

284 3295 383 3352 ltsed
401 3296 484 3372 culpa
503 3298 588 3354 estin
604 3295 844 3372 praeceptoribus
859 3297 965 3374 prima,
989 3297 1037 3374 qui
1053 3295 1187 3359 libenter
1203 3302 1320 3362 detinent

326 3394 398 3453 quos
415 3389 646 3457 occupaverunt,
672 3381 773 3457 partim
795 3380 950 3457 cupiditate
969 3380 1072 3440 diutius
1092 3384 1239 3460 exigendi
1256 3399 1319 3442 mer·

325 3460 444 3520 cedulas
459 3466 561 3539 partim
577 3463 741 3537 ambitione,
759 3481 815 3540 quo
831 3464 975 3523 difficilius
991 3465 1027 3522 sit
1042 3466 1121 3540 quod
1136 3468 1318 3545 pollicentur,
1358 3464 1359 3499 ³

324 3546 426 3620 partim
443 3547 528 3603 etiam
549 3548 698 3606 inscientia
718 3548 849 3607 tradendi
863 3547 910 3607 uel
926 3548 1115 3625 negligentia.
1147 3551 1284 3613 Proxima
1297 3550 1319 3607 ir

324 3627 424 3701 nobis,
449 3631 495 3704 qui
513 3632 617 3688 morari
638 3632 665 3687 in
688 3647 724 3690 eo
741 3630 818 3710 quod
834 3633 979 3707 novimus,
1004 3650 1087 3709 quam
1113 3633 1237 3696 discere
1253 3650 1318 3713 quae
1356 3706 1359 3716 Ι

283 3713 446 3771 15ηοιιὼιιη
464 3714 585 3789 scimus,
608 3714 711 3773 melius
733 3723 875 3793 putamus.
913 3714 984 3776 Nam
1002 3725 1031 3776 ut
1051 3716 1088 3777 de
1106 3721 1221 3780 nostris
1237 3717 1314 3800 potis-
