3184 4409
350 456 409 519 too
665 467 1022 527 m.rnn.oo1ur1n1nu1

346 623 453 699 alioqui
469 622 533 681 libri
549 623 604 682 duo
622 621 774 681 aDomitio
786 620 858 682 Alro
873 624 901 681 in
911 622 985 682 hanc
998 640 1058 682 rem
1069 622 1235 699 compositi,
1252 640 1339 700 quem

346 705 578 766 adolescentulus
594 724 692 764 senem
708 705 799 780 colui,
821 715 922 765 utnon
940 706 1015 766 lecta
1029 705 1095 764 mihi
1112 715 1268 765 tantumvea
1285 707 1339 767 sed

345 790 485 868 pleraque
510 809 547 848 ex
566 791 630 866 ipso
652 791 708 847 sint
724 791 849 864 cognita.
881 789 909 848 ls
924 792 1075 849 verissime
1090 791 1255 866 praecepit,
1278 792 1338 868 pri·

343 891 418 932 mum
440 891 506 931 esse
529 875 557 931 in
577 871 630 931 bac
650 881 731 950 parte
754 872 880 935 cilicium
900 876 1091 948 oratoris,·ut
1112 881 1200 932 totam
1221 891 1338 933 causam

316 957 521 1019 8lamiliariter
544 958 634 1024 norit;
657 956 733 1033 quod
748 957 811 1015 sine
826 956 911 1016 dnbio
928 957 1071 1018 adomnia
1087 959 1221 1034 pertinet.
1256 956 1336 1029 Quo·

345 1040 430 1100 modo
448 1042 608 1116 contingat,
626 1038 850 1116 explicabimus,
868 1058 936 1099 cum
944 1041 980 1100 ad
997 1040 1167 1099 destinatum
1181 1040 1246 1099 huic
1262 1043 1337 1117 parti

345 1124 439 1182 locum
454 1126 625 1182 venerimus.
645 1122 688 1181 Ea
703 1141 750 1180 res
767 1133 907 1199 suggeret
921 1125 1067 1182 materiam
1078 1125 1295 1198 interrogationi
1307 1133 1339 1182 et

344 1207 433 1266 veluti
459 1206 517 1266 tela
543 1206 578 1265 ad
605 1224 714 1265 manum
739 1206 983 1274 sumministrabit;
1011 1207 1110 1267 eadem
1135 1206 1269 1281 docebit,
1301 1207 1337 1266 ad

345 1309 418 1368 qnae
441 1291 541 1351 iudicis
562 1292 669 1349 animus
688 1291 803 1349 actione
825 1292 862 1349 sit
881 1291 1104 1368 praeparandus.
1144 1289 1240 1349 Debet
1263 1293 1338 1350 enirn

343 1375 391 1433 vel
407 1374 469 1433 lieri
484 1374 531 1432 vel
541 1373 657 1432 detrahi
672 1373 792 1432 testibus
809 1374 880 1434 fides
896 1375 1025 1434 oratione
1041 1383 1197 1452 perpetua,
1214 1375 1279 1451 quia
1294 1377 1339 1434 sic

345 1460 466 1535 quisque
483 1457 564 1516 dictis
580 1466 721 1531 movetur,
738 1466 767 1516 ut
783 1467 828 1517 est
842 1459 878 1518 ad
894 1458 1068 1524 credendum
1082 1458 1129 1517 vel
1144 1473 1201 1517 non
1216 1459 1350 1517 creden·'

344 1542 409 1600 dum
423 1551 488 1600 ante
502 1540 649 1599 formatus,

317 1637 333 1690 9
426 1624 463 1683 Et
479 1625 610 1701 quoniam
625 1623 680 1684 dno
698 1642 807 1701 genera
823 1634 888 1684 snut
902 1627 1026 1701 testium,
1048 1634 1096 1684 aut
1109 1625 1338 1684 voluntariorum

344 1717 392 1768 aut
409 1725 522 1783 eorum,
545 1707 647 1784 quibus
662 1711 689 1768 in
705 1709 816 1767 iudiciis
831 1709 954 1786 publicis
971 1710 1038 1786 lege
1053 1710 1245 1783 denuntiatur,
1263 1726 1337 1786 quo·

344 1809 404 1849 rum
426 1791 518 1849 altero
541 1809 607 1869 pars
626 1802 746 1869 utraque
770 1793 872 1868 utitur,
895 1794 1015 1853 alterum
1035 1791 1250 1853 accusatoribus
1274 1802 1336 1851 tan·

344 1884 401 1933 tum
427 1891 597 1933 concessum
622 1885 689 1935 est:
710 1893 890 1954 separemus
918 1878 1043 1937 cilicium
1072 1878 1164 1937 dantis
1188 1884 1281 1935 testes
1307 1885 1338 1936 et

343 1957 515 2017 refellentis.
771 2016 773 2023 ,

302 2054 337 2105 10
428 2041 482 2114 Qui
502 2043 752 2103 voluntarium
776 2041 925 2122 producit,
952 2046 1043 2118 scire,
1073 2041 1140 2121 qnid
1160 2044 1185 2102 is
1207 2042 1336 2102 dicturus

344 2127 397 2202 sit,
427 2134 539 2204 potest;
566 2129 691 2204 ideoque
712 2128 872 2186 faciliorem
893 2129 1005 2189 videtur
1026 2129 1055 2186 in
1073 2126 1202 2202 rogando
1226 2125 1336 2186 babere

343 2212 490 2269 rationem.
524 2210 582 2269 Sed
605 2212 677 2271 haec
693 2228 808 2288 quoque
823 2229 890 2289 pars
906 2229 1024 2270 acumen
1039 2228 1074 2269 ac
1089 2211 1264 2286 vigilantiam
1282 2226 1334 2288 po·

344 2295 414 2369 scit,
437 2295 711 2372 providendumque,
732 2313 768 2353 ne
787 2295 915 2371 timidus,
930 2314 967 2354 ne
981 2297 1162 2369 inconstans,
1178 2311 1214 2353 ne
1228 2295 1333 2371 impru-

303 2378 414 2440 11deus
436 2379 517 2436 testis
540 2379 590 2445 sit;
611 2379 759 2438 turbantur
780 2382 854 2437 enim
876 2387 904 2437 et
919 2397 935 2438 a
951 2380 1079 2457 patronis
1095 2377 1332 2454 diversacpartis

343 2461 512 2521 inducuntur
530 2464 557 2520 in
578 2461 698 2541 laqueos
723 2472 752 2521 et
768 2462 833 2540 plus
849 2463 1022 2540 deprehensi
1038 2472 1144 2522 nocent
1160 2479 1243 2540 quam
1260 2461 1333 2518 lirmi

343 2553 372 2602 et
393 2546 512 2603 interriti
536 2547 721 2622 profuissent.
761 2546 879 2605 Multum
898 2548 985 2622 igitur
1005 2547 1080 2606 domi
1101 2555 1167 2605 aute
1187 2545 1333 2619 versandi,

341 2630 429 2687 variis
445 2630 726 2706 percontationibus,
743 2631 844 2706 quales
859 2629 958 2689 baberi
975 2630 1010 2689 ab
1027 2630 1194 2690 adversario
1210 2629 1333 2707 possint,

343 2711 512 2789 explorandi
527 2723 600 2771 sunt.
622 2715 671 2773 Sic
686 2713 726 2788 lit,
744 2722 773 2772 ut
788 2722 836 2773 aut
851 2722 983 2773 constent
997 2713 1051 2774 sibi
1067 2722 1131 2787 ant,
1147 2711 1254 2789 siquid
1270 2714 1334 2771 titu-

341 2794 488 2870 baverint,
512 2806 672 2874 opportuna
688 2815 785 2856 rursus
802 2799 880 2873 eius,
896 2815 912 2856 a
928 2814 985 2876 quo
1001 2796 1133 2876 producti
1149 2805 1227 2870 sunt,
1245 2797 1334 2854 inter·

300 2883 492 2954 ltrogatione
508 2880 628 2939 velutin
643 2882 761 2957 gradum
777 2891 962 2960 reponantur.
992 2881 1023 2940 ln
1037 2881 1081 2940 bis
1097 2897 1211 2957 quoquc
1227 2878 1333 2953 adbuc,

342 2965 389 3040 qni
412 2965 591 3023 constiterint
611 2965 681 3040 sibi,
704 2965 836 3025 vitandae
853 2975 917 3024 sunt
932 2965 1065 3031 insidiae;
1085 2982 1148 3023 nam
1165 2963 1335 3039 frequenter

341 3047 442 3106 subiici
463 3047 497 3106 ab
519 3047 685 3110 adversario
701 3049 796 3108 solent
819 3058 848 3108 et
870 3051 962 3109 onmia
985 3050 1134 3127 profutura
1148 3046 1272 3125 polliciti
1292 3046 1333 3105 di-

339 3148 426 3188 rersa
441 3131 618 3208 respondent
640 3141 668 3190 et
690 3135 888 3193 auctoritatem
908 3129 1334 3208 habentnonargnentiumilla

299 3213 392 3271 ltsed
413 3216 616 3274 confitentium.
644 3215 860 3294 Explorandum
875 3218 975 3294 igitur,
993 3234 1063 3294 quas
1080 3232 1182 3275 causas
1200 3212 1333 3272 laedendi

340 3297 533 3358 adversarium
553 3301 685 3365 alienant:
706 3319 761 3361 nec
782 3301 811 3360 id
829 3310 874 3360 sat
894 3310 938 3360 est
953 3302 1083 3360 inimicos
1098 3299 1205 3373 luisse,
1228 3297 1333 3356 sedan

340 3379 493 3456 desierint,
515 3400 550 3442 an
570 3401 623 3461 per
643 3382 700 3442 hoc
719 3385 812 3462 ipsum
827 3384 1010 3445 reconciliari
1024 3384 1130 3456 velint,
1153 3400 1189 3440 ne
1204 3379 1333 3458 corrupti

340 3466 410 3538 sint,
431 3482 467 3523 ne
486 3468 660 3543 poenitentia
677 3470 856 3546 propositum
870 3471 1048 3528 mutaverint.
1073 3465 1158 3540 Quod
1173 3482 1237 3524 curn
1251 3465 1280 3523 in
1296 3465 1332 3522 iit

340 3565 469 3625 quoque,
493 3552 540 3625 qui
563 3569 614 3625 ea,
637 3569 710 3628 quae
726 3552 828 3610 dicturi
845 3551 993 3628 videntur,
1015 3569 1049 3611 re
1064 3568 1133 3610 vera
1150 3550 1258 3623 sciunt,
1281 3565 1331 3606 ne-

341 3633 496 3691 cessarium
520 3644 564 3692 est
579 3652 772 3711 praecavere:
793 3636 987 3712 multomagis
1005 3637 1033 3694 in
1049 3636 1103 3709 iis,
1125 3635 1223 3711 quise
1240 3632 1330 3691 dictu·

289 3723 398 3790 uros,
419 3733 494 3794 quae
509 3717 583 3777 laisa
598 3728 679 3794 sunt,
696 3719 879 3798 pollicentur.
909 3720 980 3779 Nam
995 3728 1024 3779 ct
1038 3719 1218 3797 frequentior
1233 3726 1332 3790 sotum
