3184 4409
599 390 687 440 msa.
700 392 849 441 onnron.
862 392 929 440 ura.
943 390 1046 458 v11‚a.
1273 381 1310 442 13

244 521 437 699 &orum
461 546 575 624 quidam
595 547 842 608 concertatioam.
886 547 1030 607 Interdum
1051 549 1080 606 in
1100 547 1222 624 aliquam
1244 565 1309 625 per-

307 704 310 711 ,
342 647 427 706 narn,
445 648 518 708 quae
535 638 616 689 extra
632 630 784 689 discrimen
799 631 895 690 iudicii
913 640 973 706 est,
991 631 1176 705 transfertur,
1194 639 1221 689 et
1237 631 1308 690 alias

244 684 420 794 ,Quam
442 714 514 773 alias
542 715 694 780 incertam;
725 724 770 788 et,
795 722 859 772 curn
881 723 1004 790 certam,
1032 724 1079 774 aut
1105 716 1133 772 in
1156 716 1308 774 extrariam
1319 718 1351 769 lo

244 778 359 857 ”Ut
376 801 405 858 in
420 799 526 877 ipsius,
552 799 601 875 qui
615 799 704 875 petit,
724 798 911 868 voluntatem.
944 797 1091 875 inquibus
1107 798 1207 856 similis
1222 807 1309 876 atque

257 846 342 941 ‘Q
359 873 585 963 durtaacayopip
603 898 808 959 personarum,
831 899 995 956 causarum,
1014 891 1176 940 ceterorum
1194 897 1308 959 compa·

244 950 384 1049 f‘ffldio
409 975 469 1025 est:
493 974 523 1024 ut
546 964 649 1024 Cicero
671 983 724 1043 pro
739 965 856 1024 Vareno
877 966 906 1024 in
931 965 1066 1025 familiam
1088 964 1308 1040 Ancharianam,

245 1038 363 1131 ”⁵210
381 1052 492 1111 Scauro
515 1050 592 1109 circa
609 1059 730 1108 mortem
750 1048 897 1124 Bostaris,
920 1049 948 1107 in
965 1058 1083 1108 matrem
1101 1057 1235 1109 avertens
1254 1048 1308 1107 cri-

245 1122 252 1162 ¹
270 1131 391 1213 lien,
408 1133 485 1192 facit,
504 1131 557 1192 Est
572 1134 655 1193 etiam
667 1132 737 1192 illud
749 1133 815 1192 huic
831 1134 1003 1192 contrarium
1021 1133 1242 1211 comparationis
1257 1141 1347 1207 gell

245 1203 380 1287 'filum
404 1217 503 1295 inquo
520 1225 642 1296 uterque
657 1236 673 1278 a
690 1235 723 1276 se
742 1216 848 1276 factum
868 1235 934 1275 esse
953 1217 1035 1285 dicit;
1055 1225 1084 1275 et
1099 1216 1184 1291 illud,
1201 1217 1230 1273 iu
1250 1231 1307 1291 quo

245 1296 287 1383 Β,
304 1318 367 1363 uon
381 1317 526 1380 personae
542 1303 616 1360 inter
638 1319 670 1359 se
686 1301 739 1360 sed
759 1302 841 1378 ipsae
855 1319 903 1359 res
921 1300 1108 1376 colliduntur,
1130 1301 1158 1359 id
1174 1307 1235 1374 est,
1251 1316 1309 1381 non

245 1384 292 1431 ²⁸
307 1394 374 1446 uter
402 1385 522 1460 fecerit,
546 1386 599 1445 sed
627 1395 719 1444 utrum
741 1385 848 1444 iactum
876 1386 921 1443 sit.
960 1383 1032 1444 Cum
1058 1385 1093 1446 dc
1116 1384 1194 1444 facto
1218 1384 1307 1442 etde

245 1473 268 1514 ³
284 1510 290 1517 -
306 1478 429 1531 auctore
450 1477 578 1544 constat,
602 1469 637 1528 de
655 1470 746 1528 animo
764 1469 865 1546 quaeri
880 1477 988 1546 potest.

245 1557 289 1603 Η
392 1552 475 1612 Nune
500 1553 535 1612 de
561 1552 690 1630 siugulis.
735 1550 805 1611 Cum
830 1555 939 1630 pariter
964 1561 1101 1628 negatur,
1124 1552 1181 1611 boo
1203 1551 1305 1611 modo:

254 1646 290 1688 τὰ
304 1634 500 1699 Adulterium
520 1655 580 1697 aon
607 1637 743 1698 commisi
750 1658 764 1706 ;
795 1635 1001 1715 ibruuac‘dcm
1015 1653 1075 1696 oon
1092 1637 1243 1717 affectavi.
1275 1634 1307 1694 ln

246 1732 286 1771 n
306 1720 407 1781 caedis
435 1737 469 1779 ac
494 1720 628 1780 veneficii
652 1721 747 1781 causis
777 1720 916 1797 frequens
945 1730 989 1779 est
1015 1719 1065 1780 illa
1092 1720 1212 1778 divisio:
1238 1715 1349 1779 Noall

246 1815 282 1856 Β
306 1805 506 1882 estfactum
528 1813 556 1866 et
570 1806 598 1864 si
612 1806 804 1883 estfactum,
828 1823 883 1882 epo
900 1823 959 1865 non
972 1804 1043 1883 feci.
1085 1804 1160 1878 Sed,
1184 1822 1247 1862 cunr
1265 1803 1306 1862 di·

307 1889 414 1947 cimus:
440 1886 541 1948 Probo
561 1887 707 1949 bominem
721 1889 871 1963 occisura,
893 1889 1070 1947 accusatoris
1085 1895 1192 1946 tantum
1207 1895 1307 1964 partes

246 1964 274 2021 ἑ
307 1981 388 2038 suut;
415 1989 431 2030 a
452 1988 505 2030 reo
520 1971 589 2030 nihil
612 1971 668 2030 dici
691 1979 790 2031 contra
808 1980 925 2048 praeter
942 1970 1053 2049 aliquas
1073 1970 1197 2030 fortasse
1214 1972 1306 2046 suspi-

246 2070 270 2137 ι,ι’
308 2056 408 2114 ciones
424 2063 538 2132 potest,
564 2073 634 2133 quas
658 2072 799 2133 spargere
816 2072 899 2132 quarn
913 2056 1035 2113 maxime
1050 2057 1130 2113 varie
1150 2051 1306 2131 oportebit,

246 2140 266 2186 b
308 2140 390 2215 quia,
413 2139 438 2196 si
461 2157 545 2197 unum
564 2139 671 2216 aliquid
694 2139 862 2221 affirmaris,
883 2138 1062 2217 probandum
1084 2146 1128 2196 est
1152 2146 1199 2196 aut
1221 2153 1307 2196 causa

246 2234 280 2277 Ι,
307 2221 535 2300 periclitandum.
572 2221 643 2281 Nam
660 2242 722 2282 curn
736 2224 810 2280 inter
820 2222 863 2298 id,
883 2222 960 2301 quod
976 2222 1010 2283 ab
1023 2221 1205 2295 adversario,
1223 2230 1252 2278 et
1267 2218 1305 2293 id,

246 2316 267 2354 Ι
307 2306 417 2382 quoda
437 2305 519 2364 nobis
534 2309 714 2384 propositum
730 2315 791 2381 est,
809 2307 970 2384 quaeritur,
993 2306 1106 2365 videtur
1120 2306 1218 2382 utique
1234 2304 1306 2363 alte·

306 2405 367 2447 rum
383 2407 496 2458 verum;
518 2391 556 2448 ita
576 2407 696 2466 everso,
719 2408 775 2469 quo
798 2390 991 2464 defendimur,
1010 2389 1151 2467 reliquum
1167 2398 1228 2462 est,
1248 2404 1305 2465 quo

247 2477 268 2517 ²*
307 2473 470 2549 premimur.
507 2473 545 2531 At
562 2493 625 2533 curn
647 2477 809 2552 quaerimus
833 2474 869 2532 de
887 2474 1137 2551 ambiguislsignis
1159 2472 1306 2532 cruditatis
1316 2476 1349 2529 13

247 2562 266 2599 Ι·
307 2565 335 2614 et
348 2558 468 2632 veneni,
488 2556 556 2616 nihil
571 2558 684 2617 tertium
701 2567 760 2626 est;
777 2557 903 2636 ideoque
914 2567 1035 2636 utraque
1046 2575 1131 2635 pars,
1148 2556 1226 2634 quod
1238 2571 1306 2634 pro·

247 2644 267 2702 l
305 2641 419 2717 posuit,
446 2649 550 2700 tuetur.
591 2643 874 2702 Interimautemex
894 2643 1107 2720 requaeritur,
1129 2640 1308 2718 veneficium

247 2728 265 2766 Ι
303 2724 399 2801 fuerit
412 2741 454 2784 an
469 2726 630 2788 cruditur?
652 2744 715 2784 curn
731 2725 826 2804 aliqua
846 2744 883 2785 ex
899 2727 962 2804 ipsa
979 2727 1050 2785 citra
1065 2742 1219 2803 personam
1235 2738 1306 2801 quo·

247 2812 262 2851 ¹
304 2825 362 2885 que
385 2817 552 2884 argumenta
574 2810 723 2869 ducuntur.
762 2809 866 2868 Refert
887 2812 978 2885 enirn,
995 2810 1156 2868 convivium
1170 2811 1349 2886 praeces-14

247 2912 257 2933 -·
304 2893 376 2950 serit
392 2910 428 2951 an
442 2894 572 2968 tristitia,
589 2893 672 2953 labor
687 2911 722 2953 an
735 2896 841 2968 otium,
857 2895 955 2970 vigilia
970 2912 1005 2952 an
1016 2895 1108 2972 quies.
1131 2893 1221 2951 Aetas
1237 2906 1307 2968 quo·

247 2978 254 3017 ⁵
305 2992 361 3052 que
378 2977 457 3049 eius,
482 2978 528 3052 qui
551 2979 652 3055 periit,
674 2977 828 3037 discrimen
841 2976 919 3037 facit.
956 2976 1099 3051 Interest,
1116 2975 1211 3036 subito
1227 2975 1307 3034 dele·

304 3061 378 3118 cerit
394 3076 430 3117 an
446 3058 580 3136 longiore
598 3060 763 3121 valetudine
783 3071 968 3140 consumptus
986 3063 1032 3120 sit.
1068 3061 1200 3120 Liberior
1214 3058 1307 3117 adbuc

305 3142 331 3200 in
355 3151 505 3221 utramque
535 3154 646 3223 partem
672 3145 846 3222 disputatio,
873 3147 1028 3204 sitantum
1056 3144 1148 3206 subita
1177 3160 1254 3202 mors
1278 3143 1307 3199 in

248 3230 254 3262 '·
305 3229 503 3303 quaestionem
517 3231 605 3289 venit.
641 3229 756 3289 interim
774 3248 812 3288 ex
829 3246 956 3307 persona
971 3228 1104 3307 probatio
1125 3229 1168 3286 rei
1183 3227 1300 3305 petitur,
1312 3232 1344 3286 15

248 3310 255 3346 ’·
304 3320 332 3369 ut
349 3321 507 3388 propterca
523 3313 663 3372 credibile
680 3316 717 3373 sit
737 3331 879 3372 venenum
894 3312 1000 3389 fuisse,
1021 3313 1088 3391 quia
1104 3312 1244 3371 credibile
1261 3318 1307 3369 est

248 3399 254 3412 ⁵
304 3394 338 3453 ab
354 3393 412 3454 hoc
428 3394 534 3456 factum
548 3397 736 3472 veneficium,
754 3397 804 3457 vel
819 3406 929 3456 contra.

391 3476 462 3538 Cum
483 3498 555 3539 vero
575 3480 612 3540 de
631 3498 683 3540 reo
700 3491 729 3540 et
744 3481 780 3542 de
796 3481 875 3541 iacto
894 3479 1054 3560 quaeritur:
1077 3479 1213 3539 naturalis
1234 3477 1306 3537 ordo

248 3559 257 3597 ³
305 3572 366 3638 est,
391 3571 423 3620 ut
444 3565 524 3641 prius
546 3564 652 3624 facturn
673 3583 740 3625 esse
762 3574 916 3625 accusator
937 3562 1058 3643 probet,
1087 3564 1193 3624 deinde
1214 3581 1231 3621 a
1253 3577 1305 3620 reo

248 3654 258 3666 ·
304 3647 422 3706 iactum.
462 3648 493 3707 Si
519 3656 613 3707 tamen
635 3648 736 3728 plures
758 3650 786 3707 in
805 3666 931 3728 persona
952 3647 1139 3726 probationes
1159 3645 1304 3706 habuerit:

249 3832 263 3905 Ιι’
