3184 4409
568 469 904 520 msr.onnnon.u1s.
921 471 966 538 nv,
982 472 1007 522 1.
1232 459 1290 522 159

295 627 413 688 mereri:
431 625 478 686 sic
493 626 668 704 proximum,
685 625 743 687 odii
758 625 859 684 minus.
896 625 928 684 ln
942 625 1002 701 his,
1027 645 1100 704 quae
1116 628 1216 704 negari
1234 639 1332 692 uon45

295 711 459 791 potuerint,
485 708 705 784 elaborandum,
728 717 758 767 ut
780 717 828 767 aut
849 710 973 784 minora,
998 728 1081 787 quam
1108 712 1290 788 dictumest,

294 804 336 855 ant
358 793 421 854 alia
445 801 542 851 mente
562 792 654 868 iacta,
677 801 724 851 aut
744 792 813 850 nihii
840 792 875 851 ad
890 803 1072 869 praesentem
1095 796 1292 871 quaestionem

292 880 463 957 pertinere,
481 884 529 935 aut
544 876 689 935 emendari
704 892 792 953 posse
809 877 1004 953 poenitentia,
1022 885 1069 935 aut
1085 880 1153 936 satis
1170 880 1224 938 iam
1240 897 1290 957 pu·

292 965 346 1023 uita
377 959 545 1019 videantur.
594 957 722 1035 Ideoque
747 976 836 1035 agere
868 960 1008 1018 advocato
1043 978 1126 1037 quam
1155 960 1291 1038 litigatori

292 1045 428 1119 facilius,
452 1043 519 1121 quia
534 1050 563 1101 et
579 1041 674 1102 iaudat
688 1043 749 1101 sine
761 1045 943 1118 arrogantiae
961 1045 1077 1102 crimine
1094 1053 1122 1102 et
1138 1044 1290 1121 aliquando

292 1129 403 1189 utiliter
422 1127 510 1185 etiam
525 1125 742 1204 reprehendere
762 1133 870 1203 potest.
905 1126 977 1185 Nam
997 1145 1030 1185 se
1048 1145 1164 1206 quoque
1182 1132 1291 1187 moveri
1300 1137 1333 1191 46

292 1213 408 1274 interim
430 1209 535 1286 finget,
561 1217 592 1267 ut
606 1227 659 1286 pro
675 1209 792 1268 Rabirio
808 1209 942 1268 Postumo
960 1208 1082 1285 Cicero,
1107 1211 1171 1268 dum
1187 1212 1292 1271 aditum

293 1295 345 1354 sibi
369 1293 407 1354 ad
432 1301 518 1352 aures
541 1293 628 1352 iaciat
654 1302 683 1352 et
703 1295 902 1352 auctoritatem
921 1293 1017 1352 induat
1038 1312 1108 1353 vera
1130 1297 1290 1371 sentientia,

295 1396 349 1457 quo
365 1377 463 1453 magis
480 1376 613 1435 credatur
625 1376 674 1436 vel
690 1376 855 1437 defendenti
872 1377 973 1436 eadem
988 1378 1035 1436 vel
1052 1379 1177 1454 neganti.
1207 1377 1290 1437 Ideo-

296 1480 349 1541 que
374 1461 438 1521 hoc
459 1461 581 1538 primurn
603 1461 761 1535 intuemur,
786 1461 939 1535 litigatoris
962 1479 997 1518 an
1017 1462 1150 1521 advocati
1166 1479 1291 1539 persona

246 1606 247 1613 ,
296 1548 330 1605 sit
342 1543 501 1619 utendum,
524 1544 657 1621 quotiens
680 1552 831 1620 utrumque
852 1544 914 1602 fieri
930 1553 1042 1622 potest;
1068 1563 1132 1604 nam
1146 1546 1174 1603 in
1190 1546 1291 1605 schola

297 1618 419 1689 liberum
442 1635 503 1701 est,
528 1628 556 1685 in
571 1627 636 1686 ioro
652 1645 761 1702 rarum,
783 1637 813 1686 ut
833 1628 870 1684 sit
890 1628 1009 1686 idoneus
1025 1647 1095 1688 suae
1111 1631 1153 1687 rei
1170 1631 1291 1708 quisque

246 1704 248 1781 ᾗ
298 1713 446 1772 defensor.
484 1709 704 1771 Declamaturus
726 1719 820 1770 autern
839 1713 961 1771 maxime
976 1713 1086 1789 positas
1102 1714 1129 1772 in
1142 1709 1332 1779 affectibusdt

246 1825 248 1835 ι
299 1813 400 1857 causas
418 1795 545 1873 propriis
560 1796 694 1872 personis
718 1793 805 1853 debet
821 1794 949 1854 induere.
986 1795 1021 1854 Hi
1044 1806 1109 1855 sunt
1131 1799 1220 1872 enim,
1245 1801 1292 1875 qui

298 1879 426 1939 mandari
448 1893 506 1936 non
523 1886 661 1956 possunt,
682 1896 737 1936 nec
754 1879 854 1937 eadem
874 1880 901 1936 vi
922 1879 1068 1955 perfertur
1087 1881 1172 1939 aiieni
1196 1884 1291 1957 animi,

300 1981 351 2041 qua
373 1962 440 2037 sui,
464 1969 566 2020 motus.
611 1961 662 2020 His
684 1963 768 2020 etiam
795 1962 830 2020 de
852 1964 945 2020 causis
964 1963 1151 2104 migratione
1179 1965 1334 2029 videturne

299 2063 369 2124 opus
386 2063 477 2124 esso,
499 2045 523 2103 si
546 2044 702 2104 adversarii
719 2047 794 2103 actio
816 2045 939 2103 iudicum
954 2048 998 2103 ani
1049 2049 1246 2123 soccupavit,
1267 2049 1292 2105 si

299 2127 451 2191 dcendum
480 2128 554 2205 apud
575 2127 710 2204 fatigatos
732 2137 790 2195 est;
820 2145 939 2204 quorum
960 2128 1080 2187 alterum
1100 2129 1291 2206 promittendo

298 2222 413 2273 nostras
426 2210 616 2290 ,probationes
633 2220 661 2270 et
677 2213 814 2271 adversas
831 2210 972 2270 eludendo
988 2211 1153 2285 vitabimus,
1171 2212 1292 2271 alterum

300 2305 326 2356 et
338 2313 397 2375 spe
414 2294 565 2355 brevitatis
580 2295 685 2370 ethis,
708 2293 810 2371 quibus
826 2303 962 2353 attentum
979 2295 1041 2353 fieri
1057 2295 1179 2354 iudicem
1194 2295 1291 2355 docui-

298 2397 368 2439 mus.
410 2376 448 2437 Et
469 2378 614 2438 urbanitas
638 2387 801 2456 opportuna
822 2378 915 2437 reiicit
936 2378 1044 2437 animos
1060 2388 1089 2437 et
1104 2379 1292 2457 undecunque
1300 2392 1334 2446 49

298 2465 390 2543 petita
407 2462 510 2521 iudicis
524 2463 658 2540 voluptas
677 2462 754 2521 levat
770 2462 903 2522 taedium.
940 2461 1005 2520 Non
1028 2462 1134 2521 inutilis
1148 2465 1233 2522 etiam
1248 2473 1294 2523 est

297 2548 371 2607 ratio
401 2546 577 2624 occupandi,
605 2563 678 2623 quae
699 2547 830 2606 videntur
856 2545 987 2621 obstare,
1019 2555 1050 2604 ut
1075 2544 1179 2605 Cicero
1212 2548 1292 2624 dicit,

299 2629 393 2692 Scire
412 2648 447 2690 sc
466 2631 576 2690 mironi
590 2631 748 2707 quosdam,
767 2631 849 2708 qood
868 2633 911 2706 ie,
927 2632 979 2707 qui
989 2649 1050 2708 per
1064 2639 1106 2691 tot
1124 2649 1220 2692 onnon
1238 2633 1292 2692 de·

297 2713 435 2793 [endem
449 2714 570 2788 multoc,
592 2715 717 2775 laeserit
736 2717 902 2790 neminem,
923 2715 967 2774 ad
981 2716 1193 2775 accusandum
1218 2713 1292 2776 Ver·

298 2817 362 2859 reon
385 2797 580 2860 descenderit
586 2820 599 2869 ,·
620 2797 686 2856 inde
710 2799 852 2870 ostendit,
872 2797 945 2856 banc
960 2799 1052 2875 ipsam
1066 2816 1133 2856 esse
1148 2800 1294 2858 sociorum

299 2882 527 2960 defensionem
553 2881 630 2958 quod
653 2880 770 2940 schema
791 2876 941 2960 epimone
965 2882 1077 2940 dicitur.
1123 2880 1155 2941 Id
1176 2900 1239 2942 cum
1258 2883 1336 2952 sit50

299 2965 370 3026 utile
397 2963 569 3042 aliquando,
599 2983 672 3023 nunc
699 2982 716 3023 a
744 2964 985 3025 declamatoribus
1012 2964 1179 3042 quibusdam
1200 2983 1294 3044 paene

299 3065 419 3127 semper
440 3049 607 3125 assumitur,
637 3047 685 3126 qui
706 3047 751 3107 ias
772 3065 830 3107 non
850 3056 949 3126 putant
971 3050 1025 3107 nisi
1045 3067 1062 3108 a
1087 3050 1231 3108 contrario
1251 3051 1293 3108 in·

300 3149 326 3191 cr
348 3149 413 3192 ere.

328 3151 346 3211 p
385 3213 501 3290 Negant
522 3214 733 3294 Apollodorum
753 3217 861 3291 secuti,
882 3216 933 3275 tris
959 3233 1042 3290 esse,
1070 3216 1107 3274 de
1129 3213 1231 3292 quibus
1247 3234 1293 3275 su·

299 3316 353 3378 pra
371 3297 509 3376 diximus,
534 3298 723 3377 praeparandi
738 3300 839 3358 iudicis
855 3308 969 3377 partes;
991 3299 1044 3357 sed
1058 3298 1159 3358 multas
1178 3300 1294 3377 species

300 3389 487 3457 enumerant,
514 3378 544 3441 ut
570 3401 607 3442 ex
625 3381 752 3441 moribus
773 3382 891 3457 iudicis,
912 3401 949 3441 cx
970 3381 1151 3460 opinionibus
1173 3382 1209 3443 ad
1228 3402 1294 3444 cau·

300 3484 364 3526 sam
385 3473 468 3524 extra
485 3465 710 3544 pertinentibus,
740 3484 777 3525 ex
799 3467 933 3544 opinione
953 3465 989 3524 de
1011 3468 1074 3542 ipsa
1095 3483 1198 3543 causa,
1220 3486 1294 3546 quae

301 3557 370 3608 sunt
389 3565 483 3628 propo
504 3548 646 3617 infinitae;
672 3549 808 3626 cumbis,
831 3567 869 3609 ex
890 3548 991 3627 quibus
1008 3566 1106 3609 omnes
1127 3559 1294 3610 controuer-

302 3635 366 3693 siae
382 3640 531 3706 constant,
552 3633 704 3710 personis,
725 3633 825 3708 iactis,
848 3633 949 3708 dictis,
965 3635 1081 3710 causis,
1105 3633 1302 3712 temporibus,¹
1356 3692 1359 3699 ,

303 3716 398 3793 locis,
416 3715 634 3794 occasionibus,
651 3719 765 3777 ceteris.
800 3715 879 3790 Quas
893 3735 979 3778 veras
993 3735 1060 3777 esse
1074 3717 1186 3796 fateor,
1201 3717 1335 3781 sedition
