3184 4409
324 497 364 559 74
563 579 570 589 ἱ
637 509 997 569 momentanearum

323 664 480 745 prudenter
500 664 620 725 dicenda
644 663 783 738 viderint,
813 665 868 724 iam
892 682 985 743 prope
1011 673 1205 724 consummata
1228 665 1314 724 fuerit

324 750 530 829 praecipientis
549 766 654 826 opera;
680 757 708 806 at
729 749 753 806 si
774 749 842 826 quid
860 751 1020 808 erraverint
1043 749 1151 824 adhuc,
1173 757 1255 808 erunt
1279 750 1314 808 ad

299 835 427 900 'tducem
450 833 617 893 reducendi.
663 829 715 891 Cui
739 833 782 891 rei
806 831 900 891 simile
924 833 1057 910 quiddam
1073 833 1221 892 *facientes
1243 851 1314 892 aves

323 918 476 991 cernimus,
493 935 567 996 quae
583 917 691 975 teneris
707 916 883 994 infirmisque
895 915 1002 976 letibus
1019 916 1169 975 oihos'ore
1184 933 1236 974 suo
1253 916 1314 976 col-

322 1001 397 1060 latos
411 1002 583 1078 partiuntur;
603 1010 632 1060 at
649 1017 712 1059 cum
727 1001 781 1071 uisi
796 1009 861 1058 sunt
877 1000 975 1074 adulti,
992 1000 1107 1077 paulum
1124 1001 1224 1076 egredi
1241 1001 1315 1059 nidis

323 1093 353 1144 et
378 1084 587 1145 circumvolare
614 1083 714 1142 sedem
740 1083 819 1143 illam
847 1084 1061 1160 praecedentes
1087 1085 1169 1161 ipsae
1195 1085 1314 1156 docent,

322 1178 380 1228 tum
403 1178 539 1246 expertas
564 1170 642 1227 vires
664 1166 758 1226 libero
782 1167 869 1227 coelo
891 1186 1020 1248 suaeque
1044 1169 1171 1246 ipsorum
1192 1169 1314 1229 fiduciae

323 1254 498 1332 permittunt.

671 1404 717 1453 DE
738 1402 966 1455 EDISGENDO.

405 1499 467 1559 Vll.
500 1497 574 1558 Illud
590 1518 627 1557 ex
643 1501 852 1560 consuetudine
866 1502 1028 1561 mutandum
1046 1517 1164 1579 prorsus
1181 1498 1315 1558 existimo

324 1585 352 1643 in
378 1584 438 1658 his,
465 1585 501 1643 de
525 1582 627 1661 quibus
653 1602 727 1642 nunc
754 1584 935 1659 disserimus,
963 1585 1123 1660 aetatibus,
1148 1602 1184 1641 ne
1209 1583 1315 1655 omnia,

325 1686 399 1747 quae
416 1668 598 1744 scripserint,
617 1668 747 1727 ediscant
760 1677 789 1726 et
806 1679 896 1743 certa,
912 1678 942 1729 ut
957 1670 1044 1728 moris
1061 1677 1122 1743 est,
1139 1668 1186 1727 die
1202 1667 1314 1729 dicant:

325 1751 403 1829 quod
426 1750 540 1829 quidem
557 1751 679 1811 maxime
697 1761 794 1829 patres
817 1754 935 1829 exigunt
962 1762 1049 1830 atquc
1066 1755 1104 1811 ita
1126 1752 1237 1811 demum
1255 1758 1315 1807 stu·

324 1836 395 1894 dere
418 1835 526 1893 liberos
549 1852 634 1908 suos,
662 1836 686 1894 si
712 1854 796 1914 quam
819 1835 1053 1915 frequentissime
1077 1834 1315 1905 declamaverint,

300 1919 463 1991 aorednnt,
487 1937 550 1977 cum
565 1918 716 1997 profectus
739 1920 897 1998 praecipue
919 1920 1066 1997 diligentia
1087 1927 1210 1979 constet.
1242 1916 1316 1975 Nam

312 2011 354 2078 ,nt
376 2002 505 2062 scrihere
530 2020 637 2081 pueros
660 2004 869 2082 plurimumque
891 2021 958 2062 esse
980 2006 1008 2062 in
1028 2005 1085 2064 hoc
1108 2020 1200 2081 opere
1227 2000 1316 2079 plane

324 2087 429 2146 velim:
461 2088 504 2146 sic
533 2088 666 2147 ediscere
693 2088 808 2147 electos
836 2106 874 2147 ex
902 2087 1079 2148 orationibus
1108 2087 1157 2146 vel
1185 2086 1316 2145 historiis

325 2172 420 2230 aliove
434 2187 490 2250 quo
506 2190 615 2248 genere
631 2172 780 2249 dignorum
796 2191 831 2232 ea
844 2190 912 2231 cura
925 2172 1098 2231 uoluminum
1114 2170 1208 2244 locos,
1224 2170 1315 2228 multo

299 2257 413 2333 3magis
431 2256 576 2315 suadeam.
608 2255 679 2315 Nam
701 2265 730 2315 et
751 2256 937 2316 exercebitur
957 2258 1051 2315 acrius
1067 2255 1204 2314 memoria
1220 2252 1316 2312 aliena

325 2340 547 2418 complectendo
570 2357 655 2418 quam
676 2358 742 2407 sua;
771 2342 867 2418 etqui
892 2348 974 2400 erunt
994 2341 1022 2399 in
1041 2338 1207 2399 difficiliore
1230 2336 1314 2395 lunius

324 2423 432 2483 laboris
449 2441 559 2499 genere
583 2424 706 2498 versati,
730 2425 792 2482 sine
808 2424 957 2498 molestia,
981 2442 1055 2502 quae
1072 2424 1132 2501 ipsi
1143 2436 1314 2499 composue-

324 2508 394 2581 rint,
419 2507 474 2564 iam
488 2506 654 2565 familiarius
675 2508 767 2565 animo
784 2524 836 2566 suo
855 2508 989 2584 alligent,
1012 2517 1041 2567 et
1055 2513 1225 2566 assuescent
1240 2506 1314 2583 opti‘

324 2592 377 2649 mis
401 2607 574 2667 semperque
595 2589 741 2649 habebunt
763 2592 837 2649 intra
856 2610 905 2665 se,
931 2593 1007 2670 quod
1028 2593 1185 2657 imitentur;
1208 2597 1237 2648 et
1259 2591 1314 2647 iam

325 2691 381 2733 non
397 2675 553 2738 sentientes
569 2673 689 2732 formam
711 2675 849 2733 orationis
871 2675 966 2751 illam,
990 2694 1073 2755 quam
1088 2682 1184 2732 mente
1199 2673 1314 2750 penitus

300 2759 509 2836 incoeperint,
534 2759 705 2834 expriment.
743 2758 935 2819 Abundahunt
951 2769 1045 2819 autem
1061 2759 1145 2837 copia
1160 2754 1314 2816 verborum

326 2843 496 2920 optimorum
517 2850 546 2900 et
562 2843 771 2919 compositione
795 2852 825 2901 et
840 2844 937 2919 figuris
959 2845 1013 2903 iam
1028 2860 1085 2901 non
1103 2842 1239 2921 quaesitis
1261 2838 1314 2898 sed

325 2934 430 3005 sponte
447 2934 476 2984 et
492 2943 529 2984 ex
545 2927 675 3003 reposito
691 2926 772 2986 velut
788 2927 922 2986 thesauro
939 2946 971 2985 se
988 2925 1186 2987 offerentibus.
1218 2923 1314 2982 Acce-

325 3012 366 3072 dit
381 3010 424 3069 his
439 3018 468 3068 et
479 3010 600 3068 iucunda
615 3011 642 3068 in
657 3028 790 3070 sermone
805 3011 880 3070 benc
892 3028 909 3070 a
921 3028 1037 3089 quoque
1055 3011 1195 3070 dictorum
1209 3006 1314 3067 relatio

326 3103 355 3156 et
368 3094 396 3152 in
409 3096 502 3153 causis
519 3095 604 3154 utilis.
633 3093 704 3154 Nam
720 3104 749 3154 et
765 3095 830 3173 plus
847 3096 1024 3154 auctoritatis
1040 3094 1162 3154 afferunt
1177 3108 1314 3169 ea,·quae

324 3196 383 3239 non
398 3179 560 3255 praesentis
576 3179 668 3254 gratia
686 3179 742 3238 litis
758 3188 823 3238 sunt
840 3186 1023 3257 comparata,
1050 3187 1079 3237 et
1094 3177 1207 3237 laudem
1222 3177 1315 3252 saepe

298 3263 462 3334 tmaiorem
485 3280 568 3341 quam
589 3264 613 3320 si
633 3271 731 3322 nostra
754 3265 811 3322 sint
836 3262 1000 3322 conciliant.
1033 3261 1196 3339 Aliquando
1219 3268 1316 3318 tamen

325 3347 563 3426 permittendum,
586 3364 659 3424 quae
680 3348 735 3424 ipsi
750 3347 935 3424 scripserint,
958 3347 1073 3421 dicere,
1095 3355 1127 3404 ut
1142 3344 1250 3405 laboris
1271 3342 1315 3400 sui

323 3433 449 3492 fructum
466 3432 550 3490 etiam
571 3448 608 3489 ex
630 3431 698 3504 illa,
720 3448 794 3508 quae
809 3432 931 3489 maxime
948 3432 1069 3508 petitur,
1093 3429 1177 3489 laude
1192 3427 1315 3506 plurium

324 3516 449 3594 capiant.
480 3513 587 3573 Verum
602 3515 630 3574 id
648 3531 763 3593 quoque
784 3522 842 3572 tum
857 3516 919 3573 lreri
936 3514 1097 3592 oportebit,
1123 3530 1186 3572 cum
1207 3510 1315 3590 aliquid

323 3597 504 3662 commodius
525 3597 719 3673 elimaverint,
741 3607 772 3656 ut
793 3615 828 3655 eo
850 3598 931 3657 velut
946 3599 1074 3675 praemio
1097 3597 1182 3673 studii
1203 3597 1247 3655 sui
1264 3595 1315 3654 do·

321 3693 429 3747 nentur
443 3701 477 3742 ac
492 3699 525 3741 se
542 3683 698 3757 meruisse,
715 3690 745 3741 ut
760 3681 907 3757 dicerent,
919 3682 1078 3758 'gaudeant
1163 3686 1165 3689 '
