3184 4409
571 474 984 546 maerensmaerens.
1244 465 1281 526 15

288 637 413 714 proderit
427 636 541 695 laudata
557 637 709 711 industria,
727 635 900 694 excitabitur
915 635 999 695 laude
1015 634 1180 709 aemulatio,
1196 643 1324 712 torpeat

290 719 369 780 ducet
384 720 493 780 cedere
513 722 590 820 pari,
608 718 758 798 pulchrum
774 737 930 796 superasse
945 720 1081 779 maiores.
1111 718 1283 778 decendunt

276 792 376 864 omnia
391 804 466 864 haec
480 807 605 878 animos,
625 813 654 862 et
669 803 762 862 licet
755 821 818 880 rpsa
834 804 932 862 vitium
947 805 984 862 sit
998 804 1125 878 ambitio,
1144 803 1280 880 frequen·

293 896 331 950 ier
344 898 438 948 tamen
460 905 547 947 causa
568 890 703 947 virtutum
724 896 778 945 est.
819 885 885 945 Non
905 887 1033 946 inutilem
1055 889 1117 946 scio
1138 895 1324 950 servatumao

297 989 353 1030 esse
379 991 396 1032 a
417 971 659 1050 praeceptoribus
684 972 756 1029 meis
780 988 906 1046 morem,
935 973 999 1047 qui,
1029 989 1092 1030 cum
1118 987 1227 1048 pueros
1252 972 1281 1028 in

298 1055 394 1115 classes
417 1055 638 1131 distribuerent,
666 1055 795 1113 ordinem
816 1054 930 1113 dicendi
956 1055 1113 1114 secundum
1136 1057 1213 1112 vires
1240 1056 1280 1112 in·

298 1141 360 1216 genii
375 1139 495 1208 dabant;
519 1148 548 1198 et
570 1141 608 1198 ita
627 1141 781 1215 superiore
799 1137 867 1197 loco
890 1141 1013 1216 quisque
1036 1137 1231 1212 declamabat,
1251 1147 1282 1197 ut

299 1223 463 1299 praecedere
489 1222 624 1302 profectu
648 1222 809 1292 videbatur.
854 1222 943 1282 Huius
966 1224 1009 1280 rei
1030 1222 1134 1282 iudicia
1158 1221 1338 1299 praebe-24*

299 1303 400 1376 bantur;
435 1325 470 1368 ea
497 1306 581 1366 nobis
598 1307 709 1382 ¹ingens
736 1305 850 1384 palmae
878 1309 1043 1382 contentio,
1075 1305 1183 1364 ducere
1208 1322 1280 1364 vero

246 1384 254 1471 ζ
300 1389 407 1450 classem
426 1391 516 1450 multo
537 1389 769 1469 pulcherrimum.
799 1389 862 1448 Nec
883 1391 919 1450 de
939 1390 996 1450 boc
1018 1390 1109 1450 semel
1133 1388 1281 1449 decretum

300 1483 359 1542 erat;
381 1477 544 1535 tricesimus
566 1474 628 1533 dies
649 1473 789 1533 reddebat
808 1476 887 1533 victo
910 1475 1073 1534 certaminis
1094 1482 1278 1552 potestatem.

254 1587 257 1596 ·
300 1553 330 1616 lta
342 1576 394 1618 uec
414 1561 548 1636 superior
568 1576 708 1616 successu
730 1576 827 1618 curam
842 1559 1004 1618 remittebat
1023 1567 1051 1617 et
1066 1558 1151 1617 dolor
1174 1559 1280 1616 victum

300 1641 325 1700 ad
337 1642 534 1721 depellendam
550 1644 732 1718 ignominiam
748 1642 920 1702 concitabat.
952 1642 984 1702 ld
998 1642 1082 1701 nobis
1099 1643 1228 1702 acriores
1244 1642 1320 1701 ad25

300 1726 375 1785 studia
396 1725 509 1786 dicendi
532 1725 612 1785 faces
632 1724 795 1785 subdidisse
819 1745 902 1804 quam
924 1726 1153 1785 exhortationem
1172 1725 1278 1784 docen-

247 1838 250 1847 ν
299 1808 366 1885 dum,
395 1810 634 1888 paedagogorum
660 1809 837 1884 custodiam,
862 1819 930 1870 vota
952 1820 1116 1888 parentum,
1144 1818 1278 1888 quantum

246 1956 247 1961 η
298 1894 364 1952 animi
385 1897 441 1954 mei
462 1895 628 1952 coniectura
651 1894 792 1970 colligere
813 1911 945 1971 possum,
973 1894 1178 1953 contenderim.
1220 1893 1321 1952 Sedes

246 2003 251 2060 ς
297 1976 356 2036 sicut
375 1977 518 2038 firmiores
540 1980 569 2036 in
591 1977 695 2036 litteris
716 1978 866 2054 profectus
887 1979 937 2037 alit
958 1979 1126 2038 aemulatio:
1150 1980 1188 2036 ita
1209 1979 1278 2036 inci·

297 2061 425 2135 pientibus
450 2071 535 2139 atque
559 2061 650 2121 adhuc
672 2062 1067 2141 teneriscoudiscipulorum
1091 2080 1174 2139 quam
1195 2078 1278 2138 prae·

297 2148 410 2222 captoria
436 2145 604 2220 iucundior,
630 2144 687 2203 hoc
713 2145 777 2221 ipso
806 2145 883 2222 quod
909 2146 1041 2220 facilior,
1074 2146 1193 2205 imitatio
1222 2152 1276 2202 est.

295 2224 339 2287 llfr
360 2231 435 2288 enim
457 2247 490 2288 se
512 2231 602 2308 prima
624 2228 768 2289 elementa
790 2228 825 2288 ad
847 2246 928 2306 spem
951 2229 1058 2288 tollere
1084 2227 1278 2304 effingendae,

248 2342 252 2352 =
295 2327 365 2389 quana
386 2330 521 2372 summam
540 2320 655 2390 putant,
682 2312 868 2390 eloquentiae
891 2312 1048 2380 audebunt;
1070 2314 1199 2390 proxima
1221 2329 1277 2369 am-

246 3628 253 3663 p

247 3707 253 3745 l

246 3942 259 3999 l

295 2394 447 2471 plectentur
468 2399 575 2473 magis,
607 2404 639 2456 ut
659 2398 735 2455 vites
758 2396 910 2456 arboribus
938 2396 1094 2475 applicitae
1123 2395 1277 2454 inferiores

294 2481 360 2554 prius
388 2479 633 2558 apprehendendo
661 2497 756 2539 ramos
786 2483 814 2539 in
840 2483 986 2541 cacumina
1014 2481 1146 2540 evadunt.
1193 2478 1277 2552 Quod
1285 2488 1321 2543 27

293 2561 353 2624 adeo
376 2582 477 2624 verum
499 2573 559 2638 est,
584 2572 615 2623 ut
637 2567 727 2642 ipsius
751 2567 837 2624 etiam
856 2567 1000 2641 magistri,
1028 2565 1052 2623 si
1077 2574 1171 2624 tamen
1190 2562 1277 2622 ambi·

292 2646 363 2708 tiosis
380 2647 462 2707 utilia
476 2648 640 2726 praeferet,
660 2647 717 2707 hoc
733 2666 806 2726 opus
822 2650 874 2723 sit,
892 2666 955 2708 cum
969 2649 1062 2708 adbuc
1078 2648 1159 2707 rudia
1173 2655 1277 2706 tracta·

292 2726 348 2790 bit
338 2733 473 2810 ingenia,
493 2749 550 2790 non
566 2734 661 2791 statim
682 2749 805 2791 onerare
824 2694 1013 2792 infirmitatem
1034 2733 1203 2792 discentium
1224 2730 1278 2790 sed

292 2820 445 2895 temperare
457 2817 536 2876 vires
552 2833 619 2874 suas
636 2822 665 2874 et
679 2815 715 2874 ad
729 2815 909 2875 intellectum
924 2817 1065 2877 audientis
1084 2813 1275 2876 descendere

292 2893 350 2959 llam
366 2908 398 2959 ut
421 2900 540 2960 vascula
555 2899 613 2968 oris
629 2901 742 2975 augusti
763 2900 945 2977 superfusam
959 2900 1086 2959 humoris
1103 2901 1215 2977 copiam
1230 2916 1275 2956 re·
1264 2904 1319 2958 -a8

246 2990 400 3072 papnunt,
420 2985 526 3042 sensim
546 2992 640 3042 autem
660 2982 842 3042 influentibus
862 2984 911 3043 vel
934 2986 1019 3043 etiam
1038 2984 1183 3043 instillatis
1200 2998 1276 3042 com·

246 3033 409 3157 ἰρΙιιιιιιιε
428 3069 471 3126 sic
482 3068 565 3126 animi
581 3083 736 3144 puerorum
751 3076 885 3144 quantum
901 3069 1039 3146 excipere
1052 3069 1165 3146 possint
1177 3066 1276 3125 videu-

246 3135 345 3227 Jdum
367 3159 423 3209 est.
466 3148 537 3209 Nam
558 3152 665 3209 maiora
687 3150 836 3210 intellectu
865 3152 946 3210 velut
973 3170 1072 3229 parum
1098 3159 1216 3228 apertos
1241 3149 1276 3209 ad

246 3208 498 3331 ἔριιοίρῑοιιάιιιιι
513 3235 621 3294 animos
634 3250 692 3292 non
708 3234 851 3293 subibunt.
874 3235 951 3294 Utile
967 3238 1054 3312 igitur
1068 3235 1186 3308 babere,
1203 3241 1319 3312 quostlt
1350 3256 1352 3260 ·

246 3285 382 3409 {tutari
392 3320 514 3396 primum
528 3333 595 3377 mox
609 3318 727 3377 uincere
742 3318 822 3378 velit.
847 3318 889 3378 lta
903 3320 1039 3418 paulatim
1052 3328 1082 3378 et
1096 3321 1276 3416 superiorum

246 3369 350 3495 {spes
367 3403 433 3461 erit.
471 3401 521 3461 llis
543 3388 663 3477 adiicio,
685 3405 918 3502 praeceptores
910 3420 990 3481 ipsos
1009 3420 1066 3462 non
1081 3402 1157 3462 idem
1173 3403 1276 3461 mentis

248 3497 319 3543 ac
331 3487 473 3562 spiritus
464 3504 493 3545 ιιι
508 3485 629 3545 dicendo
644 3502 735 3563 posse
756 3489 913 3564 concipere
933 3487 1054 3564 siugulis
1070 3495 1177 3546 tantum
1193 3503 1275 3564 prae·

246 3568 252 3619 .’
293 3569 411 3629 sentibus
428 3570 505 3648 quod
521 3570 569 3630 illa
588 3568 758 3628 celebritate
774 3571 970 3630 audientium
962 3573 1123 3630 rustinctos.
1153 3568 1319 3629 Maxima30

294 3653 355 3711 enim
369 3672 438 3731 pars
456 3654 641 3731 eloquentiae
657 3662 769 3712 constat
784 3657 887 3714 auimo.
914 3654 995 3717 Hunc
1010 3655 1102 3729 affici,
1118 3653 1193 3711 bunc
1208 3669 1275 3711 eon·

246 3794 252 3843 ἢ
295 3734 380 3814 tipere
396 3739 536 3815 imagines
551 3756 647 3797 rerum
663 3746 692 3797 et
706 3739 902 3798 transformari
918 3739 1126 3817 quodammodo
1143 3737 1179 3796 ad
1196 3745 1275 3795 natu·
