3184 4409
533 520 972 592 ruer.ounron.u1n.111,6.
1189 516 1247 575 117

254 681 384 742 dictione
400 683 538 757 nascitur,
554 678 582 740 id
599 691 643 741 est
658 699 749 758 genus
767 680 958 758 quaestionis,
973 681 1089 757 soemo,
1104 699 1164 742 noa
1177 683 1249 759 soci,

253 785 296 825 ao
309 766 442 843 secent?
464 764 533 826 'Hoc
546 767 663 842 fecisti,
677 784 737 825 noo
752 766 900 842 hocfeci,
920 765 995 840 quid
1008 765 1139 842 fecerit?
1177 765 1250 838 Quia

254 867 293 907 ex
308 849 354 907 his
371 856 508 927 apparet,
530 848 601 908 illud
617 851 798 923 coniectura,
821 848 877 907 hoc
898 848 1024 907 linitione
1046 849 1249 925 quaerendum,
1348 891 1349 894 ,

255 942 344 1009 atque
359 933 388 1008 in
405 949 441 990 eo
458 949 525 1010 pars
539 941 660 1010 utraque
674 934 794 991 insistit:
818 934 871 990 erit
893 932 1024 1010 quaestio
1046 933 1249 992 coniecturalis

255 1016 303 1074 vel
320 1016 425 1075 linitivi.
436 1024 536 1074 status.
568 1013 665 1089 Quid?
688 1018 712 1074 si
729 1017 803 1074 enim
820 1016 896 1074 dicat
913 1017 993 1092 quis,
1009 1027 1103 1075 sonno
1117 1024 1163 1078 eet
1177 1019 1274 1078 duo-6

255 1118 325 1158 cum
343 1100 424 1159 inter
442 1117 476 1158 se
497 1118 659 1177 corporum
680 1097 847 1176 conflictio:
874 1107 968 1173 erret,
994 1107 1025 1157 ut
1045 1100 1164 1175 opinor,
1192 1117 1250 1158 non

256 1184 332 1241 enim
354 1198 444 1241 sonus
468 1191 512 1242 est
533 1183 677 1242 conlliotio
699 1183 751 1242 sed
767 1201 805 1242 ex
821 1183 1014 1242 conflictione.
1050 1182 1108 1241 Sed
1131 1182 1187 1241 hoc
1208 1184 1249 1241 le·

255 1269 335 1333 vius;
358 1266 529 1342 intelligitur
550 1269 623 1326 euim
644 1275 788 1343 utcunque
814 1267 929 1325 dictum.
963 1265 1032 1325 Inde
1054 1283 1126 1325 vero
1148 1267 1250 1342 ingens

255 1349 331 1409 male
353 1349 609 1427 interpretantibus
630 1352 741 1409 innatus
766 1358 811 1408 est
835 1368 933 1423 error,
960 1352 1024 1428 qui,
1047 1352 1111 1429 quia
1133 1351 1251 1427 primam

257 1432 470 1493 conflictionem
486 1434 633 1509 legerant,
658 1433 840 1493 crediderunt
855 1442 958 1492 statum
974 1451 1090 1511 semper
1107 1451 1144 1492 ex
1161 1435 1251 1511 prima

258 1518 429 1594 quaestione
445 1517 612 1586 ducendum
630 1517 706 1595 quod
722 1527 767 1576 est
781 1519 1005 1576 vitiosissimum.
1031 1516 1103 1577 Nam
1119 1519 1275 1595 quaestiol

257 1600 334 1660 nulla
349 1618 408 1659 non
423 1599 509 1660 habet
525 1604 623 1679 utique
638 1610 757 1676 statum,
780 1610 892 1660 constat
907 1603 979 1660 enim
998 1612 1035 1660 e'x
1050 1603 1205 1660 intentione
1222 1610 1251 1660 et

259 1684 447 1762 depulsione;
479 1684 532 1744 sed
553 1685 627 1745 aliae
652 1693 716 1744 suut
738 1687 875 1763 propriae
897 1703 1063 1760 causarum,
1090 1685 1250 1762 dequibus
1351 1727 1353 1730 -

258 1768 376 1827 ferenda
397 1771 540 1828 sententia
568 1777 629 1844 est,
652 1770 726 1828 aliae
752 1768 893 1828 adductae
919 1771 1115 1844 extrinsecus,
1145 1770 1251 1846 aliquid

259 1860 352 1911 tamen
374 1853 409 1911 ad
431 1870 567 1911 summam
589 1870 693 1912 causae
715 1853 917 1928 conferentes,
938 1853 1019 1912 velut
1040 1853 1145 1912 auxilia
1163 1870 1250 1930 quae·

259 1935 337 2010 dam,
355 1953 413 2013 quo
430 1935 476 2011 iit,
494 1945 524 1995 ut
539 1938 567 1994 in
583 1938 781 1995 controversia
797 1954 851 1995 una
867 1934 965 2013 plures
982 1939 1166 2013 quaestiones
1183 1953 1250 1996 esse

258 2019 397 2078 dicantur.
435 2018 541 2079 Harum
558 2036 647 2098 porro
663 2019 832 2098 plerumque
850 2019 995 2078 levissima
1011 2037 1143 2096 quaeque
1159 2020 1276 2097 primoli

258 2103 327 2162 loco
344 2103 481 2179 fungitur.
518 2103 647 2181 Namque
664 2113 694 2162 et
707 2103 778 2162 illud
794 2102 931 2179 frequens
947 2112 1007 2177 est,
1026 2111 1056 2161 ut
1074 2121 1124 2178 ea,
1147 2102 1250 2180 quibus

257 2188 349 2245 miuus
377 2186 562 2262 confidimus,
589 2205 652 2247 cum
676 2195 796 2245 tractata
820 2195 902 2261 sunt,
932 2187 1109 2254 omittamus;
1138 2188 1250 2245 interim

257 2278 363 2347 sponte
383 2280 481 2329 nostra
497 2271 577 2330 velut
597 2271 751 2344 donantes,
774 2270 887 2328 interim
903 2269 939 2329 ad
956 2286 1006 2344 ea,
1030 2268 1103 2346 qua'e
1118 2279 1183 2328 sunt
1198 2285 1249 2346 po·

256 2355 397 2428 teutiora,
422 2355 540 2430 gradum
564 2373 601 2414 ex
624 2354 667 2412 his
694 2354 801 2412 fecisse
826 2355 962 2413 contenti.
1004 2353 1134 2431 Simplex
1157 2358 1276 2412 autem9

257 2455 345 2496 causa
363 2440 473 2497 etiamsi
490 2440 569 2497 varie
591 2437 768 2512 defenditur,
788 2455 846 2496 non
865 2446 963 2516 potest
977 2435 1085 2496 habere
1100 2433 1166 2515 plus
1181 2453 1249 2512 uno,

257 2521 293 2582 de
309 2538 368 2599 quo
384 2525 599 2599 pronuntietur,
620 2532 706 2599 atque
723 2520 789 2580 inde
806 2523 860 2580 erit
877 2530 966 2580 status
985 2539 1106 2596 causae,
1127 2520 1203 2598 quod
1221 2529 1251 2579 et

258 2614 359 2664 orator
380 2608 537 2683 praecipue
555 2605 609 2664 sibi
627 2605 810 2666 obtinendum
834 2613 863 2663 et
883 2604 971 2664 iudex
993 2604 1178 2682 spectandum
1192 2622 1250 2663 ma-

258 2690 333 2747 xime
351 2688 502 2765 intelligit;
520 2691 548 2748 iu
564 2689 620 2748 hoo
636 2690 709 2748 enim
724 2706 811 2748 cauea
827 2690 975 2747 consistet.
1011 2685 1145 2748 Ceterum
1163 2706 1250 2766 quae·

260 2775 383 2831 stionum
405 2783 527 2850 possunt
549 2791 616 2832 esse
638 2773 754 2832 diversi.
792 2770 877 2845 Quod
899 2780 929 2830 ut
955 2771 1126 2831 brevissimo
1153 2779 1292 2850 pateatlo

260 2854 411 2934 exemplo:
436 2874 499 2915 cum
520 2856 588 2916 dicit
605 2874 688 2931 reus,
711 2853 841 2916 Etiamsi
860 2857 938 2934 sect,
960 2864 1043 2917 recte
1061 2857 1139 2933 sect,
1161 2856 1251 2933 quali·

260 2941 324 2998 tatis
341 2941 431 2999 utitur
452 2949 541 3008 statu;
568 2957 632 2999 cum
654 2939 768 3013 adiicit,
796 2940 853 3000 sed
872 2958 933 3000 noae
949 2941 1028 3019 faoi,
1057 2940 1251 3001 coniecturam

260 3032 366 3083 moret.
402 3024 525 3101 Semper
546 3032 640 3083 autem
662 3022 767 3081 firmius
787 3031 833 3081 est
852 3024 1055 3100 consedere,
1077 3023 1201 3099 ideoque
1223 3023 1251 3081 in

263 3125 295 3166 eo
312 3116 417 3167 statum
434 3125 505 3175 esse
527 3106 675 3175 iudicaho;
699 3105 776 3183 quod
796 3106 938 3182 dicerem,
961 3109 985 3166 si
1001 3107 1067 3165 milri
1084 3106 1150 3184 plus
1166 3123 1250 3183 quam

262 3208 343 3250 unum
358 3191 458 3250 dicere
468 3209 525 3250 non
541 3191 652 3250 liceret.
680 3189 771 3249 Recte
783 3191 870 3265 igitur
885 3199 930 3250 est
944 3190 1088 3269 appellata
1102 3206 1250 3249 causarum
1261 3194 1291 3246 ll

264 3276 349 3350 prima
371 3274 517 3334 condictio
538 3291 595 3332 nou
616 3275 823 3352 quaestionum.
859 3272 930 3334 Nam
950 3283 979 3332 et
994 3290 1048 3352 pro
1064 3273 1181 3333 Rabirio
1196 3272 1249 3333 Po·

264 3363 353 3416 stumo
378 3355 482 3418 cicero
504 3360 621 3437 primam
641 3365 753 3435 partem
775 3359 912 3417 orationis
936 3358 964 3416 in
985 3357 1041 3416 lroc
1062 3357 1198 3433 intendit,
1220 3366 1252 3416 ut

265 3443 402 3500 actionem
420 3451 586 3519 competere
603 3442 728 3518 equitem
744 3440 901 3500 Romanum
915 3448 1018 3516 neget;
1034 3441 1171 3517 secunda,
1189 3441 1250 3500 nul-

265 3521 316 3582 lam
337 3524 372 3583 ad
394 3543 458 3583 eum
478 3527 626 3603 pecuniam
644 3525 815 3602 pervenisse
837 3524 993 3597 confirmat.
1030 3526 1138 3585 Statum
1157 3534 1250 3584 tamen

265 3607 290 3664 in
303 3625 340 3667 eo
356 3608 449 3668 dicam
464 3608 571 3683 luisse,
596 3608 673 3685 quod
691 3616 737 3667 est
752 3610 908 3686 potentius.
942 3607 1006 3668 Nec
1022 3610 1050 3667 in
1066 3626 1153 3668 causa
1168 3607 1291 3667 Milo-12

266 3691 305 3748 nis
320 3693 397 3770 pirca
414 3693 518 3769 primas
534 3693 735 3769 quaestiones,
755 3708 829 3767 quae
845 3700 911 3750 sunt
925 3701 990 3767 ante
1006 3693 1183 3770 prooemium
1197 3706 1249 3769 po·
1346 3725 1348 3729 .

267 3774 350 3850 ritae,
368 3773 501 3835 iudicabo
518 3774 683 3835 conflixisse
700 3791 828 3845 caueam;
848 3775 902 3839 sed
915 3775 966 3838 ulti
979 3777 1050 3838 totis
1062 3774 1260 3837 uiriliusius'x·
