3184 4409
345 360 363 403 ᾖ
424 364 431 376 t

315 398 322 412 Ι
352 398 378 425 Ἅι

554 463 1046 534 nrsr.onuron.u1n.V,13.14.
1219 456 1279 516 241

290 636 336 690 cst
360 627 413 687 illa
434 625 551 699 Scauri,
578 623 614 684 de
637 641 692 701 qua
715 641 802 702 snpra
823 623 897 691 dixi3
921 624 991 701 quin
1007 625 1108 683 nescio
1136 642 1171 683 an
1197 625 1283 684 etiarn

291 711 488 791 frequentior,
512 707 560 767 ubi
575 708 642 787 qnid
657 717 788 784 negatur.
819 707 979 766 Videndum
995 710 1152 785 praecipue
1168 710 1282 789 utrique

291 796 380 877 parti,
402 793 452 853 ubi
475 794 512 852 sit
532 793 575 851 rei
596 810 712 851 summa.
761 791 833 851 Nam
853 791 916 851 iere
939 792 1060 867 accidit,
1083 801 1114 850 ut
1133 794 1162 850 in
1187 792 1282 853 causis

293 879 378 939 multa
393 878 533 951 dicantur,
550 875 586 934 de
601 877 700 952 pausis
716 877 867 936 iudicetur.

373 960 406 1021 ln
426 961 471 1020 liis
490 959 630 1038 probandi
652 960 854 1038 refutandique
875 961 948 1020 ratio
970 968 1030 1033 est,
1055 958 1107 1019 sed
1125 958 1325 1022 adiuvanda56

294 1045 399 1106 viribus
414 1044 535 1104 dicentis
553 1053 582 1102 et
596 1043 731 1103 ornanda.
771 1043 934 1116 Quamlibet
956 1045 1028 1101 enim
1051 1046 1108 1101 sint
1129 1043 1164 1102 ad
1186 1044 1282 1102 dicen-

295 1129 367 1205 dum,
380 1128 458 1206 quod
473 1127 617 1204 volumus,
633 1128 866 1187 accommodata:
882 1130 976 1186 ieiuna
992 1137 1085 1185 tamen
1101 1135 1183 1184 erunt
1199 1136 1227 1184 et
1242 1129 1282 1185 in·

294 1213 381 1288 mma,
397 1214 452 1271 nisi
468 1213 577 1271 maiore
595 1210 718 1290 quodam
733 1214 857 1270 oratoris
876 1214 977 1289 spiritu
992 1210 1154 1288 implentur.
1186 1209 1282 1282 Quare
1292 1215 1324 1270 57

295 1297 385 1357 atilli
408 1312 617 1355 communes
640 1295 713 1354 loci
738 1295 774 1354 de
788 1295 935 1368 testibus,
959 1294 996 1353 de
1012 1294 1127 1367 tabulis,
1146 1294 1182 1352 de
1198 1312 1283 1369 argu·

295 1381 393 1440 urentis
415 1380 538 1456 aliisque
561 1379 700 1438 similibus
725 1397 855 1455 magnam
877 1381 933 1437 vim
954 1380 1053 1437 animis
1076 1378 1199 1437 indicum
1215 1377 1283 1436 alle-

293 1473 369 1531 ruut;
393 1471 422 1523 et
444 1463 472 1522 hi
492 1464 618 1540 proprii,
644 1462 745 1540 quibus
770 1463 876 1521 factum
897 1463 1033 1541 qnodque
1055 1463 1219 1534 laudamus,
1237 1470 1284 1519 ant
1318 1533 1320 1538 ,

294 1557 392 1607 contra
407 1549 511 1606 iustum
526 1547 574 1605 vel
592 1548 723 1605 iniustum
738 1546 895 1621 docemus,
911 1547 1000 1604 maius
1017 1546 1180 1618 autminus,
1200 1562 1284 1622 aspe-

292 1632 350 1690 rius
366 1639 415 1690 aut
429 1631 532 1689 mitius.
572 1629 618 1689 Ex
639 1631 682 1689 his
704 1641 797 1690 autem
814 1631 862 1689 alii
878 1630 913 1689 ad
929 1632 1172 1707 comparationem
1187 1630 1284 1705 singu-

267 1714 386 1774 lorum
400 1714 774 1791 argumentornmiacinnt,
791 1715 840 1773 alii
862 1713 897 1773 ad
919 1714 1053 1791 plurium,
1077 1714 1124 1772 alii
1146 1713 1182 1772 ad
1197 1715 1284 1772 totins

292 1815 399 1857 causae
421 1799 643 1857 inclinationem.
689 1796 734 1856 Ex
754 1798 858 1876 quibus
880 1806 945 1856 sunt
968 1799 1015 1875 qui
1037 1807 1211 1876 praeparent
1227 1799 1327 1856 ani-58

290 1900 367 1941 mum
386 1882 505 1956 indicis,
531 1890 596 1941 sunt
613 1883 661 1960 qui
676 1882 854 1940 confirment.
893 1880 953 1939 Sed
968 1883 1151 1959 praeparatio
1169 1898 1284 1960 qnoque

290 1974 339 2026 ant
355 1965 533 2025 confirmatio
547 1965 699 2044 aliquando
714 1967 802 2025 totius
814 1982 919 2025 causae
935 1975 979 2023 est
991 1965 1142 2043 aliquando
1152 1966 1284 2043 partium,

291 2057 321 2109 et
334 2048 474 2128 proinde,
490 2057 521 2107 nt
538 2052 641 2127 cuique
659 2051 848 2125 conveniunt,
864 2047 1050 2108 subiicienda.
1092 2048 1222 2127 Ideoque
1236 2049 1327 2107 mi·59

290 2151 352 2209 ror,
369 2133 444 2192 inter
459 2133 530 2192 duos
546 2134 723 2193 diversarum
741 2142 887 2192 sectarum
901 2133 981 2192 velut
999 2133 1089 2191 duces
1104 2149 1161 2190 non
1177 2132 1284 2191 medio·

290 2218 333 2278 cri
361 2217 546 2276 contentione
572 2219 747 2295 quaesitum,
775 2216 933 2292 singulisne
950 2207 1177 2294 'quaestionibus
1199 2214 1285 2274 subii·

291 2300 385 2363 ciendi
408 2310 506 2360 essent
526 2301 600 2376 loci,
618 2310 649 2360 ut
668 2300 823 2360 Theodoro
844 2301 957 2378 placet,
979 2318 1015 2358 an
1037 2302 1115 2377 prins
1138 2299 1286 2359 docendus

290 2385 379 2444 iudex
401 2402 485 2462 quam
509 2384 683 2460 movendus,
705 2393 735 2443 nt
753 2385 896 2463 praecipit
918 2383 1132 2460 Apollodorus;
1154 2393 1287 2461 tanquam

290 2469 413 2546 perierit
428 2469 502 2527 baec
517 2471 589 2528 ratio
605 2469 715 2544 media,
726 2478 754 2528 et
769 2468 838 2527 nihil
856 2486 920 2527 cum
934 2469 1025 2546 ipsius
1043 2487 1150 2528 causae
1164 2467 1287 2527 utilitate

292 2552 328 2610 sit
352 2551 578 2612 deliberandum.
614 2551 694 2611 Haeo
716 2552 850 2612 accidunt
870 2552 931 2627 bis,
950 2554 998 2629 qni
1020 2554 1217 2630 praecipiunt,
1238 2549 1287 2628 qui

291 2636 347 2713 ipsi
362 2653 421 2695 non
436 2636 532 2695 dicunt
546 2638 574 2694 in
589 2636 665 2711 loro,
681 2645 711 2695 ut
727 2644 815 2711 artes,
835 2654 850 2695 a
866 2637 978 2694 securis
989 2638 1150 2714 otiosisque
1169 2650 1287 2712 compo·

292 2719 383 2796 sitae,
406 2721 469 2797 ipsa
492 2738 606 2797 pugnae
629 2721 805 2779 necessitate
832 2719 992 2778 turbentur.
1038 2719 1169 2798 Namque
1189 2723 1331 2778 omnesbo

292 2802 366 2878 iere,
387 2804 435 2881 qui
451 2803 548 2879 legem
564 2803 677 2862 dicendi
694 2806 774 2882 quasi
790 2797 931 2882 quaedam
947 2805 1083 2878 mysteria
1098 2802 1286 2877 tradiderunt,

292 2889 380 2945 certis
398 2903 455 2945 uon
471 2887 703 2946 inveniendorum
718 2888 803 2946 modo
816 2896 1047 2963 argumentorum
1062 2886 1136 2946 locis
1151 2887 1204 2947 sed
1219 2902 1287 2944 con·

292 2969 499 3030 cludendorum
517 2988 633 3050 quoqne
650 2989 703 3030 nos
719 2973 886 3049 praeceptis
907 2971 1104 3047 illigaverunt;
1127 2971 1162 3030 de
1185 2968 1288 3047 quibus
1329 3005 1332 3011 ·

281 3051 464 3113 brevissime
484 3056 688 3133 praelocutus,
708 3053 775 3132 quid
796 3056 859 3132 ipsc
880 3056 1019 3130 sentiam,
1041 3055 1070 3114 id
1086 3063 1131 3114 cst
1145 3053 1212 3131 quid
1228 3052 1288 3112 cla·

292 3138 422 3197 rissimos
439 3149 570 3200 oratores
588 3139 696 3199 fecisse
713 3138 836 3214 videam,
853 3156 910 3197 non
926 3138 1041 3199 tacebo.

293 3286 369 3348 omn
393 3291 602 3342 nonnullum
624 3292 666 3342 nr
690 3290 895 3350 Quorundam
918 3262 1033 3350 numus
1057 3289 1202 3360 cousrnr
1225 3289 1288 3340 arr-

475 3377 635 3437 omnmm,
659 3377 701 3427 nr
719 3374 874 3434 Quorrono
892 3375 1115 3428 nusnuuurun.

375 3472 453 3534 XIV.
485 3474 575 3552 Igitur
596 3475 827 3550 enthymema
851 3482 880 3532 et
904 3480 1102 3550 argumentum
1126 3471 1235 3551 ipsum,
1258 3468 1288 3530 id

294 3566 339 3618 est
358 3577 437 3634 rem,
469 3576 544 3637 quae
569 3559 731 3636 probationi
753 3558 872 3618 alterins
897 3557 1065 3632 adhibetur,
1087 3554 1236 3633 appellant
1258 3561 1288 3612 et

294 3644 453 3719 argumenti
480 3643 687 3711 elocutionem
713 3660 777 3702 eam
799 3658 888 3717 vero,
912 3650 944 3699 ut
968 3641 1043 3717 dixi,
1066 3638 1225 3718 duplicem:
1250 3655 1288 3696 ex

296 3743 461 3805 conseqn
472 3725 635 3806 entibus,
652 3726 730 3808 quod
744 3725 832 3787 habat
848 3726 1077 3805 propositionem
1094 3724 1285 3783 coniunctam·

334 3831 398 3870 mr.
413 3831 525 3878 pomum.
1086 3807 1127 3870 ib
