3184 4409
492 485 582 535 nasu.
604 485 754 535 aaaron
775 487 845 536 nan.
864 487 898 554 a,
922 485 963 537 ro.
1170 473 1232 538 21⁹

272 640 417 712 cuniam
435 656 592 718 nunqnam
605 659 653 702 me
663 641 844 721 appellasti,
864 644 1243 721 nearamnonaccepr'sti,

272 734 313 788 ro
332 743 355 786 a
373 741 422 785 me
444 733 599 786 matuatus
621 744 665 786 es.
707 724 769 784 Lex
790 734 851 799 est,
880 723 940 798 One·
952 727 1037 802 patri
1048 727 1232 803 proditionis

272 828 286 872 o
305 826 371 870 non
388 806 526 890 offuerit,
555 808 685 870 eoberes
704 811 753 870 sit.
795 808 891 885 Negat
911 809 1002 882 filius,
1026 811 1088 870 nisi
1101 813 1129 870 si
1139 818 1232 888 pater

274 893 391 954 solnm
406 893 454 953 sit.
489 890 563 965 Quid
578 889 674 970 signi?
694 892 755 952 Lex
771 891 879 968 altera,
903 891 1088 953 Proditionis
1102 894 1231 954 damna·

272 993 374 1038 aean
396 974 547 1037 advocato
572 978 682 1037 enata.
733 973 837 1035 Cicero
862 992 916 1053 pro
943 973 1077 1035 Cluentio
1102 975 1289 1042 Publium1oa

272 1059 376 1137 pilium
397 1066 426 1117 et
442 1058 591 1123 ,Tiberium
614 1057 726 1120 Guttam
749 1060 818 1119 dicit
835 1075 896 1119 non
916 1058 1011 1119 indicii
1032 1062 1160 1137 corrupti
1177 1060 1231 1120 sed

272 1142 356 1203 abitus
376 1158 444 1201 esse
465 1142 623 1202 damnatos.
669 1140 744 1215 Quid
763 1140 858 1220 signi?
885 1141 962 1222 quod
977 1152 1164 1203 accusatores
1180 1160 1230 1203 eo·

272 1244 312 1301 m,
341 1225 390 1303 qni
411 1234 492 1286 erant
512 1226 568 1304 ipsi
590 1225 711 1286 ambitus
725 1226 864 1303 damnati,
888 1226 985 1303 elege
1004 1228 1061 1286 sint
1075 1236 1142 1304 post
1157 1226 1231 1286 banc

273 1309 384 1369 storiam
403 1311 537 1368 restituti.
580 1308 644 1368 Nec
664 1310 755 1370 minus
770 1311 799 1369 in
812 1311 869 1370 boa
885 1328 972 1370 curae
988 1309 1075 1371 debet
1090 1309 1285 1385 adhibeamus

274 1393 301 1453 id
321 1393 540 1471 proponendum
560 1410 659 1471 quarn,
685 1394 830 1472 quomodo
850 1395 888 1453 sit
902 1394 979 1473 quod
993 1395 1229 1472 proposuerimus

273 1475 421 1536 ebandum.
460 1476 513 1536 llic
528 1479 642 1537 omnino
657 1477 701 1536 vis
717 1479 905 1553 inventionis,
921 1480 946 1538 si
957 1494 1014 1536 non
1025 1479 1133 1552 maior,
1149 1486 1229 1536 certe
1346 1474 1348 1476 ’

273 1563 323 1620 lor.
367 1557 439 1619 Nam
459 1569 490 1620 ut
511 1561 569 1621 tela
590 1579 769 1640 supervacua
790 1571 856 1621 sunt
871 1563 1029 1636 nescienti,
1052 1561 1119 1640 quid
1133 1569 1228 1639 petat:

273 1664 277 1702 :
293 1652 475 1723 argumenta,
497 1646 552 1704 nisi
566 1645 746 1723 provideris,
769 1648 815 1705 cui
830 1646 873 1703 rel
888 1644 1048 1705 adhibenda
1063 1647 1128 1704 sint.
1165 1644 1230 1704 lloc

273 1739 296 1805 t,
318 1726 396 1808 quod
414 1728 619 1805 comprehendi
634 1737 695 1788 arte
710 1745 767 1788 non
782 1731 885 1807 possit.
923 1727 1070 1807 Ideoque,
1089 1746 1153 1788 cnm
1164 1727 1288 1807 plu-llo

273 1832 282 1871 s
294 1813 395 1873 eadem
405 1811 571 1888 didicerint,
587 1812 743 1889 generibus
755 1821 986 1890 argumentorum
997 1811 1136 1872 similibus
1148 1822 1229 1872 uten-

273 1915 293 1963 ·:
317 1895 390 1957 alius
410 1898 468 1957 alio
487 1896 584 1975 plura,
608 1895 710 1973 quibus
731 1905 840 1972 utatur,
860 1897 995 1955 inveniet.
1040 1897 1083 1956 stt
1104 1895 1230 1973 exempli

274 1982 327 2040 atla
345 1983 496 2059 proposita
520 1981 734 2055 controversia,
760 1997 835 2057 quae
857 1997 1021 2039 communes
1035 1981 1150 2040 minime
1166 1997 1229 2039 cnm

273 2067 296 2123 is
312 2065 500 2143 quaestiones
515 2064 617 2124 babet:
641 2060 716 2124 Cam
732 2062 851 2125 Tbebas
867 2065 1024 2126 eontinet
1035 2059 1227 2137 Alexander,
1237 2069 1286 2122 111

274 2149 345 2211 renit
366 2147 502 2224 tabulas,
528 2149 651 2227 quibas,
680 2154 798 2208 centnm
818 2148 933 2209 talenta
952 2155 1057 2209 notua
1075 2145 1230 2208 Tbessalis
1323 2197 1327 2208 .

274 2234 358 2293 disse
385 2228 556 2308 Thebanos,
589 2230 808 2293 continebatur.
850 2229 934 2307 Has,
964 2231 1038 2308 qnia
1063 2238 1133 2293 erat
1153 2247 1230 2290 nans

274 2316 404 2376 natilitio
419 2314 643 2389 Thessalorum,
666 2314 849 2376 emanatas
861 2316 963 2385 nltr0,·
981 2323 1089 2394 postea
1099 2313 1230 2375 restituti

274 2396 451 2460 Cassandro
470 2397 603 2460 Tbcbani
620 2407 783 2477 reposcant
799 2397 968 2462 Thessalas.
1011 2397 1097 2476 Apud
1111 2396 1229 2475 llmpbi·

274 2500 345 2542 onas
367 2484 469 2558 agitur.
514 2480 635 2543 centum
656 2482 763 2543 talenta
780 2491 811 2542 et
826 2482 984 2543 credidisse
1000 2498 1053 2542 eos
1071 2489 1184 2541 constat
1199 2487 1230 2539 et

274 2585 289 2624 n
308 2568 470 2644 recepisse.
513 2565 561 2626 Lis
578 2566 668 2626 omnis
683 2584 721 2625 ex
738 2583 791 2643 eo,
811 2565 890 2645 quod
904 2565 1071 2627 Alexander
1085 2583 1121 2625 ea
1136 2563 1287 2625 'l'bcs-llt

277 2651 302 2708 is
325 2649 450 2709 donasse
470 2650 588 2725 dicitur,
613 2650 729 2728 pendet.
771 2647 900 2710 -Constat
920 2650 990 2710 illud
1013 2665 1146 2728 quoqne,
1171 2664 1230 2707 non

275 2751 300 2792 re
318 2732 364 2792 bis
378 2733 414 2792 ab
429 2732 596 2793 Alexandro
612 2734 762 2812 pecuniam
776 2734 886 2801 datam;
912 2735 1059 2812 quaerimur
1077 2749 1166 2809 ergo,
1194 2749 1229 2791 an

275 2816 356 2876 >inde
371 2818 424 2892 sit,
447 2817 525 2896 quod
541 2817 634 2877 datum
650 2827 710 2892 est,
732 2835 767 2877 ac
781 2820 806 2877 si
821 2819 972 2895 pecuniam
987 2812 1122 2877 dederit?
1154 2814 1287 2889 Quiane

275 2898 393 2960 oderunt
409 2911 641 2977 argumentorum
658 2902 732 2976 loci,
760 2902 815 2960 nisi
832 2901 906 2961 baec
921 2903 1001 2979 prius
1017 2900 1137 2976 videro,
1159 2899 1230 2959 nibil

275 3000 299 3042 m
319 2984 418 3060 egisse
444 2984 592 3059 donando,
620 3003 677 3045 nan
700 2986 830 3063 potuisse
853 2985 978 3060 donare,
1002 3001 1059 3043 non
1080 2979 1229 3044 donasse?

286 3068 377 3145 prima
393 3068 508 3144 quidem
523 3071 598 3129 actio
616 3068 709 3129 facilis
724 3087 759 3129 ac
773 3067 941 3129 fauorabilis
952 3068 1143 3146 repetentium
1154 3068 1228 3140 iure,

275 3151 312 3210 od
330 3152 360 3210 vi
380 3153 417 3210 sit
437 3152 575 3220 ablatum;
597 3153 650 3212 sed
670 3152 736 3211 binc
756 3152 912 3212 vehemens
927 3153 1060 3230 quaestio
1075 3161 1104 3212 et
1124 3167 1230 3228 aspera

275 3236 365 3294 oritur
379 3235 416 3294 de
430 3237 492 3296 iure
507 3235 594 3313 belli,
615 3235 776 3296 dicentibus
792 3235 959 3310 Thessalis,
981 3235 1038 3295 boc
1052 3252 1158 3312 regna,
1175 3250 1229 3313 po·

276 3317 337 3393 los,
363 3318 436 3378 lines
458 3322 585 3396 gentium
606 3329 691 3399 atque
706 3319 817 3380 urbium
833 3319 982 3380 contineri.
1026 3317 1287 3380 Inveniendumtll

276 3411 334 3461 utra
351 3411 411 3477 est,
435 3420 492 3480 quo
508 3405 594 3464 distet
609 3403 684 3464 baed
697 3422 784 3464 causa
800 3421 817 3462 a
833 3405 955 3477 ceteris,
975 3420 1050 3481 quae
1060 3404 1089 3462 in
1099 3411 1228 3481 potesta-

276 3486 427 3545 nvictorla
441 3489 586 3557 venirent;
603 3506 659 3547 nec
673 3489 751 3548 circa
765 3487 966 3566 probationem
980 3504 1028 3546 res
1038 3486 1156 3561 haeret,
1175 3487 1228 3546 sed

277 3588 311 3630 aa
334 3572 573 3648 propositionem.
622 3572 756 3631 Dicamus
780 3572 923 3648 inprimis:
955 3568 987 3629 ln
1011 3587 1065 3645 eo,
1096 3569 1173 3649 quod
1199 3572 1229 3629 in

276 3654 368 3713 licium
393 3653 498 3715 deduci
524 3664 638 3734 potest,
673 3654 743 3714 nihil
762 3654 863 3715 valere
884 3655 927 3713 ius
949 3654 1038 3722 belli:
1066 3671 1122 3714 nec
1142 3655 1228 3712 armis

276 3747 336 3820 apta
356 3739 412 3800 nisi
432 3740 518 3800 armis
540 3756 631 3819 posse
650 3739 778 3799 retineri.
810 3738 941 3821 ltaque,
965 3737 1016 3800 ubi
1032 3737 1088 3801 illa
1101 3737 1236 3820 ualeant,
