3184 4409
518 463 768 513 rosconmon.
781 465 851 512 ms.
864 465 926 529 xn,
941 461 1006 517 so.
1200 453 1261 516 253

264 622 413 695 stantiam,
442 618 591 696 fiduciam,
624 618 819 679 fortitudinem
842 619 912 679 nihil
938 637 1001 694 ars,
1032 619 1101 680 nihil
1129 612 1265 697 studium,¹

244 705 334 765 ruthil
350 704 499 782 profectus
516 705 579 783 ipse
594 703 752 782 profuerit;
779 712 809 763 ut
825 705 850 762 si
871 703 924 763 des
939 721 1017 763 arma
1032 704 1137 764 timidis
1160 714 1190 765 et
1210 706 1261 765 im·

244 787 401 849 tbellibus.
434 785 541 847 Invitus
564 786 730 847 mehercule
754 788 837 863 dico,
860 789 994 867 quoniam
1014 796 1044 847 et
1063 787 1147 848 aliter
1167 789 1261 868 accipi

245 867 377 953 upotest,
398 873 490 950 ipsam
504 871 725 947 verecundiam,
746 873 843 931 vitium
858 871 973 949 quidem
992 871 1045 932 sed
1067 866 1207 947 amabile,
1231 881 1262 930 et

245 968 338 1035 oquae
354 957 475 1016 virtutes
498 955 635 1020 facillime
651 965 791 1032 generet,
816 973 883 1014 esse
898 956 973 1014 inter
987 955 1126 1032 adversa,
1151 955 1260 1015 multis·

245 1053 321 1119 tque
341 1041 371 1099 in
394 1058 480 1099 causa
495 1040 602 1117 luisse,
626 1048 657 1099 ut
672 1038 747 1100 bona
768 1040 876 1116 ingenii
891 1039 1033 1118 studiique
1049 1041 1078 1099 in
1092 1039 1187 1099 lucem
1203 1056 1262 1098 nou

245 1123 377 1205 rprolata
392 1125 447 1182 situ
464 1124 587 1201 quodam
602 1124 709 1183 secreti
726 1132 972 1183 consumerentur.
1002 1124 1082 1184 Sciat
1103 1132 1216 1198 autem,
1236 1123 1289 1188 sib

245 1203 329 1288 tquis
345 1208 420 1267 haec
441 1208 518 1267 forte
532 1207 624 1266 minus
645 1207 739 1273 adhuc
754 1209 863 1286 peritus
879 1207 1071 1284 distinguendi
1085 1208 1143 1266 vim
1165 1207 1259 1267 cuius·

245 1290 320 1370 'tque
335 1290 420 1351 verbi
435 1289 533 1372 leget,
556 1308 613 1351 non
627 1291 801 1370 probitatem
818 1309 835 1352 a
852 1309 898 1351 me
919 1292 1096 1370 reprehendi
1112 1290 1164 1352 sed
1176 1309 1261 1352 vere·

245 1375 414 1450 tonnellam,
440 1393 514 1453 quae
538 1383 583 1434 est
603 1376 688 1435 timor
708 1376 822 1454 quidam
843 1376 989 1436 reducens
1012 1376 1134 1436 ardunum
1153 1375 1189 1436 ab
1211 1379 1258 1452 iis,

245 1466 338 1538 tquae
356 1459 489 1519 facienda
510 1466 591 1535 suut,
614 1459 689 1519 unde
713 1460 846 1519 confusio
868 1468 898 1519 et
915 1462 1013 1538 coepti
1036 1461 1220 1539 poenitentia.
1230 1469 1262 1521 et

260 1543 386 1604 subitum
412 1544 564 1603 silentium.
590 1541 674 1617 ¹Quis
700 1560 789 1622 porro
811 1542 922 1605 dubitet
942 1545 1018 1604 vitiis
1045 1543 1194 1605 ascribere
1217 1544 1259 1604 ai-

259 1627 387 1703 iectum,
414 1637 536 1707 propter
558 1645 643 1705 quem
663 1628 764 1687 iacere
786 1627 908 1688 honesta
931 1625 1043 1707 pudet?
1071 1627 1175 1708 Neque
1201 1637 1288 1706 egod

259 1728 362 1771 rursus
383 1712 453 1772 nolo
473 1729 555 1785 eum,
578 1713 626 1789 qui
642 1711 679 1771 sit
695 1711 840 1788 dicturus,
864 1712 1072 1784 etsollicitum
1093 1730 1214 1790 surgere
1230 1722 1260 1773 et

259 1794 393 1856 colorem
408 1805 518 1855 mutare
541 1804 570 1855 et
586 1794 746 1872 periculum
767 1795 947 1873 intelligere;
973 1814 1048 1876 quae
1065 1796 1089 1856 si
1103 1814 1161 1857 uon
1171 1798 1258 1858 acci·

257 1878 345 1954 dent,
368 1879 453 1940 etiam
473 1879 632 1939 simulanda
654 1888 745 1939 erunt.
783 1862 1022 1941 sedunensem
1042 1880 1090 1941 hic
1106 1882 1144 1941 sit
1158 1882 1257 1961 operis

256 1979 318 2024 nou
334 1972 442 2039 metus,
467 1979 690 2043 moveamurque
708 1981 765 2024 nou
783 1963 977 2024 concidamus.
1014 1962 1127 2043 Optima
1147 1973 1193 2025 est
1209 1983 1257 2026 au·

254 2057 320 2109 tem
341 2048 501 2107 emendatio
523 2048 718 2107 verecundiae
740 2046 859 2125 fiducia,
883 2056 913 2108 et
933 2047 1092 2128 quamlibet
1111 2048 1257 2110 imbecilla

254 2130 341 2192 bons
357 2148 461 2208 magna
480 2132 657 2192 couscientia
672 2133 838 2192 sustinetur.

344 2214 415 2276 Sunt
440 2223 469 2274 et
491 2216 645 2291 naturalia,
669 2224 699 2274 ut
722 2216 905 2294 supradixi,
928 2235 1002 2296 quae
1023 2225 1118 2278 tamen
1140 2225 1285 2280 stouras

254 2300 404 2374 iurantur,
426 2299 629 2375 instrumenta,
651 2316 741 2377 vox,
764 2301 875 2377 latus,
899 2301 1027 2370 decor;
1050 2319 1124 2380 quae
1142 2302 1258 2380 quidem

252 2391 365 2444 tautum
382 2383 496 2459 valent,
517 2391 548 2443 ut
568 2383 737 2463 frequenter
753 2384 858 2445 famam
879 2386 986 2463 ingenii
1007 2378 1122 2446 iaciant.
1151 2384 1257 2446 llabuit

253 2475 392 2527 oratores
407 2476 487 2528 aetas
505 2476 604 2527 nostra
620 2470 815 2546 copiosiores,
831 2469 895 2543 sed,
912 2487 975 2529 cum
989 2470 1112 2546 diceret,
1129 2471 1258 2530 eminere

252 2551 332 2611 inter
352 2552 490 2629 aequales
506 2551 664 2611 Trachalus
686 2551 848 2613 videbatur.
879 2552 923 2614 Ea
943 2554 1076 2632 corporis
1097 2554 1256 2616 sublimitas

253 2642 337 2711 erat,
356 2635 381 2693 is
397 2635 483 2696 ardor
500 2635 664 2711 oculorum,
680 2635 783 2696 frontis
801 2639 971 2713 auctoritas,
987 2646 1090 2715 gestus
1106 2647 1260 2716 praestan.

254 2721 313 2791 tia,
332 2735 392 2778 vox
411 2719 526 2797 quidem
540 2737 613 2795 non,
633 2729 664 2780 ut
681 2717 787 2780 Cicero
802 2720 968 2796 desiderat,
993 2739 1087 2801 paene
1099 2722 1255 2800 tragoedo·

254 2821 317 2863 rum
327 2802 382 2863 sed
397 2821 487 2883 super
504 2821 615 2880 omncs,
633 2821 706 2882 quos
722 2821 780 2882 ego
792 2805 907 2882 quidem
920 2806 1068 2881 audierim,
1087 2805 1255 2884 tragoedos.

256 2885 343 2948 Certe
361 2905 426 2947 cum
440 2888 469 2947 in
483 2886 604 2948 basilica
619 2887 691 2948 lulia
707 2888 818 2948 diceret
832 2890 925 2967 primo
943 2889 1093 2966 tribunali,
1120 2899 1282 2969 quattuor6

255 2979 349 3031 autem
367 2971 488 3048 iudicia,
514 2981 543 3031 ut
558 2973 646 3031 moris
663 2981 725 3048 est,
752 2982 944 3050 cogerentur,
970 2983 1056 3053 atque
1078 2975 1172 3034 omnia
1195 2974 1254 3034 cla·

253 3054 382 3115 moribus
397 3055 571 3115 fremerent:
601 3065 630 3116 et
645 3057 770 3117 auditum
785 3075 850 3116 eum
866 3066 896 3116 et
910 3057 1089 3118 intellectum
1107 3066 1153 3133 et,
1176 3059 1254 3136 quod

253 3137 406 3217 agentibus
424 3141 531 3200 ceteris
548 3141 868 3201 contumeliosissimum
884 3141 953 3217 fuit,
977 3141 1119 3201 laudatum
1135 3159 1253 3220 quoque

248 3239 289 3283 ex
305 3231 444 3302 quattuor
461 3223 650 3284 tribunalibus
665 3226 788 3285 memini.
823 3225 882 3286 Sed
899 3226 957 3286 hoc
970 3235 1067 3285 votum
1083 3233 1129 3284 est
1143 3234 1173 3285 et
1188 3243 1255 3286 rara

248 3305 395 3374 felicitas;
413 3324 488 3384 quae
504 3310 530 3367 si
546 3327 603 3368 non
619 3310 704 3368 assit:
721 3327 791 3369 saue
808 3309 933 3370 sufficiat
948 3309 984 3369 ab
1000 3310 1051 3383 iis,
1070 3308 1174 3387 quibus
1189 3311 1253 3388 quis

247 3388 334 3468 dicit,
355 3390 456 3451 audiri.
495 3391 573 3453 'l'alis
590 3410 658 3452 esse
674 3392 763 3453 debet
779 3403 878 3454 orator
893 3393 1011 3455 ethaeo
1028 3395 1115 3453 scire.

361 3542 449 3604 QUOD
468 3542 519 3594 Sl'l'
538 3544 714 3597 lNClPlENDl
733 3545 860 3598 CAUSAS
876 3546 986 3597 AGERE
1004 3545 1140 3598 TEMPUS.

293 3653 295 3657 ’
319 3638 386 3700 -v1.
415 3641 558 3719 Agendi
580 3652 675 3703 autem
696 3645 838 3704 initium
859 3645 921 3703 sine
938 3643 1023 3704 dubio
1039 3645 1196 3705 secundum
1210 3645 1251 3703 vi·

248 3743 295 3787 ·es
329 3725 472 3805 cuiusque
499 3727 665 3789 sumendum
689 3737 743 3787 est.
781 3727 885 3806 Neque
909 3746 966 3806 ego
987 3746 1078 3789 anuos
1107 3730 1249 3805 definiam,
