3184 4409
594 485 1038 556 rusn.onau0n.c1n.xl,3.
1247 477 1307 538 219

246 648 269 723 t!
303 646 448 720 linguntur
459 644 627 718 imitatione,
641 652 730 703 artem
742 642 865 712 habent;
884 643 937 703 sed
949 643 977 701 hl
990 654 1089 703 carent
1100 654 1209 720 natura,
1227 647 1307 705 ideo·

246 718 269 776 h
304 747 363 806 que
378 729 406 786 in
420 729 454 785 iis
468 729 587 805 primum
602 737 646 786 est
657 727 733 786 bene
750 727 827 786 allici
839 737 868 786 et
880 728 1038 804 concipere
1056 730 1195 804 imagines
1211 748 1307 788 rerum

246 819 270 876 ¹¹,
304 812 575 889 ettanquamveris
595 812 714 870 moveri.
753 813 803 870 Sic
818 811 897 870 velut
916 811 1010 870 media
1026 828 1101 885 vox,
1126 831 1211 889 quem
1226 813 1306 872 habi·
1357 819 1359 833 '

246 904 266 963 l!
301 906 361 954 tum
379 913 394 954 a
410 895 494 954 nohis
510 897 674 973 acceperit,
695 893 770 953 hune
792 895 917 954 iudicum
931 895 1030 953 animis
1047 894 1133 953 dabit.
1164 895 1216 954 Est
1232 898 1307 956 eninr

246 988 268 1027 fl
301 980 406 1038 mentis
422 980 510 1038 index
528 996 563 1037 ac
579 979 709 1060 totidem,
729 987 799 1056 quot
816 978 876 1052 illa,
892 979 1064 1037 mutationes
1079 977 1176 1037 habet.
1207 978 1350 1057 ltaqueot

250 1070 266 1111 ¹
301 1064 389 1123 laetis
410 1064 438 1122 in
451 1057 540 1121 ¹rebus
556 1062 642 1140 plena
658 1070 687 1121 et
704 1062 828 1139 simplex
850 1063 958 1138 etipsa
977 1062 1195 1137 quodammodo,
1208 1062 1306 1122 hilaris

250 1155 265 1196 ¹¹
300 1148 378 1214 fluit;
401 1147 429 1205 in
445 1148 601 1206 certamine
618 1155 716 1206 erecta
733 1147 803 1204 totis
819 1145 929 1204 viribus
950 1154 979 1204 et
996 1146 1075 1204 velut
1094 1146 1226 1204 omnibus
1240 1164 1305 1205 ner·

246 1239 260 1278 ·-'
299 1232 346 1289 vis
370 1231 533 1295 intenditur.
570 1229 664 1289 Atrox
683 1230 712 1288 in
733 1230 774 1288 ira
800 1238 829 1287 et
852 1247 957 1306 aspera
980 1247 1014 1287 ac
1030 1229 1119 1288 densa
1137 1238 1165 1288 et
1180 1231 1305 1308 respira·

248 1324 257 1361 ³
298 1316 382 1374 tione
403 1313 516 1373 crebra.
550 1312 654 1392 Neque
672 1315 747 1372 enim
762 1321 860 1390 potest
878 1330 945 1370 esse
962 1311 1066 1388 longus
1084 1314 1217 1390 spiritus,
1242 1331 1305 1372 cum

246 1404 253 1444 ·‘
298 1397 488 1459 immoderate
511 1397 672 1456 effunditur.
715 1397 833 1457 Paulum
854 1397 882 1454 in
903 1396 1009 1454 invidia
1034 1396 1166 1456 iacienda
1189 1397 1304 1472 lentior,
1347 1421 1349 1424 ’

246 1496 248 1531 t
299 1483 368 1560 quia
389 1498 447 1540 non
468 1482 532 1540 fere
554 1482 590 1541 ad
606 1480 680 1541 hanc
695 1482 749 1539 nisi
764 1480 919 1539 inferiores
939 1478 1120 1557 confugiunt;
1142 1490 1170 1540 at
1182 1481 1210 1538 in
1225 1480 1305 1540 blan·

298 1566 423 1641 diendo,
440 1565 577 1640 latendo,
595 1565 817 1640 satisfaciendo,
840 1564 988 1640 rogando,
1010 1564 1085 1623 lenis
1101 1574 1131 1624 et
1146 1565 1304 1624 summissa.

298 1650 484 1710 Suadentinm
513 1658 542 1708 et
562 1651 736 1708 monentium
760 1658 789 1707 et
816 1649 1013 1726 pollicentium
1041 1658 1071 1708 et
1098 1649 1305 1721 consolantium
1314 1655 1348 1710 64

297 1735 407 1811 gravis.
438 1733 469 1792 ln
487 1741 603 1792 metuet
618 1732 794 1792 verecundia
810 1741 968 1807 contracta,
983 1730 1231 1792 adhortationibus
1246 1733 1304 1791 ior-

296 1820 349 1892 tis,
368 1815 606 1895 disputationibus
621 1826 712 1891 teres,
728 1817 912 1876 miseratione
928 1815 1004 1876 flexa
1022 1826 1051 1875 et
1067 1817 1174 1877 llebilis
1190 1826 1219 1876 et
1237 1835 1304 1876 con·

299 1901 377 1961 sulto
399 1902 480 1978 quasi
507 1900 673 1968 obscurior;
697 1909 726 1959 at
749 1901 778 1958 in
804 1898 1024 1976 egressionibus
1046 1901 1108 1960 fusa
1132 1910 1162 1960 et
1182 1918 1304 1961 securae

299 1985 456 2060 claritatis,
481 1986 509 2042 in
527 1985 709 2061 expositione
732 2001 766 2042 ac
789 1983 970 2042 sermonibus
990 1993 1072 2044 recta
1097 1993 1127 2044 et
1148 1986 1223 2043 inter
1237 2003 1303 2044 acn-

297 2080 359 2129 tnm
380 2087 480 2131 sonum
501 2076 530 2126 et
549 2084 669 2143 gravem
690 2067 793 2127 media.
823 2066 973 2127 Attollitur
987 2077 1081 2127 autem
1097 2069 1247 2127 concitatis
1263 2067 1347 2127 aiot·

297 2152 443 2228 fectibus,
467 2151 634 2230 compositis
650 2151 803 2211 descendit
818 2167 872 2230 pro
888 2151 1037 2229 utriusque
1053 2153 1097 2211 rei
1113 2152 1199 2211 modo
1220 2151 1305 2210 altius

297 2236 348 2295 vel
364 2237 492 2296 inferius.
1300 2305 1302 2309 Ι

386 2319 460 2394 Quid
482 2328 574 2380 autem
590 2320 712 2398 quisque
735 2319 762 2379 in
782 2318 905 2379 dicendo
923 2319 1052 2398 postulet
1069 2319 1169 2395 locus,
1190 2320 1304 2396 paulum

300 2404 448 2480 differam,
476 2413 506 2462 ut
529 2405 565 2463 de
587 2413 692 2480 gestu
713 2405 791 2481 prius
814 2403 922 2479 dicam,
950 2403 998 2482 qui
1021 2412 1051 2463 et
1071 2405 1135 2482 ipse
1152 2405 1220 2463 voci
1236 2420 1304 2462 oon·

300 2491 386 2548 sentit
409 2498 438 2547 et
458 2488 550 2548 animo
572 2505 691 2547 cumea
714 2486 797 2546 simul
822 2497 914 2565 paret.
944 2486 973 2546 ls
994 2496 1129 2566 quantum
1149 2486 1255 2547 habeat
1276 2491 1304 2546 in

299 2582 415 2633 oratore
432 2572 576 2646 momenti,
594 2572 664 2631 satis
679 2571 727 2630 vel
744 2588 834 2630 exeo
850 2581 947 2650 patet,
966 2571 1046 2650 qnod
1062 2573 1204 2650 pleraque
1219 2573 1303 2632 etiam

300 2659 370 2717 citra
390 2655 482 2716 verba
508 2656 659 2732 significat.
695 2654 813 2735 Quippe
834 2673 891 2714 non
915 2673 1014 2714 manus
1035 2656 1128 2715 solum
1151 2655 1204 2715 sed
1221 2662 1346 2717 nntnsoo

301 2743 385 2800 etiam
402 2740 552 2800 declarant
566 2749 692 2799 nostram
712 2740 888 2799 voluntatem
910 2748 939 2798 et
955 2741 983 2798 in
998 2741 1082 2800 mutis
1098 2756 1152 2818 pro
1168 2756 1302 2800 sermone

301 2834 376 2900 sunt,
393 2833 422 2884 et
437 2825 549 2884 saltatio
565 2824 734 2902 frequenter
748 2824 809 2883 sine
821 2841 897 2883 voce
912 2824 1082 2900 intelligitur
1098 2833 1185 2902 atque
1202 2823 1301 2897 allicit,

300 2917 387 2967 etex
409 2908 488 2968 vultu
516 2909 708 2986 ingressuque
735 2909 910 2986 perspicitur
931 2906 1045 2968 habitus
1066 2909 1240 2974 animorum:
1274 2916 1303 2966 et

300 2992 461 3051 animalium
482 3009 597 3070 quoque
619 3009 752 3051 sermone
774 2993 931 3051 carentium
945 2993 1003 3066 ira,
1028 2992 1152 3066 laetitia,
1177 2991 1302 3051 adulatio

300 3084 329 3134 et
352 3075 445 3134 oculis
466 3085 495 3135 et
517 3075 686 3154 quibusdam
709 3075 774 3137 aliis
797 3076 929 3152 corporis
952 3077 1042 3151 signis
1065 3074 1300 3153 deprehenditur.

298 3157 363 3218 Nec
378 3159 492 3233 mirum,
516 3161 540 3218 si
556 3161 629 3234 ista,
653 3176 728 3237 quae
744 3168 840 3218 tamen
856 3159 884 3217 in
899 3159 996 3236 aliquo
1013 3161 1108 3238 posita
1129 3168 1194 3218 sunt
1213 3166 1343 3232 motum

298 3249 405 3311 tantum
420 3244 448 3300 in
463 3244 562 3302 animis
576 3242 693 3316 valent,
711 3260 774 3301 cum
790 3242 919 3320 pictura,
937 3252 1039 3302 tacens
1054 3259 1128 3320 opus
1146 3251 1175 3301 et
1188 3240 1301 3302 habitas

300 3343 418 3403 semper
439 3327 585 3402 eiusdem,
609 3327 651 3384 sic
673 3327 701 3383 in
721 3326 835 3384 intimos
849 3334 985 3406 penetret
1001 3326 1140 3400 allectus,
1163 3334 1194 3385 ut
1209 3327 1299 3404 ipsam

297 3411 355 3469 vim
373 3410 486 3468 dicendi
501 3426 700 3487 nonnunquam
715 3426 854 3487 superare
868 3409 1008 3468 videatur.
1037 3407 1144 3469 Contra
1159 3410 1184 3468 si
1199 3419 1300 3487 gestus

299 3512 334 3554 ac
348 3493 443 3552 vultus
459 3492 495 3552 ab
512 3496 642 3553 oratione
655 3490 840 3568 dissentiant,
858 3494 950 3552 tristia
967 3494 1094 3552 dicemus
1110 3492 1235 3569 hilares,
1257 3493 1298 3554 ai-

299 3577 442 3636 firmemus
464 3576 558 3654 aliqua
579 3586 735 3636 renuentes
744 3598 755 3637 :.
778 3594 838 3636 non
857 3578 1012 3636 auctoritas
1031 3577 1117 3637 modo
1131 3577 1229 3637 verbis
1245 3576 1298 3636 sed

299 3662 385 3720 etiam
405 3661 477 3720 tides
502 3661 585 3721 desit.
621 3660 721 3720 Decor
744 3678 860 3739 quoqne
881 3670 998 3737 agestu
1015 3670 1100 3739 atque
1121 3677 1137 3721 a
1154 3671 1232 3723 motu
1246 3679 1296 3719 ve·

298 3744 347 3805 nit.
378 3745 507 3824 ideoque
523 3745 737 3806 Demosthenes
759 3745 869 3823 grande
892 3745 1034 3822 quoddam
1056 3745 1169 3805 intuens
1192 3751 1339 3823 specu-68
