3184 4409
334 447 399 533 ,168
653 460 689 505 u.
706 458 784 504 naa.
800 456 1019 517 on1un1n1au1

309 623 382 678 5set
396 615 549 672 inventum.
594 609 651 670 Gur
669 613 754 687 igitur
769 610 851 670 nefas
875 618 920 669 est
939 611 1062 689 reperiri
1079 612 1194 691 aliquid
1209 631 1225 673 a
1249 614 1334 688 nobis,

338 699 414 775 quod
430 707 494 756 ante
509 713 566 755 non
581 693 686 754 luerit?
719 696 763 754 An
783 695 825 753 illi
840 694 927 753 rudes
942 696 1006 754 sola
1021 698 1123 755 mentis
1147 706 1252 757 natura
1268 697 1334 758 ducti

338 782 445 840 suntin
464 780 537 854 boc,
559 787 590 837 nt
612 788 668 838 tam
689 778 776 838 multa
795 788 986 855 generarent:
1011 796 1064 838 nos
1089 779 1125 839 ad
1141 781 1332 858 quaerendum

338 882 394 923 non
416 882 452 923 eo
474 867 538 942 ipso
555 865 744 936 concitemur,
768 861 845 939 quod
869 871 949 921 certe
971 864 1076 922 scimus
1098 865 1255 924 invenisse
1279 881 1330 940 eos,

310 959 326 1013 6
340 951 386 1025 qui
403 943 608 1026 quaesierunt?
644 945 680 1006 Et
696 964 758 1004 cum
773 946 834 1021 illi,
857 948 905 1024 qui
919 946 1025 1005 nullum
1043 948 1214 1025 cuiusquam
1234 951 1280 1007 rei
1291 948 1330 1007 ha

337 1032 458 1091 buerunt
478 1033 656 1107 magistrum,
684 1031 805 1107 plurima
833 1030 861 1088 in
882 1039 1018 1107 posteros
1039 1031 1228 1092 tradiderint:
1259 1032 1331 1091 nobis

337 1134 405 1175 usus
423 1116 540 1175 aliarum
555 1132 649 1172 rerum
665 1114 699 1172 ad
716 1114 857 1173 eruendas
873 1115 944 1173 alias
959 1130 1016 1172 non
1033 1114 1180 1192 proderit,
1197 1116 1256 1175 sed
1274 1115 1331 1175 nibil

336 1199 503 1259 habebimus
518 1200 571 1257 nisi
583 1197 714 1257 beneficii
730 1194 835 1256 alieni?
861 1197 1103 1270 Quemadmodum
1114 1199 1234 1276 quidam
1248 1203 1330 1278 picto·

337 1303 385 1342 res
404 1286 432 1342 in
448 1282 477 1343 id
492 1282 584 1341 solnm
609 1282 738 1355 student,
760 1291 791 1340 ut
812 1281 980 1341 describere
1002 1281 1113 1341 tabulas
1134 1286 1285 1343 mensuris
1304 1300 1332 1341 ar

311 1368 422 1432 tlineis
440 1367 539 1425 sciant.
571 1364 667 1442 Turpe
683 1368 766 1424 etiam
781 1365 851 1424 iliud
867 1375 927 1440 est,
950 1374 1113 1425 contentum
1136 1383 1205 1425 esse
1221 1367 1253 1427 id
1273 1384 1331 1426 con·

338 1452 420 1529 sequi
438 1451 513 1527 quod
530 1451 657 1508 imiteris.
687 1448 758 1508 Nam
774 1467 873 1507 rursus
889 1449 956 1526 quid
972 1459 1034 1508 erat
1048 1448 1190 1525 futurum,
1211 1452 1240 1510 si
1256 1466 1332 1510 nemo

337 1537 402 1613 plns
425 1534 570 1593 effecisset
594 1551 629 1592 eo
651 1551 735 1610 quem
750 1531 946 1610 sequebatur?
985 1532 1062 1593 Nihil
1081 1535 1109 1592 in
1129 1535 1230 1610 poetis
1253 1552 1333 1612 supra

337 1619 443 1677 Livium
460 1617 662 1691 Andronicum,
681 1616 750 1675 nihil
762 1619 789 1675 in
802 1616 928 1676 historiis
940 1634 1027 1695 supra
1038 1616 1207 1677 Pontificum
1217 1618 1332 1678 annales

338 1702 522 1768 haberemus;
539 1700 645 1759 ratibus
659 1701 750 1759 adhuc
764 1701 962 1777 navigaretur;
978 1718 1034 1760 uon
1047 1709 1125 1759 esset
1140 1702 1270 1778 pictura,
1285 1702 1333 1761 nisi

339 1803 412 1862 quae
433 1784 524 1843 lineas
546 1784 630 1844 modo
654 1793 796 1845 extremas
812 1784 945 1860 umbrae,
966 1803 1049 1862 quam
1073 1801 1201 1862 corpora
1221 1787 1252 1845 in
1273 1785 1333 1844 sole

311 1869 494 1943 atectssem,
521 1868 781 1927 circumscriberet.
820 1867 865 1926 Ac
885 1870 909 1926 si
931 1871 1023 1928 omnia
1038 1885 1236 1946 percenseas:
1259 1869 1332 1929 nulla

338 1954 374 2011 sit
390 1970 446 2028 ars,
464 1951 554 2029 qualis
570 1953 683 2010 inventa
700 1961 761 2026 est,
784 1969 840 2010 nec
854 1953 926 2011 intra
943 1952 1050 2011 initium
1064 1954 1160 2019 stetit;
1183 1954 1240 2012 nisi
1262 1953 1333 2013 lorte

338 2045 434 2095 nostra
457 2037 634 2114 potissimum
660 2044 789 2112 tempora
811 2033 972 2094 damnamus
993 2035 1075 2095 buius
1093 2034 1288 2112 infelicitatis,
1307 2045 1334 2094 nt

338 2138 411 2179 nuuc
424 2119 534 2178 demum
542 2120 613 2178 >nihil
627 2128 749 2178 crescat.
776 2118 853 2177 Nihil
865 2128 959 2179 autem
972 2121 1077 2179 crescit
1089 2119 1153 2178 sola
1166 2121 1331 2180 imitatione.

311 2204 450 2277 9Quodsi
467 2204 608 2280 prioribus
624 2205 749 2262 adiicere
765 2203 808 2261 ias
824 2211 952 2262 nonest:
970 2201 1113 2281 quormdo
1129 2221 1256 2281 sperare
1272 2221 1333 2283 pos·

339 2306 434 2346 sumus
452 2287 531 2346 illum
546 2297 689 2346 oratorem
704 2283 885 2365 perlectum?
906 2305 968 2346 cum
980 2288 1007 2345 in
1022 2287 1080 2361 his,
1104 2303 1178 2364 quos
1197 2290 1333 2347 maximos

338 2372 429 2431 adhuc
446 2373 585 2446 novimus,
608 2388 691 2429 nemo
707 2372 744 2429 sit
758 2372 899 2446 inventus,
918 2371 946 2429 in
964 2388 1020 2448 quo
1035 2370 1104 2430 nibil
1121 2378 1172 2429 aut
1187 2371 1333 2432 desidere·

338 2465 383 2514 tur
405 2464 452 2513 aut
468 2456 703 2533 reprehendatur.
744 2452 803 2513 Sed
825 2455 909 2512 etiam
927 2457 974 2531 qui
990 2472 1095 2513 summa
1110 2470 1169 2513 non
1184 2463 1333 2532 appetent,

298 2539 511 2601 locontendere
528 2542 621 2616 potius
640 2556 723 2617 quam
739 2539 820 2615 sequi
837 2537 952 2597 debent.
984 2537 1054 2597 Nam
1070 2538 1118 2615 qui
1133 2540 1196 2614 agit
1211 2546 1244 2621 ut
1259 2541 1334 2617 prior

338 2624 384 2695 sit,
402 2622 530 2697 forsitan,
554 2624 663 2682 etiamsi
682 2640 739 2680 non
753 2623 907 2696 transierit,
929 2621 1071 2698 aequabit.
1105 2619 1180 2680 Eum
1193 2639 1270 2680 uero
1289 2640 1333 2680 ne·

337 2723 383 2763 mo
406 2713 502 2782 potest
523 2724 665 2784 aequare,
693 2707 771 2765 cuius
799 2707 930 2781 vestigiis
955 2705 1009 2764 sibi
1029 2706 1126 2780 ntique
1148 2705 1334 2765 insistendum

339 2798 428 2866 putat.
460 2788 591 2848 Necesse
608 2800 651 2848 est
667 2791 756 2863 euim,
782 2807 897 2867 semper
911 2790 947 2847 sit
962 2790 1107 2867 posterior
1123 2790 1173 2866 qui
1195 2792 1332 2867 sequitur.

338 2872 420 2931 nude
439 2873 515 2950 quod
535 2872 703 2951 plerumque
728 2872 840 2931 facilius
861 2882 906 2931 est
929 2872 993 2950 plus
1017 2871 1115 2931 lacere
1141 2889 1228 2949 quam
1251 2873 1333 2932 idem.

339 2956 455 3015 Tantam
468 2958 540 3014 enim
557 2957 751 3015 difficultatem
766 2955 853 3016 habet
865 2956 1027 3030 similitudo,
1043 2965 1074 3014 ut
1088 2973 1123 3014 ne
1139 2955 1204 3032 ipsa
1222 2957 1335 3033 quidem

337 3050 436 3100 natura
450 3043 476 3099 in
489 3039 545 3099 hoe
562 3042 600 3099 ita
615 3040 764 3115 evaluerit,
781 3049 877 3098 utnon
889 3057 937 3098 res
948 3039 1187 3116 simplicissimae,
1204 3056 1335 3118 quaeque

338 3142 423 3200 pares
439 3127 560 3183 maxime
577 3125 740 3198 videantur,
764 3125 862 3200 utique
878 3124 1039 3183 discrimine
1054 3123 1150 3201 aliquo
1170 3123 1335 3183 discernan-

297 3218 328 3268 ll
338 3216 390 3265 tur.
421 3208 505 3267 Adde
520 3209 607 3286 quod,
625 3207 759 3286 quidquid
772 3208 855 3268 alteri
865 3207 957 3267 simile
973 3216 1027 3282 est,
1043 3224 1167 3265 necesse
1184 3214 1230 3270 est
1247 3209 1335 3266 minus

339 3291 375 3348 sit
393 3309 445 3365 eo,
470 3294 545 3369 quod
566 3295 704 3367 imitatur,
724 3300 755 3349 nt
774 3291 872 3351 umbra
896 3308 1021 3368 corpore
1044 3299 1074 3348 et
1093 3291 1189 3365 imago
1210 3290 1290 3352 laoie
1310 3297 1336 3349 et

338 3383 418 3431 actus
434 3375 601 3434 histrionum
616 3377 693 3434 veris
706 3373 866 3433 affectibus.
894 3373 978 3448 Quod
989 3376 1016 3432 in
1027 3374 1206 3433 orationibus
1218 3392 1335 3453 quoquc

339 3461 443 3516 evenit.
476 3458 605 3537 Namque
627 3461 684 3533 eis,
706 3477 778 3536 quae
801 3459 829 3516 in
852 3458 1013 3534 exemplum
1028 3459 1214 3532 assumimus,
1237 3459 1337 3518 subest

338 3550 436 3600 natura
452 3551 480 3598 et
501 3561 568 3600 vera
584 3544 641 3608 vis;
666 3552 764 3613 contra
782 3543 872 3599 omnis
887 3543 1005 3600 imitatio
1022 3542 1087 3600 licta
1103 3550 1148 3600 est
1169 3549 1200 3600 et
1215 3542 1253 3601 ad
1270 3543 1336 3602 alic·

300 3635 402 3686 ltnum
417 3626 596 3702 propositum
613 3626 853 3684 accommodatur.
892 3624 976 3697 Quod
998 3624 1085 3699 lacit,
1107 3633 1138 3683 ut
1158 3626 1255 3684 minus
1274 3644 1336 3685 san·

339 3709 432 3785 guinis
449 3727 483 3767 ae
498 3710 598 3767 virium
614 3709 837 3769 declamationes
848 3707 972 3769 babeant
984 3726 1067 3786 quam
1078 3709 1243 3778 orationem
1261 3708 1336 3789 qnod
