3184 4409
331 473 352 533 4
646 484 683 532 Μ.
696 482 774 533 FAB.
786 481 1005 544 Qummlam

332 647 387 713 est,
404 656 459 715 qua
475 638 608 697 iudicium
623 638 660 696 sit
676 639 866 698 constitutum.
903 635 975 698 Nam
996 637 1136 718 quaedam
1159 639 1188 696 in
1208 637 1317 698 schole·

331 723 412 801 sticis
428 732 569 799 ponuntur
593 722 628 781 ad
645 722 872 798 coniungendam
890 724 976 783 modo
996 724 1135 783 actae'rei
1153 722 1277 799 seriem,
1292 731 1319 781 ut

331 814 416 883 puta:
432 803 611 884 dopositum
633 807 684 882 qui
705 808 871 884 opnooern‘t,
893 809 997 868 solutes
1016 806 1169 868 alimentis
1182 807 1319 884 recipiet

330 887 432 948 Minoo
453 891 533 950 dioto
548 891 721 950 audientem
745 891 841 967 fitium
869 890 960 951 dcent
978 891 1138 951 abdicare.
1180 887 1244 961 Qut
1269 907 1319 951 ec·

327 974 456 1050 positum
470 974 594 1052 recepit,
615 975 745 1050 imperat
762 976 791 1033 ei
806 975 929 1051 nuptos
943 974 1100 1052 locupletis
1112 975 1304 1052 propinquae
1308 994 1320 1040 ‚·

288 1058 378 1124 loide
398 1058 513 1118 docere
530 1058 593 1117 cult
607 1057 703 1134 fidiam
723 1059 873 1135 pauperis
895 1058 1079 1119 educatoris.
1100 1060 1102 1064 ‘
1133 1055 1195 1115 Lex
1221 1056 1259 1115 de
1275 1074 1320 1115 en·

330 1142 432 1219 positis
453 1142 488 1201 ad
511 1141 644 1200 affectum
659 1143 796 1219 pertinet;
818 1141 951 1200 iudicium
971 1141 1078 1220 pendet
1103 1159 1141 1199 ex
1160 1140 1230 1216 lege
1246 1139 1320 1200 abdi·

331 1226 460 1283 cationis.
490 1223 553 1283 Nec
567 1232 661 1283 tamen
676 1242 791 1302 semper
811 1242 848 1282 ex
864 1243 918 1284 una
934 1225 1001 1301 iege
1019 1226 1149 1303 quaestio
1166 1232 1227 1300 est,
1251 1232 1283 1282 ut
1296 1225 1321 1282 in

330 1299 490 1383 ἆντινομία.
521 1307 571 1366 His
587 1309 724 1385 spectatis
740 1307 901 1385 apparebit,
918 1310 995 1368 circa
1010 1327 1084 1386 quae
1099 1325 1194 1385 pugne
1209 1308 1258 1366 sit.

289 1405 322 1458 16
412 1389 569 1451 Coniuncta
585 1391 715 1451 defensio
732 1400 786 1466 est,
805 1391 896 1470 qualis
911 1409 965 1469 pro
982 1391 1116 1451 Rabirio:
1138 1390 1175 1451 st
1190 1391 1319 1452 occidio-

329 1480 385 1552 oet,
405 1485 488 1537 recte
505 1477 647 1554 [edocete
666 1476 723 1536 sod
742 1495 803 1536 noo
816 1475 936 1540 occidit.
976 1473 1031 1535 Ubi
1051 1492 1123 1534 vero
1144 1473 1233 1533 multa
1257 1491 1321 1534 con·

329 1567 475 1619 treunam
503 1560 731 1636 propositionem
757 1560 890 1619 dicimus:
918 1560 1101 1636 cogitandum
1127 1566 1171 1616 est
1191 1558 1323 1635 primurn,

331 1642 466 1720 quidquid
481 1643 537 1702 dici
560 1650 670 1718 potest;
692 1651 749 1701 tum
771 1653 809 1701 ex
824 1643 878 1718 his,
900 1660 956 1720 quo
973 1643 1097 1722 quidque
1115 1642 1183 1701 loco
1201 1641 1259 1701 dici
1275 1659 1323 1700 ex·

329 1725 436 1803 pediat,
454 1725 665 1784 aestimandum.
702 1726 734 1785 In
750 1744 806 1804 quo
822 1743 879 1784 uon
893 1728 969 1786 idem
986 1728 1096 1801 sentio,
1113 1726 1190 1803 quod
1205 1720 1242 1784 de
1258 1740 1323 1804 pro·

330 1809 519 1887 positionibus
537 1809 622 1886 paulo
640 1819 715 1885 unte,
732 1810 868 1888 quodque
884 1810 920 1871 de
936 1811 1108 1887 argumentis
1125 1807 1324 1887 probationum

331 1891 399 1950 loco
417 1895 566 1969 concessi,
593 1910 682 1970 posse
710 1894 864 1972 aliquando
890 1911 944 1953 nos
965 1895 1093 1972 incipere
1109 1911 1125 1952 a
1141 1892 1322 1950 firmioribus.

286 1975 464 2037 17Namvis
487 1979 684 2055 quaestionum
705 1995 896 2055 percrescere
917 1977 1004 2037 debet
1026 1987 1055 2036 et
1076 1977 1111 2036 ad
1126 1977 1324 2054 potentissima

331 2059 365 2118 ab
391 2060 586 2120 infirmissimis
607 2064 778 2139 pervenire,
800 2063 862 2120 siue
886 2071 955 2127 suut⁴
971 2062 1098 2123 eiusdem
1122 2061 1240 2136 generis
1264 2061 1324 2118 sive

285 2154 319 2206 18
330 2143 447 2203 divorsi.
481 2144 552 2203 luris
569 2154 663 2205 autem
679 2147 863 2223 quaestiones
878 2145 974 2204 solent
990 2163 1057 2204 esse
1073 2161 1275 2220 nonuunquam
1290 2159 1325 2202 ex

331 2226 395 2285 aliis
411 2238 498 2307 atque
521 2229 583 2288 aliis
600 2229 845 2305 condictionibus,
869 2229 937 2303 iacti
953 2247 1069 2307 semper
1083 2227 1158 2286 idem
1174 2233 1323 2304 spectaut;

329 2314 358 2369 in
374 2321 497 2389 utroque
512 2331 622 2389 genere
638 2313 737 2372 similis
754 2312 825 2372 ordo
844 2322 897 2372 est.
943 2312 1001 2372 Sed
1021 2314 1100 2390 prius
1123 2312 1159 2370 de
1183 2309 1324 2368 dissimili·

329 2393 393 2470 bus,
417 2415 454 2455 ex
471 2397 572 2472 quibus
593 2397 811 2456 infirmissimum
831 2397 955 2475 quidque
972 2397 1092 2474 primum
1106 2394 1223 2478 tractari
1239 2409 1325 2471 opor·

329 2486 386 2552 tet,
410 2481 475 2538 ideo
493 2480 569 2557 quod
584 2481 720 2557 quasdam
738 2482 922 2557 quaestiones
940 2480 1055 2538 executi
1076 2479 1183 2537 donare
1199 2477 1326 2536 solemus

331 2570 359 2619 et
381 2563 560 2630 concedere;
590 2581 685 2640 neque
708 2565 782 2622 enim
802 2565 924 2622 transire
945 2565 981 2623 ad
1002 2563 1073 2621 elias
1095 2578 1250 2640 possumus
1273 2559 1325 2616 nisi

289 2662 322 2715 19
330 2646 443 2704 omissis
460 2647 612 2724 prioribus.
662 2646 745 2720 Quod
763 2649 855 2724 ipsum
870 2649 909 2706 ita
926 2647 988 2706 fieri
1004 2654 1136 2724 oportet,
1161 2660 1219 2701 nou
1233 2651 1265 2702 ut
1279 2641 1326 2700 da·

329 2747 443 2788 mnasse
462 2748 512 2788 eas
528 2731 677 2789 videantur
692 2731 744 2790 sed
760 2732 903 2805 omisisse,
920 2732 986 2809 quia
1004 2730 1147 2807 possimus
1163 2729 1251 2786 etiam
1266 2726 1328 2784 sine

330 2815 373 2871 eis
393 2816 521 2872 vincere.
567 2812 755 2875 Procurator
777 2816 909 2876 alicuius
933 2815 1094 2893 pecuniam
1117 2813 1193 2890 petit
1218 2828 1260 2871 eor
1281 2809 1327 2888 fe·

328 2915 404 2958 nore
425 2899 631 2958 hereditario:
658 2907 756 2976 potest
780 2899 907 2958 incidere
929 2898 1076 2975 quaestio,
1098 2894 1148 2956 An
1169 2895 1241 2955 doio
1263 2911 1329 2955 esse

286 2998 322 3051 20
328 2991 563 3058 procuratorem
586 2983 700 3043 diceet?
745 2979 837 3058 Finge
865 2999 935 3056 nos,
962 2990 1115 3058 postquem
1142 2979 1328 3037 tractavimus

332 3083 404 3141 eam,
420 3068 567 3126 remittere
584 3064 633 3124 vel
649 3067 733 3125 etiam
747 3067 896 3125 convinci:
919 3073 1090 3143 quaeretur,
1113 3059 1161 3121 An
1184 3064 1223 3136 oi,
1243 3063 1330 3121 cuius

244 3204 246 3208 .
330 3152 448 3211 nomine
463 3153 615 3229 litiqctnr,
633 3159 867 3228 procuratorem
881 3150 1015 3210 inderedi
1035 3149 1075 3208 sit
1090 3148 1159 3206 tus?
1189 3144 1329 3205 Disceda-

329 3250 391 3290 mus
409 3234 474 3294 hino
490 3252 625 3312 quoque:
642 3235 745 3312 recipit
755 3235 875 3294 materia
886 3234 1094 3311 quaestionem,
1106 3227 1154 3288 An
1164 3230 1225 3303 tlte,
1242 3230 1331 3288 cuius

329 3320 449 3378 contine
471 3321 590 3396 opiter,
611 3319 700 3379 ireres
718 3319 756 3378 etr
780 3318 986 3396 feneratoris?
1008 3334 1050 3376 on
1073 3333 1113 3374 ec
1131 3332 1201 3374 usse
1220 3311 1331 3372 teresi

289 3399 409 3470 21Haec
438 3414 731 3479 quoque'concessa
761 3403 832 3460 sint:
865 3409 1035 3478 quaeretur,
1067 3395 1115 3457 An
1155 3395 1329 3456 debeatur?

333 3481 440 3543 Contra
462 3502 546 3543 nemo
570 3495 626 3544 tam
648 3488 765 3546 demens
788 3484 892 3559 inerit,
914 3493 945 3543 ut
966 3484 1013 3558 id,
1041 3482 1118 3559 quod
1142 3480 1332 3539 firmissimum

332 3567 447 3627 duxerit
470 3587 503 3627 se
527 3568 651 3644 habere,
673 3570 797 3628 remittat
813 3577 841 3626 et
857 3569 892 3628 ad
909 3569 1021 3627 leviora
1037 3563 1231 3625 transcendat.
1258 3562 1332 3622 Huic

332 3651 361 3709 in
382 3650 483 3711 schola
507 3653 600 3712 simile
624 3662 677 3711 est:
703 3650 771 3713 Non
784 3653 955 3714 ,abdicabis
975 3652 1153 3728 adoptatum
1160 3671 1174 3719 ‚·
1198 3656 1232 3709 ut
1252 3648 1332 3708 dunc

288 3751 468 3888 Quo:
496 3755 557 3816 non
571 3739 670 3800 otram
682 3737 811 3816 fortem
832 3745 864 3798 ut
884 3743 912 3797 et
928 3736 1055 3815 fortem:
1080 3751 1140 3794 nou
1160 3733 1334 3811 quicunque
