3184 4409
396 464 455 527 158
480 491 482 515 2
694 473 731 526 na'
752 477 830 525 san.
853 474 1072 537 oumummnn

392 650 457 697 non·
470 631 610 709 intelligi:
627 650 726 692 uerum
744 632 809 710 quia
832 628 906 688 istud
922 647 980 688 non
994 629 1170 706 negligentia
1192 631 1294 698 iudicis
1312 651 1352 692 co:

351 717 476 792 attingit
488 715 543 779 sed
557 734 667 776 errore.
699 715 777 774 Dixit
793 716 867 774 enim
882 712 1063 772 adversarius
1079 723 1108 772 ct
1119 713 1244 773 fortasse
1260 734 1349 792 persa

392 801 443 867 sit;
464 799 548 857 nobis
571 816 643 880 opus
665 807 710 858 est
731 800 792 858 eius
815 798 928 856 diversa
944 797 1094 874 opinione,
1118 815 1192 874 quae
1207 802 1308 858 mutari
1323 819 1352 860 nr

392 891 507 959 potest,
531 883 585 941 nisi
606 883 688 945 illum
703 882 857 941 fecerimus
873 879 908 939 ad
926 897 960 938 ea
971 898 1050 956 quae
1066 880 1193 939 dicemus
1210 882 1334 942 docilem

393 967 537 1025 intentum.
575 964 649 1038 Quid
666 981 740 1042 ergo
754 961 819 1023 est?
849 963 1040 1023 Imminuenda
1056 964 1195 1041 quaedam
1214 975 1242 1024 et
1258 966 1352 1026 levant

393 1059 421 1108 et
442 1050 523 1126 quasi
546 1049 755 1108 contemnenda
778 1065 862 1123 esse,
885 1047 1052 1121 consentio,
1075 1047 1110 1106 ad
1127 1049 1323 1109 remittendam
1340 1053 1352 1109 i·

392 1134 547 1191 tentionem
571 1133 687 1206 iudicis,
718 1149 801 1208 quam
815 1130 989 1198 ¹aduersario
1010 1138 1154 1207 praestat,
1184 1139 1215 1190 ut
1234 1133 1305 1192 feeit
1326 1153 1352 1211 pr

351 1216 504 1292 39Ligario
523 1213 637 1274 Cicero.
683 1213 757 1287 Quid
779 1215 854 1273 enim
878 1213 983 1291 agebat
998 1214 1075 1273 aliud
1097 1215 1187 1274 ironia
1208 1215 1272 1290 illa,
1296 1235 1352 1294 qua

393 1309 422 1358 ut
444 1297 553 1359 Caesar
575 1300 665 1357 minus
685 1300 714 1356 in
740 1308 801 1357 rein
826 1306 960 1377 tanquam
985 1313 1041 1358 non
1071 1313 1173 1356 novam
1198 1300 1348 1359 intendere

393 1382 467 1455 Quid
481 1400 534 1459 pro
547 1379 658 1456 Caelio,
677 1399 760 1460 quarn
776 1390 806 1440 ut
822 1399 870 1439 res
887 1382 1091 1458 expectatione
1105 1382 1197 1439 minor
1211 1382 1352 1442 videretur

473 1465 580 1524 Verum
599 1484 635 1524 ex
652 1465 712 1539 his,
730 1482 805 1542 quae
821 1465 1039 1543 proposuimus,
1060 1464 1137 1526 aliud
1151 1466 1179 1523 in
1194 1465 1250 1524 alio
1269 1484 1348 1542 gene

351 1559 499 1612 locausae
515 1549 673 1613 desiderari
688 1548 781 1627 palam
797 1555 852 1607 est.
891 1546 1033 1607 Genera
1050 1564 1138 1626 porro
1154 1566 1303 1610 causarum
1319 1551 1351 1628 pl

393 1634 454 1691 rimi
471 1633 594 1709 quinque
607 1632 747 1706 iecerunt,
760 1631 921 1706 honestum,
937 1631 1053 1704 humile,
1070 1631 1246 1692 dubiumrel
1261 1651 1352 1712 aucep

393 1715 567 1790 admirabile,
584 1715 751 1775 obscurum:
767 1715 795 1775 id
811 1724 857 1775 est
871 1714 999 1791 ἔνδοξον,
1013 1708 1128 1791 ἄδοξον,
1141 1708 1313 1792 ἀμφίδοξον,
1326 1740 1352 1779 n

393 1794 525 1878 ράδοξον,
542 1793 867 1878 δυσπαρακολούθητον.
894 1798 1067 1872 Quibusdam
1078 1807 1160 1857 recte
1171 1799 1283 1858 videtur
1297 1802 1352 1860 adii

351 1893 382 1945 41
391 1892 484 1960 turpe,
501 1883 578 1960 quod
597 1884 643 1943 alii
658 1882 764 1956 humili,
784 1883 833 1942 alii
849 1881 1007 1941 admirabili
1018 1881 1179 1941 subiiciunt.
1202 1882 1352 1952 Admirabi

392 1975 485 2026 autem
498 1975 620 2042 vocant,
635 1968 711 2045 quod
728 1973 772 2024 est
783 1974 900 2043 praeter
912 1966 1076 2043 opinionem
1088 1966 1228 2026 hominum
1244 1971 1351 2026 constit

392 2059 459 2109 tum.
489 2049 521 2109 ln
536 2051 651 2128 ancipiti
663 2051 784 2110 maxime
795 2049 959 2109 benivolum
970 2050 1103 2123 iudicem,
1121 2051 1149 2107 in
1161 2049 1285 2109 obscuro
1302 2051 1352 2110 dor

392 2133 458 2209 lem,
475 2135 503 2193 in
518 2134 614 2193 humili
630 2142 767 2194 attentum
778 2151 882 2211 parare
897 2132 1043 2192 debemus.
1071 2131 1142 2192 Nam
1156 2130 1307 2193 honestum
1322 2155 1351 2214 qr

392 2218 457 2276 dem
474 2219 508 2278 ad
527 2218 756 2278 conciliationem
772 2217 842 2276 satis
858 2235 911 2294 per
927 2235 961 2276 se
976 2216 1071 2291 valet,
1087 2216 1244 2276 admirabili
1261 2228 1289 2276 et
1306 2228 1352 2277 tur

350 2309 383 2362 ta
394 2302 527 2361 remediis
541 2319 613 2379 opus
629 2311 682 2361 est.
708 2300 752 2360 Eo
766 2300 879 2380 quidam
891 2300 1037 2361 exordium
1049 2301 1077 2358 in
1091 2299 1161 2360 duas
1176 2300 1302 2360 dividunt
1317 2320 1352 2378 pa

392 2393 448 2458 tes,
467 2387 652 2462 principium
668 2394 696 2445 et
711 2387 956 2459 insinuationem,
978 2392 1009 2442 ut
1028 2386 1065 2444 sit
1084 2384 1113 2442 in
1133 2384 1280 2461 principiis
1300 2403 1352 2443 rec

392 2468 603 2527 benivolentiae
625 2478 653 2527 et
674 2469 838 2528 attentionis
868 2468 1041 2546 postulatio,
1068 2484 1143 2545 quae
1168 2485 1235 2526 esse
1257 2469 1286 2526 in
1306 2477 1350 2527 tur

393 2569 497 2609 causae
518 2569 628 2626 genere
649 2569 705 2610 non
725 2553 834 2631 possit;
857 2552 1009 2611 insinuatio
1035 2560 1168 2629 surrepat
1187 2551 1303 2626 animis,
1323 2570 1350 2610 m

391 2636 467 2692 xime
492 2633 539 2692 ubi
560 2635 639 2693 frons
666 2653 771 2695 causae
792 2652 850 2694 non
866 2635 1073 2709 ratisbonense
1090 2644 1150 2710 est,
1171 2633 1219 2693 vel
1243 2636 1308 2712 quia
1332 2654 1352 2692 r·

392 2720 427 2776 sit
444 2718 571 2795 improba
587 2718 716 2796 vel'quia
732 2717 892 2778 hominibus
912 2737 1011 2797 parum
1026 2717 1180 2796 probetur:
1201 2727 1248 2777 aut
1265 2718 1352 2776 silae

392 2817 507 2879 quoque
530 2804 593 2880 ipsa
616 2804 753 2881 premitur
777 2801 825 2863 vel
847 2802 987 2862 invidiosa
1012 2803 1194 2861 consistentis
1211 2819 1248 2859 ex
1264 2803 1352 2860 diver:

349 2885 506 2961 43patroni
528 2895 575 2945 aut
600 2888 689 2965 patris
711 2886 760 2946 vel
774 2883 932 2947 miserabili
952 2887 1046 2960 senis,
1071 2885 1168 2959 caeci,
1189 2885 1315 2943 infantis.
1346 2883 1352 2942 l

391 2968 505 3046 quidem
527 2969 629 3047 quibus
653 2970 791 3029 adversus
813 2969 887 3028 haec
901 2969 992 3028 modis
1014 2970 1050 3028 sit
1068 2968 1252 3040 medendum,
1275 2968 1348 3026 verb

391 3054 449 3110 sius
464 3053 577 3113 tradunt
591 3055 784 3131 materiasque
800 3052 854 3113 sibi
870 3053 925 3130 ipsi
945 3053 1053 3129 lingunt
1071 3061 1100 3110 et
1117 3052 1152 3111 ad
1166 3068 1275 3110 morem
1292 3053 1349 3110 acti

390 3155 455 3195 num
470 3147 694 3215 prosequuntur;
710 3138 762 3197 sed
776 3136 842 3211 hae,
861 3153 924 3194 curn
939 3138 1065 3202 oriantur
1080 3155 1118 3195 ex
1134 3136 1243 3207 causis,
1263 3152 1352 3212 quaru

390 3222 505 3297 speeies
524 3222 663 3299 consequi
679 3237 776 3280 omues
788 3237 846 3280 non
861 3236 1024 3298 possumus,
1042 3220 1095 3278 nisi
1110 3217 1288 3296 generaliter
1305 3235 1352 3277 cor

347 3304 611 3381 adprehenduntur,
629 3307 658 3364 in
680 3305 816 3364 inlinitum
831 3310 896 3362 sunt
913 3303 1116 3362 extrahendae.
1149 3301 1244 3375 Quare
1260 3302 1352 3377 singul

391 3388 539 3446 consilium
562 3408 599 3448 ex
619 3389 737 3467 propria
760 3389 872 3446 ratione
892 3395 1036 3446 nascetur.
1073 3385 1147 3446 Illud
1171 3387 1198 3444 in
1218 3386 1352 3443 universu

390 3474 607 3548 praeceperim,
623 3481 653 3531 ut
668 3471 703 3531 ab
719 3472 778 3546 his,
796 3488 870 3548 quae
888 3469 1024 3536 laedunt,
1041 3470 1076 3529 ad
1092 3487 1142 3544 ea,
1159 3487 1233 3546 quae
1249 3486 1352 3547 prosur

390 3554 574 3630 refugiamus,
617 3557 647 3614 Si
678 3573 764 3614 causa
786 3552 996 3629 laborabimus,
1019 3571 1144 3631 persona
1168 3553 1334 3618 subveniat;

390 3645 532 3715 persona,
550 3657 650 3706 causa;
667 3640 691 3697 si
707 3638 792 3713 nihil,
809 3637 886 3716 quod
902 3650 955 3695 nos
971 3638 1100 3712 adiuvet,
1118 3637 1182 3712 erit,
1198 3652 1351 3713 quaeramu

390 3722 456 3797 quid
476 3723 669 3782 adversarium
692 3721 803 3791 laedat;
823 3737 888 3781 nam
910 3729 940 3780 ut
958 3719 1086 3799 optabile
1102 3728 1162 3796 est,
1183 3719 1249 3799 plus
1272 3719 1352 3778 lavor
