3184 4409
551 508 639 556 rusa.
660 504 808 557 onhrou.
822 510 891 556 urs.
903 510 936 571 x,
956 509 979 558 1.
1207 498 1266 558 157

262 661 429 739 Aristarchi
451 663 556 725 iudicio
578 662 768 740 scriptoribus
789 662 988 722 iamborum
1009 664 1054 736 ad¹
1068 661 1127 736 ἕξιν
1146 665 1268 725 maxime

262 744 424 828 pertinebit
437 765 515 805 unus·
531 747 793 813 Archilochus.
827 737 940 806 Sumr'na
957 748 984 803 in
998 746 1055 804 hoc
1069 745 1114 804 vii
1126 747 1267 808 elocutio·
1278 760 1312 814 6⁰

262 834 322 906 nis,
348 849 411 890 cum
425 831 539 890 validae
561 839 618 889 tun
634 830 739 889 breves
754 829 960 907 vibrantesque
978 833 1154 905 sententiae,
1179 833 1267 909 pluri·

262 933 342 974 mum
356 916 502 989 sanguinis
521 924 605 990 atque
623 931 786 982 nervorum,
804 915 877 973 adeo
895 925 925 973 ut
940 913 1071 972 videatur
1087 914 1264 994 quibusdam,

264 998 345 1076 quod
367 1015 508 1076 quoquam
526 1001 617 1057 minor
633 997 679 1058 est'
689 1043 698 1072 ,
722 1000 859 1057 materiae
880 1017 946 1056 esse
963 1015 1019 1055 non
1035 999 1141 1072 ingenii
1156 1001 1293 1058 vitium*

262 1081 380 1142 Novem
400 1099 471 1140 vero
488 1081 698 1156 Lyricorum
714 1082 802 1157 longe
825 1081 1002 1141 Pindarus
1023 1085 1160 1159 princeps
1183 1085 1306 1160 spiri-61

263 1176 313 1226 tus
328 1167 548 1242 magnificentia,
564 1167 724 1240 sententiis,
741 1166 854 1240 liguris,
873 1165 1037 1224 beatissima
1052 1183 1147 1223 rerum
1161 1166 1266 1244 verbo·

263 1267 387 1328 rumque
409 1253 494 1328 copia
514 1259 543 1308 et
557 1250 636 1308 velut
652 1250 775 1328 quodam
792 1250 976 1326 eloquentiae
992 1249 1122 1314 flumine;
1146 1259 1267 1327 propter

264 1352 342 1413 quae
357 1332 491 1393 Horatius
515 1352 578 1393 eum
595 1336 697 1392 merito
721 1334 841 1392 credidit
861 1335 965 1392 nemini
983 1332 1158 1392 imitabilem.
1188 1335 1308 1395 ste-62

264 1417 437 1476 siohorus
453 1435 536 1495 quarn
554 1419 590 1477 sit
605 1419 721 1494 ingenio
735 1417 862 1492 validus,
884 1418 1020 1475 materiae
1036 1434 1151 1493 quoque
1169 1426 1265 1477 osten·
1305 1430 1307 1432 ·

263 1502 351 1576 dunt,
373 1504 494 1561 maxima
513 1500 592 1560 bella
613 1511 641 1560 et
664 1501 840 1560 clarissimos
863 1509 1012 1559 canentem
1038 1502 1126 1561 duces
1146 1511 1175 1560 et
1189 1503 1264 1579 epici

265 1586 400 1645 carminis
420 1603 508 1644 onera
531 1585 602 1660 lyra·
619 1586 814 1643 sustinentem.
859 1584 964 1643 Reddit
989 1586 1062 1643 enim
1083 1586 1216 1662 personis
1236 1587 1287 1646 in·

264 1669 380 1745 agendo
396 1670 478 1729 simul
498 1669 702 1746 loquendoque
720 1667 844 1727 debitam
860 1669 1041 1745 dignitatem,
1066 1686 1100 1726 ac
1119 1671 1143 1726 si
1153 1671 1264 1746 tenuis·

266 1762 314 1811 set
328 1742 458 1828 modum,
479 1752 593 1811 videtur
614 1750 750 1811 aemulari
775 1754 922 1830 proximus
945 1750 1098 1810 Homerum
1118 1743 1263 1830 phtuisse3

266 1835 321 1894 sed
335 1827 475 1896 redundat
490 1846 576 1915 atque
593 1827 761 1910 effunditur,
785 1836 861 1912 quod
881 1845 911 1894 ut
928 1846 972 1894 est
987 1832 1264 1913 reprehendendum,

265 1920 306 1978 ita
323 1922 425 1997 copiae
440 1922 537 1979 vitium
553 1929 607 1978 est.
649 1919 811 1979 Alcaeus
831 1920 857 1977 in
875 1930 957 1997 parte
973 1921 1071 1997 operis
1087 1938 1182 1981 coreo
1195 1922 1261 1998 pte·
1272 1931 1307 1984 63

266 2011 334 2065 otro
349 2005 451 2064 merito
468 2004 606 2080 donatur,
629 2021 685 2081 qua
707 2011 844 2078 tyrannos
864 2005 1022 2062 insectatus
1042 2002 1160 2062 multum
1181 2006 1265 2064 etiam

266 2087 394 2146 moribus
411 2088 538 2156 confert;
560 2088 588 2145 in
609 2088 774 2164 eloquendo
796 2103 912 2165 quoque
934 2087 1031 2146 brevis
1055 2095 1084 2145 et
1098 2088 1265 2163 magnificus

266 2179 297 2229 et
318 2170 441 2248 diligens
465 2181 493 2231 et
513 2172 682 2250 plerumque
706 2173 814 2230 oratori
835 2171 948 2239 similis;
973 2171 1024 2229 sed
1046 2179 1074 2228 et
1096 2169 1163 2229 lusit
1186 2181 1214 2229 et
1237 2173 1265 2230 in

264 2270 379 2314 amores
401 2255 566 2330 descendit,
589 2255 744 2314 maioribus
767 2264 862 2314 tamen
890 2256 1008 2332 aptior.·
1040 2254 1308 2329 Simonides,64

264 2338 359 2397 tenuis
376 2339 499 2416 alioqui,
523 2355 657 2398 sermone
680 2341 799 2416 proprio
818 2348 846 2397 et
860 2339 1034 2413 iucunditate
1051 2337 1171 2414 quadam
1187 2355 1263 2397 com-

264 2422 394 2481 mendari
411 2431 522 2501 potest;
547 2424 704 2501 praecipua
719 2431 814 2481 tamen
832 2425 893 2481 eius
908 2425 936 2480 in
953 2421 1158 2481 commovenda
1179 2417 1263 2482 mise·

264 2506 378 2565 ratione
404 2508 508 2581 virtus,
535 2516 565 2566 ut
591 2506 703 2584 quidam
730 2507 758 2565 in
777 2506 832 2565 hac
856 2524 920 2565 eum
943 2515 1025 2584 parte
1048 2505 1179 2564 omnibus
1202 2507 1264 2565 eius

265 2591 366 2668 operis
381 2590 546 2649 auctoribus
562 2590 735 2669 praeierant.

350 2672 510 2751 Antiqua
544 2673 732 2734 comoedia
763 2691 827 2732 curn
853 2675 994 2732 sinceram
1019 2673 1098 2732 illam
1123 2674 1306 2737 sermonis65

264 2757 355 2815 Attici
369 2759 487 2833 gratiam
500 2775 592 2836 prope
604 2757 668 2816 sola
680 2759 793 2832 retinet,
810 2767 868 2817 turn
880 2757 1100 2817 facundissimae
1112 2757 1263 2831 libertatis,

268 2841 323 2900 etsi
346 2851 391 2900 est
411 2841 584 2904 insectandis
602 2843 678 2901 vitiis
693 2843 865 2919 praecipua,
887 2841 1037 2920 plurimum
1055 2851 1148 2900 tamen
1164 2843 1265 2899 virium

268 2925 353 2982 etiarn
367 2926 396 2982 in
412 2927 518 2984 ceteris
532 2925 660 3004 partibus
681 2924 777 2984 habet.
816 2923 889 2985 Nam
909 2934 938 2984 et
959 2926 1074 3001 grandis
1095 2934 1123 2983 et
1145 2924 1265 2999 elegans
1311 2929 1314 2934 '

267 3015 297 3066 et
314 3017 449 3084 venusta,
471 3018 500 3068 et
523 3012 624 3070 nescio
643 3027 679 3068 an
697 3009 771 3084 ulla,
796 3018 864 3087 post
880 3008 1033 3068 Homerum
1049 3018 1157 3082 tamen,
1180 3024 1265 3084 quem

264 3101 296 3151 ut
311 3091 455 3152 Achillem
470 3111 587 3172 semper
602 3094 697 3170 excipi
714 3111 767 3171 par
783 3087 839 3167 est,
856 3103 903 3152 aut
918 3091 1037 3151 similior
1052 3093 1088 3150 sit
1104 3088 1265 3150 oratoribus

265 3185 314 3235 aut
340 3175 376 3236 ad
403 3185 535 3236 oratores
563 3173 712 3237 iaciendos
742 3179 846 3253 aptior.
896 3175 996 3237 Plures
1026 3177 1087 3233 eius
1113 3179 1309 3241 auctores;66

265 3259 543 3336 Aristophanes
567 3271 660 3320 tamen
689 3269 718 3319 et
738 3258 895 3337 Eupolis
914 3257 1160 3336 Cratinusque
1181 3275 1265 3336 prae·

265 3344 354 3420 cipui.
385 3343 616 3421 Tragoedias
632 3345 739 3423 primus
754 3346 785 3423 in
799 3345 893 3403 lucem
909 3342 1118 3415 Aeschylus
1133 3342 1264 3420 protulit,

266 3426 396 3485 sublimis
422 3437 451 3487 et
471 3431 568 3505 gravis
591 3438 620 3488 et
640 3425 848 3506 grandiloquus
874 3444 964 3504 saepe
987 3444 1079 3503 usque
1101 3427 1135 3486 ad
1155 3427 1265 3503 vitium,

265 3511 318 3570 sed
340 3511 418 3570 rudis
441 3515 470 3572 iu
493 3514 641 3590 plerisque
664 3521 692 3571 et
711 3513 934 3590 incompositus;
961 3511 1179 3589 propterquod
1201 3527 1265 3570 cor-

265 3603 364 3654 rectas
382 3596 443 3654 eius
461 3596 572 3656 fabulas
592 3598 620 3655 in
641 3606 787 3656 certamen
807 3595 923 3656 deierre
944 3595 1155 3672 posterioribus
1170 3596 1265 3673 poetis

265 3677 461 3739 Athenienses
482 3681 694 3758 permiserunt,
717 3689 840 3756 suntque
863 3679 1004 3738 eomodo
1025 3679 1104 3739 multi
1125 3678 1263 3738 coronati.
1330 3738 1331 3741 ,

266 3761 326 3824 Sed
342 3761 430 3840 longe
449 3764 554 3823 clarius
568 3763 784 3824 illustraverunt
797 3763 939 3843 hocopus
954 3763 1166 3843 Sophocles
1180 3767 1310 3837 atqued'l
