3184 4409
608 394 1034 468 nisaonurceumma.
1249 389 1307 451 179

318 548 473 631 tumere,
494 551 647 617 'siminus
666 553 727 615 cina
754 553 879 614 morum
898 552 1105 633 bominumque
1118 556 1251 635 fenam,
1277 565 1310 619 nt

317 636 405 699 emm
424 638 523 715 ipram
550 645 669 700 noctem
693 637 840 714 sacerque
859 637 930 698 iiior
949 640 1116 718 nuptiales!
1141 660 1200 702 non
1221 643 1309 702 limen

318 720 472 782 coliculi.l
495 740 556 784 non
577 721 676 782 cudite
695 720 794 798 filiae!
826 739 885 782 non
909 723 1045 800 parietes
1068 723 1196 802 denique
1215 726 1308 804 ipsos,

309 805 511 883 'ereperiorum
531 813 620 866 testes
639 805 833 882 nuptiarum!
877 805 1000 864 Sermo
1022 824 1092 866 vero
1114 825 1269 868 aversus
1293 827 1359 880 ³10(

318 888 394 947 iudi
404 905 442 946 ce
463 897 492 948 et
506 888 623 948 brevius
638 888 743 947 indicat
757 889 869 947 interim
883 896 912 947 et
927 892 1058 966 coarguit
1070 892 1176 967 magis,
1197 909 1251 968 qua
1272 892 1308 950 de

315 989 351 1030 re
365 971 459 1045 idom,
476 973 552 1050 quod
567 972 595 1029 in
610 973 757 1049 prooemio
773 972 917 1048 dixeram,
933 977 1042 1050 sentio,
1067 977 1139 1033 sicut
1156 974 1191 1033 de
1206 992 1308 1052 proso·

315 1057 448 1134 popoeia
476 1073 607 1133 quoque:
637 1072 692 1132 qua
713 1064 807 1115 tamen
828 1073 885 1114 non
910 1057 1027 1117 Servius
1051 1057 1136 1116 modo
1165 1059 1308 1136 Sulpicius

313 1140 407 1199 utitur
420 1155 473 1217 pro
488 1139 615 1198 Aufidia:
631 1137 781 1201 Somnone
791 1148 820 1201 te
834 1141 1011 1218 lonquidum
1021 1158 1063 1201 an
1073 1143 1163 1220 pruni
1173 1144 1309 1220 letbarpo

312 1232 420 1302 putem
439 1224 639 1301 oppressum?
666 1224 718 1283 sed
733 1221 770 1282 Μ.
788 1241 903 1301 quoque
921 1223 1030 1284 Tullius
1046 1226 1122 1286 circa
1137 1226 1307 1301 nauarchos,

315 1308 400 1385 (nam
417 1325 451 1366 aa
467 1324 582 1385 quoque
596 1307 639 1365 rei
654 1308 797 1385 expositio
814 1309 879 1385 est)
904 1305 941 1368 tu
955 1310 1065 1384 adem,
1080 1318 1194 1370 tanturn
1208 1310 1308 1385 dabie,

314 1389 486 1468 etreliqua.
519 1386 613 1462 Quid?
632 1407 685 1468 pro
703 1389 846 1466 Cluentio,
862 1391 968 1450 Staieni
979 1392 1119 1470 Bulbique
1134 1393 1309 1470 colloquium
1316 1405 1359 1461 lot

314 1491 416 1554 nonne
437 1474 472 1534 ad
493 1473 671 1534 celeritatem
691 1474 839 1552 plurimum
861 1484 889 1533 et
910 1475 945 1534 ad
964 1467 1048 1535 iidem
1066 1474 1199 1536 confert?
1228 1476 1309 1549 Quae

314 1576 353 1616 ne
368 1558 479 1617 iecisse
497 1557 708 1617 inobservantia
721 1559 840 1635 quadam
859 1558 1005 1634 videatur,
1026 1577 1184 1638 quanquam
1204 1560 1261 1621 boc
1281 1561 1310 1619 in

315 1642 368 1702 illo
391 1641 532 1701 credibile
553 1657 610 1700 non
629 1650 688 1715 est,
711 1643 739 1700 in
757 1641 956 1702 Partitionibus
975 1647 1141 1722 praecepit,
1164 1654 1192 1704 ut
1207 1644 1310 1704 babeat

315 1726 445 1785 narratio
460 1727 638 1800 suavitatem,
659 1725 876 1800 admirationes,
893 1729 1121 1804 expectationes,
1141 1729 1234 1787 exitus
1247 1729 1308 1787 ino-

315 1811 450 1888 pinatos,
467 1809 612 1886 colloquia
628 1825 830 1886 personarum,
847 1825 945 1868 omnes
960 1809 1090 1869 allectus.
1120 1811 1307 1887 Argumenta·
1317 1820 1359 1874 105

316 1892 421 1968 bimur,
436 1901 467 1951 ut
480 1893 549 1968 dixi,
561 1911 716 1969 nunquam:
735 1903 977 1968 argumentum
991 1911 1129 1971 ponemus
1140 1895 1307 1972 aliquando;

318 1976 395 2054 quod
419 1976 490 2036 iacit
504 1993 556 2054 pro
573 1975 685 2052 Ligario
702 1974 817 2050 Cicero,
834 1994 897 2035 cum
912 1977 989 2051 dicit,
1006 1979 1049 2036 sic
1065 1996 1128 2036 eum
1142 1979 1309 2055 provinciae

318 2060 498 2139 praefuisse,
521 2069 551 2120 ut
573 2060 615 2120 illi
629 2078 730 2138 pacem
745 2077 812 2118 esse
829 2060 986 2138 expediret.
1016 2060 1177 2120 lnseremus
1193 2063 1308 2139 exposi-

317 2146 385 2204 tioni
410 2153 440 2203 et
461 2143 594 2219 brevem,
623 2162 686 2202 cum
707 2161 754 2202 res
775 2153 894 2221 poscet,
916 2143 1112 2204 defensionem
1129 2153 1157 2203 et
1172 2145 1309 2203 rationem

319 2227 471 2287 factorum.
502 2226 604 2306 Neque
620 2229 693 2286 enim
712 2227 879 2287 narrandum
895 2236 938 2287 est
955 2237 1086 2305 tanquam
1101 2228 1167 2287 testi
1182 2228 1234 2287 sed
1249 2237 1359 2294 tan-lot

320 2329 402 2390 quam
420 2319 550 2389 patrono.
580 2310 634 2370 Rei
654 2312 724 2371 ordo
740 2329 792 2389 per
808 2330 840 2370 se
855 2312 919 2372 talis
935 2321 994 2371 est:
1012 2311 1048 2384 Ο.
1068 2310 1212 2390 Lipariue
1227 2313 1307 2390 leon»

321 2402 364 2456 ne
379 2391 417 2456 0.
435 2392 575 2456 Considio
585 2397 752 2474 profectur.
780 2393 855 2467 Quid
871 2413 942 2473 ergo
957 2395 996 2454 Μ.
1013 2392 1145 2456 Tullius?
1170 2393 1206 2468 Q.
1218 2397 1307 2472 enim,

319 2478 419 2557 iuquit,
441 2475 595 2557 liparim,
617 2498 684 2541 cum
700 2487 778 2542 creet
796 2481 883 2542 nulla
896 2482 966 2543 belli
979 2483 1123 2558 euspicio,
1142 2481 1258 2558 deputor
1271 2483 1304 2541 in

320 2559 458 2641 Africm
477 2582 545 2625 curn
568 2560 601 2623 0.
625 2560 766 2626 Considio
787 2564 946 2643 profectus
974 2573 1028 2625 est.
1071 2563 1107 2623 Et
1126 2563 1209 2623 alibi:
1237 2561 1359 2628 Nonllt

319 2648 405 2711 nodo
427 2647 472 2707 ad
493 2647 601 2708 bellum
614 2649 670 2708 red
688 2667 727 2709 ne
744 2649 788 2710 ad
800 2648 952 2710 minimum
972 2649 1093 2726 quidem
1110 2649 1309 2727 suspicionem

320 2729 395 2792 tut.
440 2728 558 2791 Etcum
576 2740 654 2790 esset
669 2731 826 2792 iudicaturo
845 2732 930 2806 satis,
955 2730 990 2805 O.
1013 2730 1157 2810 lipacius
1174 2733 1256 2804 nullo
1275 2750 1309 2792 re

319 2814 474 2894 implicari
496 2816 613 2893 nepotio
640 2833 753 2894 poenus
774 2825 836 2878 ert:
857 2815 981 2892 adiecit,
1012 2817 1130 2893 donnini
1154 2826 1307 2895 spectans,

319 2900 359 2959 cd
378 2917 456 2961 euos
472 2901 576 2960 redire
598 2901 732 2978 cupiens.
768 2899 826 2974 lta,
848 2899 924 2977 quod
946 2899 1125 2976 exponebat,
1147 2910 1176 2959 et
1196 2901 1307 2959 ratione

319 2981 385 3043 iecit
401 2981 545 3042 credibile
563 2991 591 3042 et
607 2983 711 3044 allecto
727 3001 843 3062 quoquc
859 2982 996 3060 implevit.
1027 2982 1091 3056 Quo
1113 2984 1203 3059 magis
1221 2985 1359 3046 mirorlll

320 3083 384 3144 eos,
420 3067 549 3142 quinon
575 3076 673 3144 putant
693 3068 827 3126 utendum
852 3068 880 3125 iu
906 3067 1069 3127 narratione
1091 3065 1304 3126 aflectibus.

320 3147 414 3223 ortu
433 3148 617 3225 boedicunt,
641 3167 710 3209 non
733 3151 933 3228 diuaeque
956 3149 1225 3229 utinepilogo:
1248 3167 1305 3208 me·

321 3250 379 3299 eum
406 3233 550 3302 sentiunt3
576 3234 757 3311 effugiendae
777 3243 842 3294 sunt
864 3234 937 3294 enim
957 3251 1065 3294 morae.
1101 3230 1234 3292 Ceterum
1255 3250 1306 3293 cur

322 3335 371 3394 eqo
388 3317 517 3377 iudicem
540 3318 643 3393 nolim,
666 3319 731 3378 dom
753 3336 817 3378 eum
835 3318 945 3395 doceo,
967 3321 1050 3378 ctiam
1068 3313 1209 3377 movere?
1240 3314 1359 3392 Conui

322 3401 394 3479 quod
415 3401 444 3460 in
464 3418 570 3461 summa
590 3411 670 3480 parte
693 3421 753 3462 sum
775 3403 895 3462 actionis
914 3403 1071 3481 petiturus,
1096 3419 1154 3461 non
1173 3403 1202 3461 in
1216 3403 1305 3479 primo

322 3487 411 3546 rtatim
426 3502 522 3544 rerum
537 3487 686 3562 ingressu,
703 3486 801 3546 sideri
816 3495 929 3564 potest,
945 3482 1126 3563 consequar?
1146 3503 1209 3545 cam
1224 3501 1306 3563 prae-

324 3571 417 3629 sertim
432 3569 518 3628 etiam
533 3570 561 3628 in
575 3566 790 3646 probationibus
806 3569 965 3630 faciliorem
979 3571 1031 3629 sim
1047 3571 1166 3631 animum
1180 3571 1241 3628 eius
1258 3568 1306 3628 ba·

324 3644 429 3713 liturus
446 3661 619 3731 occupatum
638 3653 687 3714 vel
702 3656 744 3719 ira
757 3653 806 3715 vel
824 3653 1018 3716 miseratione.
1053 3651 1103 3716 Au
1115 3650 1359 3715 deabb'lob-ll

1103 3737 1171 3802 lt*
