3184 4409
655 484 691 533 al:
703 482 782 533 bns.
796 478 1014 543 ommium

613 707 668 757 DE
699 704 1067 759 ansrlculunna.

427 801 464 862 11.
494 801 687 882 Perspicuitus
707 805 736 863 in
750 802 848 863 vorbis
862 803 1048 882 praecipuam
1063 798 1153 861 babet
1175 800 1327 881 propria·

344 894 471 963 tatem,
488 886 541 946 sed
555 889 718 966 proprietas
733 889 796 966 ipsa
808 903 866 946 non
880 886 1048 965 simpliciter
1060 884 1214 965 accipitur.
1232 884 1328 969 ΡΜ

346 972 421 1031 enim
442 970 608 1031 intellectus
630 979 677 1031 est
696 988 748 1032 sua
770 972 908 1050 cuiusque
932 970 977 1029 rei
998 966 1176 1049 appellatis,
1205 982 1266 1047 qua·
1280 982 1328 1029 nor

317 1068 462 1133 asemper
472 1064 592 1115 utemur.
620 1054 691 1114 Nam
713 1065 742 1114 et
759 1054 886 1114 obscena
901 1052 1051 1113 vitabimus
1068 1059 1098 1111 ct
1112 1052 1232 1113 sordida
1248 1052 1327 1113 eth·

258 1209 261 1213 ⁴
346 1138 432 1198 milia.
463 1138 534 1198 Sunt
549 1138 767 1199 autembumilia
781 1138 855 1198 infru
869 1137 1033 1215 dignitatem
1047 1144 1205 1197 remmaut
1222 1124 1326 1197 ordinis

346 1222 378 1283 ln
395 1239 452 1301 quo
471 1224 541 1282 vitio
558 1222 687 1282 cavendo
711 1239 768 1283 non
784 1221 970 1281 mediocriter
985 1236 1084 1279 errare
1100 1218 1219 1299 quidam
1234 1220 1328 1294 solat

347 1307 395 1384 qui
410 1306 517 1382 omnia,
534 1323 608 1384 quae
621 1314 686 1366 sunt
699 1307 728 1365 in
737 1324 808 1382 usn,
822 1305 932 1365 etiamsi
947 1320 1053 1365 causae
1063 1304 1230 1365 necessitas
1245 1312 1329 1385 post*

346 1390 404 1466 let,
432 1389 635 1449 reformident:
659 1397 690 1448 nt
712 1390 780 1465 ille,
806 1389 855 1469 qui
871 1390 901 1449 iu
925 1388 1039 1449 actione
1056 1384 1201 1450 ibericus
1222 1384 1332 1463 ltci'dst,

346 1492 380 1533 se
403 1473 468 1533 solo
483 1475 673 1553 nequicquam
688 1474 886 1552 intelligente,
908 1470 1041 1548 dicebat,
1056 1470 1112 1531 nisi
1129 1470 1259 1533 lrrldens
1275 1472 1334 1533 lam

345 1558 499 1617 vamtatem
521 1554 637 1617 Cassius
659 1556 786 1617 Severus
806 1561 946 1637 spartum
966 1554 1064 1615 dicero
1086 1572 1153 1615 eum
1171 1554 1256 1617 velle
1278 1552 1334 1639 lad

317 1649 454 1704 beasset.
498 1640 562 1700 Nec
587 1640 690 1719 video,
720 1659 810 1719 quare
839 1638 934 1701 clarus
961 1646 1061 1698 orator
1084 1639 1217 1703 domtus
1248 1640 1351 1703 ffl-

344 1726 449 1803 pisces
468 1724 583 1783 nitidius
600 1742 667 1783 esse
684 1725 839 1785 crediderit
855 1740 938 1802 quum
954 1723 1046 1802 ipsum
1060 1722 1107 1799 id,
1127 1722 1207 1803 quod
1228 1724 1336 1785 vitabit

348 1808 380 1867 ln
396 1806 451 1868 bac
463 1816 555 1867 autem
570 1809 755 1887 proprietatis
767 1808 885 1888 specie,
904 1824 978 1886 quae
988 1806 1150 1867 nominibus
1165 1808 1239 1887 ipsis
1256 1810 1337 1869 cunc

348 1910 405 1971 que
420 1893 463 1951 rei
483 1893 586 1967 utitur,
607 1892 686 1952 nulla
699 1895 790 1952 uirtus
807 1900 868 1969 est,
886 1899 931 1968 at,
951 1889 1030 1969 quod
1048 1890 1338 1971 erconbertum

348 1977 454 2035 vitium.
495 1975 527 2035 ld
548 1977 623 2054 apud
642 1993 697 2036 nos
718 1977 966 2056 improprium,
994 1967 1108 2057 ἄκυρον
1121 1974 1201 2055 apud
1215 1974 1338 2037 Gracco

320 2069 485 2129 uocatur:
507 2059 592 2138 quale
614 2069 674 2134 est,
697 2094 740 2106 —-
760 2093 803 2108 -
822 2068 937 2121 tontum
956 2065 1087 2139 spectare
1107 2058 1270 2131 dolorum

349 2142 426 2223 quod
441 2145 469 2202 in
485 2145 614 2204 oratione
625 2143 798 2204 Dolabellae
814 2143 994 2203 emendatum
1009 2160 1026 2203 ι
1041 2139 1188 2203 Cicerone
1202 2152 1280 2205 anno
1316 2148 1318 2153 '

348 2237 472 2291 mortem
483 2229 588 2307 fernm-
603 2236 665 2304 aut,
683 2228 776 2305 qualia
792 2245 867 2287 nunc
883 2225 1033 2287 laudantur
1046 2224 1263 2304 a‘quibnsdsm,
1278 2242 1337 2307 quo

349 2331 409 2370 rum
425 2321 485 2387 est,
510 2313 549 2373 de
566 2332 659 2373 croco
676 2314 772 2373 verbo
793 2312 981 2373 occiderunt.
1013 2307 1078 2369 Non
1092 2319 1190 2370 tamen
1212 2306 1339 2391 quidquid

350 2413 407 2454 non
422 2397 475 2455 crit
490 2398 653 2474 proprium,
668 2396 797 2474 protinus
813 2403 842 2454 et
855 2394 1004 2473 improprii
1016 2395 1086 2454 vitio
1099 2392 1265 2471 laborabit,
1283 2392 1338 2473 qula

349 2481 469 2558 primum
486 2482 607 2538 omnium
628 2479 714 2539 multa
729 2487 793 2537 sunt
814 2478 969 2539 et'Graece
985 2486 1015 2537 ot
1027 2476 1127 2537 Latine
1141 2494 1200 2538 nou
1222 2474 1338 2538 demoni

323 2573 425 2632 5nata.
462 2562 534 2621 Nam
561 2573 605 2637 et,
632 2564 679 2640 qui
705 2563 828 2623 iaculum
855 2563 971 2637 emittit,
995 2561 1133 2623 luculum*
1152 2562 1275 2630 dicitur:
1300 2558 1339 2639 qni

351 2647 439 2724 pilum
454 2655 501 2705 aut
514 2646 629 2722 sudem,
652 2645 848 2725 appellatione
861 2647 993 2724 privatim
1012 2643 1068 2704 sibi
1088 2645 1237 2723 assignata
1254 2650 1338 2707 carett

352 2740 381 2788 et
396 2739 441 2805 ut,
458 2731 602 2808 lapidare
617 2730 684 2808 quid
700 2733 749 2805 sit,
767 2731 948 2791 manifestum
963 2737 1022 2788 est:
1037 2730 1077 2788 ita
1091 2728 1247 2805 glebamm
1261 2735 1339 2788 testa·

351 2831 471 2890 rumquc
486 2815 577 2872 iactus
593 2831 649 2872 non
670 2813 757 2874 habet
771 2830 884 2874 nomen.
921 2812 1003 2873 Unde
1027 2811 1145 2889 abusio,
1166 2828 1244 2891 quae
1260 2802 1340 2872 msi-

324 2913 451 2976 6χρησις
468 2898 586 2972 dicitnr,
612 2899 788 2957 necessaria.
834 2897 994 2958 'l'ranslatio
1016 2912 1150 2975 quoquc,
1171 2896 1201 2955 in
1222 2908 1286 2975 qua·
1299 2889 1341 2953 vel

352 2983 488 3040 maximus
508 2989 552 3039 est
567 2983 704 3040 orationis
725 2990 860 3057 ornatus,
877 2980 967 3041 verba
980 2996 1038 3039 non
1053 2981 1112 3039 suis
1127 2977 1217 3038 rebus
1233 2992 1341 3039 accom-

351 3065 458 3124 modat.
504 3064 599 3138 Quare
621 3066 784 3143 proprietas
799 3082 857 3124 non
873 3064 1027 3124 adnomen
1046 3062 1099 3122 sed
1116 3061 1225 3123 adsim
1240 3058 1340 3141 signib-

353 3150 435 3208 candi
455 3149 596 3224 refertur,
619 3167 674 3208 neo
698 3149 793 3208 auditu
820 3148 872 3209 sed
892 3148 1042 3208 intellectu
1064 3146 1274 3227 perpendenda
1293 3150 1340 3207 ost

325 3234 486 3300 rseonndo
502 3233 587 3292 modo
604 3234 706 3293 dicitur
720 3235 868 3310 proprium
887 3234 962 3292 inter
974 3231 1073 3311 plura,
1096 3247 1171 3308 quae
1192 3238 1260 3290 sunt
1275 3230 1340 3289 eius·

352 3315 417 3372 dem
431 3318 567 3392 nominis,
583 3316 628 3392 id,
646 3316 721 3375 unde
738 3324 836 3375 cetera
854 3314 939 3376 ductu
951 3323 1029 3380 sunt:
1050 3323 1081 3374 ut
1093 3322 1203 3376 cortex
1218 3322 1267 3375 est
1281 3324 1340 3374 coa

352 3407 428 3456 torta
454 3401 481 3457 in
506 3418 539 3458 se
561 3419 634 3478 aqua
655 3400 703 3458 vel
725 3400 861 3478 quidquid
882 3398 958 3460 aliud
980 3399 1266 3475 similitervertitur,
1282 3393 1340 3457 brdo

352 3491 473 3559 propter
494 3482 598 3542 ilerum
620 3484 789 3561 capillorum
813 3501 881 3561 pars
901 3500 1008 3543 summa
1031 3482 1152 3561 capitis,
1179 3499 1218 3543 ex
1242 3474 1339 3542 bocid

353 3565 429 3642 qnod
444 3568 471 3623 in
486 3567 627 3624 montibus
644 3568 904 3626 eminentissimum.
932 3565 1026 3626 Recto
1042 3564 1150 3626 dixeris
1165 3564 1241 3626 haec
1256 3560 1338 3625 omnia

324 3651 494 3717 8vertices;
523 3652 640 3727 proprie
664 3660 773 3727 tamen,
801 3652 877 3711 unde
901 3652 1009 3710 initium
1033 3658 1087 3709 est.
1129 3650 1180 3711 Sic
1197 3650 1298 3712 actm
1313 3649 1338 3702 ⁶⁸

349 3736 436 3795 turdi
455 3736 565 3815 pisces.
604 3733 640 3793 Et
659 3737 759 3796 tertius
782 3744 827 3799 est
846 3735 913 3798 buio
934 3733 1064 3799 diversus
1078 3732 1200 3815 modus,
1221 3748 1283 3797 cam
1295 3740 1335 3789 ια
