3184 4409
296 424 299 441 Ι
350 469 409 530 172
659 481 696 528 n.
711 477 1024 538 unmoumrmam

286 674 293 679 -
347 637 402 694 turi
417 653 528 709 sumus,
550 650 718 712 personam,
741 630 872 706 causam,
892 631 1003 707 locum,
1020 632 1147 710 tempus,
1167 633 1335 694 instrumen-

307 729 420 794 totum,
452 721 652 791 occasionem,
675 718 838 775 narratione
863 714 1059 775 delibabimus.
1101 716 1282 794 Aliquando,
1298 721 1336 787 ¹si

349 803 475 862 destituti
495 802 630 861 incrinus
647 800 709 872 his,
730 802 815 859 etiam
837 797 1003 858 fatebimur:
1030 797 1087 859 Vic
1103 819 1170 867 eoae
1190 804 1339 863 credibile

348 888 404 948 scd
416 904 521 947 oerum
532 896 561 947 et
574 888 631 945 boc
640 884 740 944 maios
753 884 926 945 leodardum
939 883 1049 958 scelus,
1064 887 1185 944 oerore
1198 903 1337 962 coequo

306 981 339 1035 ut
348 972 436 1032 modo
454 970 571 1048 socium
585 971 624 1028 cit
639 977 693 1028 aut
711 982 823 1044 quare,
838 967 949 1027 mirari
962 966 1019 1027 sed
1029 968 1223 1044 probaturos.
1256 968 1336 1047 Opti·

347 1072 410 1113 mae
424 1070 495 1112 vero
519 1052 754 1132 praeparationes
780 1059 879 1124 crunt,
900 1066 974 1127 qnae
994 1049 1143 1126 latuerint,
1164 1060 1195 1110 ut
1215 1069 1230 1110 a
1252 1051 1336 1112 Gice·

346 1155 417 1197 rone
435 1146 499 1195 sunt
514 1137 627 1214 quidem
640 1135 790 1194 utilissime
805 1133 953 1211 praedicta
967 1135 1070 1208 omnia,
1083 1151 1137 1212 per
1152 1153 1226 1213 qnae
1236 1135 1336 1197 dliloui

348 1219 465 1280 Clodius
484 1237 541 1279 non
557 1213 660 1281 clodio
675 1217 744 1277 Milo
768 1216 915 1276 insidiatus
933 1234 1001 1275 esse
1020 1218 1165 1287 videatur3
1186 1218 1336 1297 plurimum

269 1308 272 1316 '
346 1314 440 1364 tamen
457 1304 527 1363 lacit
547 1303 596 1363 illa
621 1302 805 1362 callidissima
825 1300 1015 1378 simplicitatis
1030 1302 1164 1361 imitatio:
1184 1301 1257 1364 Milo
1278 1319 1336 1365 oc-

346 1398 423 1464 tem,
445 1406 513 1449 cum
530 1389 562 1447 in
582 1396 692 1447 canoto
704 1387 814 1465 suisset
828 1403 863 1445 eo
884 1386 953 1459 die,
973 1387 1076 1461 quoad
1090 1394 1213 1447 senatus
1228 1396 1275 1447 est
1289 1389 1336 1447 di·

344 1474 470 1548 ocisaus,
486 1473 606 1532 domum
619 1472 714 1546 venit,
731 1470 852 1531 calceos
865 1475 895 1528 et
907 1468 1084 1546 vestimenta
1098 1473 1238 1546 mutarit,
1255 1489 1337 1549 pcc-

346 1557 455 1633 liaper,
476 1556 548 1614 dum
567 1573 600 1615 sc
619 1572 715 1630 ocor,
735 1561 768 1611 ut
787 1552 836 1629 fit,
858 1560 1034 1629 comparat,
1055 1561 1257 1614 commoratae
1280 1563 1335 1616 est.

305 1639 437 1712 sessuam
453 1637 522 1696 nihil
543 1636 696 1712 festinato,
721 1635 789 1694 nibil
805 1643 977 1712 praeparato
999 1634 1106 1694 iecisse
1121 1636 1234 1695 videtur
1247 1636 1336 1698 nno!

347 1721 431 1794 Quod
459 1738 516 1781 non
540 1720 632 1779 solum
658 1720 745 1778 rebus
771 1720 841 1796 ipsis
860 1720 909 1777 vvir
932 1718 1202 1796 eloquentissimus,
1232 1721 1337 1797 quibus

345 1821 440 1864 moras
456 1814 485 1864 et
500 1805 605 1864 lentum
621 1804 810 1882 profectionis
826 1802 954 1861 ordinem
968 1803 1054 1877 ducit,
1071 1803 1123 1862 sed
1137 1801 1233 1863 verbis
1250 1807 1337 1864 etiam

345 1888 513 1964 vulgaribus
529 1897 558 1947 et
574 1888 724 1948 cotidianis
740 1895 769 1945 et
784 1895 846 1946 arte
861 1885 976 1945 occulta
993 1895 1166 1946 consecutus
1181 1895 1241 1955 est;
1261 1906 1338 1966 qnae

348 1971 473 2031 sialiter
493 1972 569 2031 dicta
592 1980 705 2047 essent,
723 1972 845 2048 strepitu
865 1970 957 2047 ipsum
978 1971 1100 2030 iudicem
1116 1970 1151 2029 ad
1172 1973 1336 2031 custodien-

305 2073 338 2126 59
348 2056 411 2115 dnm
427 2065 575 2134 patronum
592 2058 777 2115 excitassent.
819 2052 940 2129 Frigore
954 2053 1085 2113 videntur
1101 2055 1155 2113 ista
1170 2055 1337 2134 plerisque;

348 2140 400 2199 sed
419 2139 476 2198 hoc
495 2140 675 2199 manifestum
696 2147 756 2214 est,
776 2138 920 2214 quomodo
941 2137 1062 2199 iudicem
1086 2136 1337 2216 fefellerit,.quod

347 2224 396 2283 rix
412 2240 429 2282 a
444 2224 554 2284 lectore
571 2222 804 2301 deprehenditur.
829 2220 909 2280 Haec
924 2230 1005 2296 sunt,
1022 2239 1095 2298 qnae
1104 2220 1277 2281 'credibilem
1294 2223 1336 2283 ia·

305 2309 423 2376 sociant
444 2309 665 2386 expositionem.
700 2306 770 2366 Nam
791 2305 820 2364 id
841 2306 972 2383 quidem,
995 2323 1105 2382 nequa
1128 2307 1271 2366 contraria
1288 2316 1336 2366 ant

347 2390 401 2449 sibi
415 2393 603 2469 repugnantia
617 2393 645 2448 in
662 2392 824 2450 narratione
840 2390 981 2463 dicamus,
1002 2391 1026 2447 si
1043 2391 1087 2449 cui
1104 2390 1336 2467 praecipiendum

347 2483 409 2549 est,
435 2477 459 2532 is
484 2475 595 2551 reliqua
618 2474 723 2533 frustra
747 2472 880 2539 docetnr;
907 2474 1017 2532 etiamsi
1038 2473 1151 2551 qnidam
1176 2475 1336 2551 scriptores

347 2557 457 2616 Artium
472 2557 528 2616 hoc
544 2574 659 2635 quoque
676 2567 807 2634 tanquam
819 2555 961 2615 occultum
976 2565 1005 2615 et
1020 2574 1036 2615 a
1051 2574 1084 2616 se
1099 2556 1256 2635 prudenter
1270 2574 1335 2616 ern·

346 2650 404 2698 tum
419 2641 543 2699 tradunt·
1014 2712 1017 2716 ,

305 2739 337 2792 61
429 2723 479 2782 llis
495 2723 584 2781 tribus
599 2721 731 2783 narrandi
746 2721 897 2782 virtutibus
914 2723 1049 2782 adiiciunt
1066 2725 1178 2801 qnidam
1197 2727 1335 2801 magni·

346 2807 549 2881 licentiam,
576 2825 658 2885 quam
678 2805 926 2885 μεγαλοπρέπειαν
947 2816 1068 2882 vocant,
1097 2825 1169 2885 quae
1190 2825 1287 2884 neque
1307 2812 1337 2867 in

347 2909 445 2950 omnes
461 2908 562 2949 causas
584 2891 659 2950 cadit
677 2891 756 2968 (nam
772 2890 840 2968 quid
855 2893 883 2949 in
905 2891 1053 2969 plerisque
1075 2893 1184 2951 iudiciis
1202 2893 1335 2968 privatis,

347 2975 383 3034 de
399 2984 478 3034 certa
494 2975 617 3049 credita,
639 2975 735 3033 locato
750 2983 778 3034 et
797 2975 956 3050 conducto,
976 2975 1134 3035 interdictis
1150 2973 1258 3033 babere
1275 2975 1336 3034 loci

346 3068 444 3137 potest
466 3077 551 3136 supra
573 3058 684 3117 modum
706 3058 738 3117 se
760 3058 869 3117 tollens
890 3055 1019 3138 oratio‘l)
1042 3077 1137 3136 neque
1153 3074 1269 3136 semper
1290 3069 1337 3119 est

305 3144 440 3217 fi2ntilis,
466 3144 546 3202 velut
569 3143 699 3219 proximo
718 3142 852 3220 exemplo
874 3141 1028 3201 Miloniano
1051 3152 1139 3219 patet.
1167 3141 1217 3200 ·Ει
1236 3145 1335 3201 memi-

346 3230 469 3285 nerimus
491 3226 593 3285 multas
616 3243 683 3284 esse
706 3244 823 3300 causas,
844 3227 871 3284 in
895 3226 996 3303 quibus
1021 3226 1226 3300 confitendum,
1246 3244 1336 3285 excu-

347 3310 473 3384 sandum,
490 3310 715 3368 summittendum
731 3311 776 3384 sit,
794 3310 871 3386 quod
887 3310 1070 3386 exponimns3
1088 3310 1189 3387 quibus
1204 3309 1337 3368 omnibus

347 3393 439 3452 aliena
459 3402 502 3451 est
524 3394 572 3452 illa
588 3394 815 3468 magnificentiae
836 3395 936 3451 virtus.
971 3392 1067 3466 Quare
1085 3412 1141 3453 non
1156 3395 1247 3470 magis
1260 3393 1336 3471 'pro-

347 3477 437 3554 prium
453 3478 620 3535 narrationis
635 3486 678 3534 est
692 3477 843 3553 magnifice
859 3476 957 3535 dicere
969 3495 1052 3554 quarn
1066 3478 1279 3552 miserabiliter,
1295 3478 1334 3535 in·

348 3560 477 3633 vidiose,
495 3561 635 3634 graviter,
653 3560 788 3635 dulciter,
807 3559 930 3627 urbane;
948 3578 1037 3637 quae,
1056 3579 1118 3620 cum
1134 3578 1186 3619 suo
1203 3577 1334 3638 quaeque

348 3646 415 3703 loco
431 3644 486 3701 sint
501 3643 667 3718 laudabilia,
684 3659 742 3703 non
761 3637 908 3703 suutbuic
922 3646 995 3722 parti
1012 3647 1130 3724 proprie
1145 3645 1290 3723 assignata
1305 3651 1335 3702 et

348 3727 427 3787 velut
445 3726 549 3786 dedita.
