3184 4409
318 491 380 554 204
629 502 992 564 n.1rsn.oomn1n1sn1
1048 559 1050 562 Α

320 659 399 728 dcat;
422 658 475 719 sed
496 675 570 716 nunc
590 675 649 717 non
669 657 704 717 de
727 674 762 716 eo
780 656 940 734 loquimur;
963 657 1099 731 alterum,
1118 674 1175 735 quo
1193 667 1306 718 senten·

290 746 384 807 ttiam
406 760 469 801 cum
490 743 614 809 ratione;
635 744 762 816 tertium,
787 757 844 818 quo
865 750 972 800 certam
990 739 1127 818 quandam
1150 742 1308 818 argumenti

319 826 533 886 conclusionem
554 825 602 884 vel
626 841 662 884 ex
678 824 922 902 consequentibus
946 825 994 884 vel
1012 842 1049 883 ex
1064 827 1305 906 repugnantibus:

266 920 275 926 '
318 927 477 988 quanquam
499 909 536 968 de
562 909 618 968 hoc
639 927 739 986 parum
768 910 910 967 convenit.
955 909 1026 968 Sunt
1048 909 1137 984 entim,
1165 912 1212 987 qui
1239 912 1307 971 illud

319 995 397 1072 prius
413 993 597 1071 epichirema
612 992 722 1067 dicant,
748 991 904 1069 pluresque
920 993 1048 1051 invenies
1065 993 1093 1049 in
1109 1011 1143 1052 ea
1161 997 1305 1072 opinione,

318 1086 348 1136 ut
363 1077 391 1136 id
406 1076 527 1150 demum,
546 1076 623 1154 quod
642 1093 737 1153 pugna
756 1084 884 1149 constat,
903 1074 1081 1150 enthymema
1096 1079 1190 1155 accipi
1205 1079 1305 1151 velint,

290 1169 348 1225 set
367 1160 433 1220 ideo
460 1159 531 1219 illud
557 1157 727 1219 Cornificius
754 1161 941 1237 contrariam
970 1158 1107 1237 appellat.
1152 1159 1234 1220 Hunc
1260 1163 1306 1222 alii

317 1246 499 1305 rhetoricam
519 1244 735 1322 syllogismum,
753 1242 801 1301 alii
814 1243 1021 1320 imperfectam
1041 1244 1242 1321 syllogismum
1256 1263 1305 1306 vo·

320 1336 472 1403 caverunt,
494 1329 560 1404 quia
576 1344 631 1385 nec
646 1326 785 1385 distinctis
800 1344 855 1385 nec
871 1326 988 1386 totidem
1003 1326 1132 1404 partibus
1149 1329 1305 1389 conclude·

290 1422 409 1480 aretum
432 1410 509 1490 qnod
532 1428 601 1469 sane
622 1427 678 1468 nou
701 1411 797 1487 utique
813 1409 849 1468 ab
865 1418 980 1469 oratore
998 1410 1185 1470 desideratur.
1217 1411 1306 1490 Epi·

320 1495 478 1555 chirema
498 1493 619 1570 Valgius
642 1495 869 1571 oppressionem
895 1502 995 1560 vocat;
1024 1492 1128 1553 Celsus
1155 1505 1250 1555 autem
1265 1499 1305 1555 iu-

318 1579 409 1654 dicat,
438 1595 495 1637 non
521 1586 647 1636 nostram
670 1576 939 1636 administrationem
962 1577 1013 1636 sed
1035 1579 1125 1655 ipsam
1146 1597 1307 1657 remquam

318 1662 511 1738 aggredimur,
529 1660 557 1720 id
573 1670 618 1720 est
633 1669 838 1736 argumentum,
851 1678 908 1738 quo
920 1660 1026 1738 aliquid
1038 1661 1185 1739 probaturi
1198 1681 1306 1738 sumus,

318 1747 428 1804 etiamsi
447 1744 571 1804 nondum
593 1743 690 1804 verbis
719 1742 900 1821 explanatum
926 1745 980 1803 iam
1007 1753 1099 1804 tamen
1118 1755 1214 1805 mente
1238 1765 1306 1806 con·

291 1839 449 1907 amptum,
475 1830 647 1907 epichirema
665 1827 730 1886 dici.
762 1827 836 1886 Aliis
851 1828 979 1901 videtur,
1002 1845 1059 1887 non
1076 1829 1243 1889 destinatam
1258 1830 1307 1890 vel

318 1913 477 1972 inchoatam
499 1913 550 1972 sed
572 1913 731 1990 perfectam
746 1910 947 1989 probationem
968 1911 1025 1972 hoc
1039 1930 1143 1972 nomen
1158 1915 1305 1991 accipere,

319 2005 348 2055 et
363 1996 487 2056 ultimam
503 1998 645 2074 speciem;
668 1995 792 2073 ideoque
810 1998 927 2073 propria
952 1997 1013 2054 eius
1031 1997 1188 2074 appellatio
1205 2007 1234 2057 et
1248 2017 1305 2057 ma·

318 2082 393 2139 xime
410 2082 438 2139 in
453 2100 506 2140 usu
524 2088 568 2140 est
586 2081 696 2158 posita,
722 2097 777 2158 qua
792 2080 969 2156 significatur
991 2089 1069 2139 certa
1088 2081 1226 2158 quaedam
1241 2100 1306 2140 sen-

319 2167 424 2224 tentiae
443 2164 673 2242 comprehensio,
691 2181 764 2240 quae
782 2181 819 2222 ex
835 2163 923 2222 tribus
939 2165 1080 2222 minimum
1088 2164 1221 2242 'partibus
1238 2182 1306 2224 con·

290 2257 383 2313 astat.
432 2249 551 2322 Quidam
588 2247 762 2327 epichirema
793 2249 941 2308 rationem
969 2249 1165 2325 appellarunt;
1201 2246 1305 2307 Cicero

318 2333 418 2392 melius
434 2335 703 2405 ratiocinationem,
721 2349 879 2408 quanquam
894 2339 923 2389 et
938 2331 988 2390 ille
1004 2349 1106 2391 nomen
1121 2332 1177 2390 hoc
1188 2332 1306 2391 duxisse

318 2418 407 2492 magis
432 2433 449 2475 a
469 2416 638 2493 syllogismo
664 2415 785 2474 videtur.
830 2414 900 2473 Nam
920 2422 949 2473 et
970 2424 1072 2474 statum
1096 2415 1306 2491 syllogisticum

318 2501 560 2560 ratiocinativam
577 2498 719 2576 appellat,
743 2499 942 2575 exemplisque
957 2501 1044 2557 utitur
1058 2496 1304 2576 philosophorum.

318 2581 354 2640 Et
377 2584 509 2660 quoniam
531 2592 574 2641 εει
597 2581 735 2660 quaedam
754 2584 828 2640 inter
849 2581 1047 2658 syllogismum
1077 2591 1104 2641 et
1131 2581 1306 2660 epichirema

292 2667 464 2731 avicinitas:
490 2673 587 2743 potest
609 2661 700 2724 vide'ri
723 2665 779 2724 hoc
802 2667 915 2724 nomine
938 2675 1019 2724 recte
1047 2665 1161 2725 abusus.
1203 2661 1306 2725 Ἀπό-

320 2749 398 2822 δειξ
405 2772 436 2819 ις
452 2759 496 2807 εει
514 2751 631 2808 evidens
649 2748 791 2827 probatio,
809 2750 933 2827 ideoque
949 2749 1023 2826 apud
1036 2749 1203 2808 Geometras
1215 2771 1306 2826 γραμ-

318 2831 402 2909 μικαὶ
421 2825 579 2905 ἀποδείξεις
598 2832 736 2891 dicuntur.
771 2832 851 2892 Hanc
875 2842 903 2892 ει
924 2832 959 2892 ab
984 2834 1187 2910 epichiremate
1204 2829 1306 2890 Caeci·

319 2916 373 2975 lius
390 2926 469 2994 putat
484 2917 600 2977 differre
615 2917 679 2975 solo
695 2934 804 2994 genere
820 2917 1013 2976 conclusionis
1040 2927 1068 2975 et
1084 2931 1150 2976 esse
1170 2916 1307 2993 apodixin

319 3001 515 3078 imperfectum
539 3001 712 3079 epichirema
733 3001 832 3060 eadem
856 3018 960 3075 causa,
990 3019 1044 3078 qua
1065 3001 1185 3060 diximus
1207 2998 1307 3073 enthy-

318 3102 408 3144 mema
435 3085 603 3161 syllogismo
632 3085 747 3144 distare.
787 3084 859 3143 Nam
887 3094 916 3143 et
945 3084 1119 3162 epichirema
1146 3083 1307 3161 syllogismi

319 3186 386 3246 pars
403 3179 456 3228 est.
484 3169 603 3241 Quidam
616 3172 712 3228 inesse
726 3169 921 3246 epichiremati
941 3169 1075 3246 apodixin
1087 3176 1184 3246 putant
1197 3175 1226 3224 et
1239 3183 1307 3224 esse

289 3262 429 3330 &partem
453 3254 513 3311 eius
536 3254 757 3312 confirmantem.
797 3252 953 3329 Utrumque
975 3261 1067 3311 autem
1088 3269 1246 3329 quanquam
1266 3249 1306 3308 di·

319 3337 396 3401 versi
412 3346 545 3396 auctores
562 3337 663 3397 eodem
681 3337 765 3396 modo
782 3335 895 3409 liniunt,
908 3336 1021 3394 scilicet
1036 3338 1174 3395 rationem
1192 3352 1244 3411 per
1260 3350 1306 3407 ea,

320 3436 393 3496 quae
408 3428 487 3478 certa
502 3431 582 3496 sunt,
599 3423 715 3481 incertis
735 3419 888 3479 fidemnon
903 3418 1015 3478 dubiam
1029 3419 1210 3484 afferentem
1233 3433 1307 3494 quae

319 3510 418 3562 natura
435 3512 479 3561 est
494 3507 615 3563 omnium
629 3513 874 3581 argumentorum,
896 3521 991 3581 neque
1008 3505 1081 3562 enim
1099 3511 1178 3562 certa
1190 3503 1307 3560 incertis

320 3585 511 3646 declarantur.
539 3587 618 3647 llaec
635 3590 727 3647 omnia
742 3588 920 3663 generaliter
933 3587 1041 3658 πίστεις
1056 3586 1213 3664 appellant,
1230 3582 1307 3662 quod

320 3671 430 3731 etiamsi
446 3673 561 3748 propria
577 3673 810 3750 interpretatione
826 3671 923 3731 dicere
937 3669 1029 3747 iidem
1043 3687 1206 3747 possumus,
1224 3685 1307 3746 aper·

313 3756 370 3815 tias
388 3763 485 3815 tamen
497 3756 713 3837 probationem
733 3754 989 3836 interpretabimur.
1034 3753 1092 3814 Sed
1117 3768 1308 3832 argumen-

299 3846 322 3895 h.
