<?xml version="1.0" encoding="UTF-8"?>
<!DOCTYPE html PUBLIC "-//W3C//DTD XHTML 1.0 Transitional//EN"
    "http://www.w3.org/TR/xhtml1/DTD/xhtml1-transitional.dtd">
<html xmlns="http://www.w3.org/1999/xhtml" xml:lang="en" lang="en">
 <head>
  <title>
</title>
<meta http-equiv="Content-Type" content="text/html;charset=utf-8" />
  <meta name='ocr-system' content='tesseract 3.04.00' />
  <meta name='ocr-capabilities' content='ocr_page ocr_carea ocr_par ocr_line ocrx_word'/>
</head>
<body>
  <div class='ocr_page' id='page_1' title='image "./mfabiiquintilia02quingoog_0402.png"; bbox 0 0 3184 4409; ppageno 0'>
   <div class='ocr_carea' id='block_1_1' title="bbox 341 459 1019 531">
    <p class='ocr_par' dir='ltr' id='par_1_1' title="bbox 341 459 1019 531">
     <span class='ocr_line' id='line_1_1' title="bbox 341 459 1019 531; baseline 0 -11"><span class='ocrx_word' id='word_1_1' title='bbox 341 459 381 520; x_wconf 78' lang='lat' dir='ltr'><strong>to</strong></span> <span class='ocrx_word' id='word_1_2' title='bbox 655 470 1019 531; x_wconf 72' lang='lat' dir='ltr'><strong>scunaomurmmnr</strong></span> 
     </span>
    </p>
   </div>
   <div class='ocr_carea' id='block_1_2' title="bbox 337 625 1324 1189">
    <p class='ocr_par' dir='ltr' id='par_1_2' title="bbox 337 625 1324 1189">
     <span class='ocr_line' id='line_1_2' title="bbox 340 625 1324 705; baseline 0.001 -18"><span class='ocrx_word' id='word_1_3' title='bbox 340 626 574 705; x_wconf 81' lang='lat' dir='ltr'><strong>hyperbolen</strong></span> <span class='ocrx_word' id='word_1_4' title='bbox 595 642 720 703; x_wconf 91' lang='lat' dir='ltr'><strong>quoque,</strong></span> <span class='ocrx_word' id='word_1_5' title='bbox 736 644 800 685; x_wconf 91' lang='lat' dir='ltr'><strong>nam</strong></span> <span class='ocrx_word' id='word_1_6' title='bbox 817 625 932 686; x_wconf 84' lang='lat' dir='ltr'><strong>ethaeo</strong></span> <span class='ocrx_word' id='word_1_7' title='bbox 947 625 975 684; x_wconf 94' lang='lat' dir='ltr'><strong>in</strong></span> <span class='ocrx_word' id='word_1_8' title='bbox 989 634 1137 704; x_wconf 91' lang='lat' dir='ltr'><strong>utramque</strong></span> <span class='ocrx_word' id='word_1_9' title='bbox 1151 634 1265 704; x_wconf 86' lang='lat' dir='ltr'><strong>partem</strong></span> <span class='ocrx_word' id='word_1_10' title='bbox 1278 645 1324 689; x_wconf 83' lang='lat' dir='ltr'><strong>va·</strong></span> 
     </span>
     <span class='ocr_line' id='line_1_3' title="bbox 341 705 1322 787; baseline -0.001 -17"><span class='ocrx_word' id='word_1_11' title='bbox 341 711 394 777; x_wconf 79' lang='lat' dir='ltr'><strong>let:</strong></span> <span class='ocrx_word' id='word_1_12' title='bbox 419 709 470 769; x_wconf 89' lang='lat' dir='ltr'><strong>sed</strong></span> <span class='ocrx_word' id='word_1_13' title='bbox 493 712 557 787; x_wconf 92' lang='lat' dir='ltr'><strong>quia</strong></span> <span class='ocrx_word' id='word_1_14' title='bbox 578 709 684 769; x_wconf 83' lang='lat' dir='ltr'><strong>excidit</strong></span> <span class='ocrx_word' id='word_1_15' title='bbox 706 705 762 768; x_wconf 84' lang='lat' dir='ltr'><strong>hoc</strong></span> <span class='ocrx_word' id='word_1_16' title='bbox 784 727 903 769; x_wconf 89' lang='lat' dir='ltr'><strong>nomeu:</strong></span> <span class='ocrx_word' id='word_1_17' title='bbox 923 711 952 769; x_wconf 96' lang='lat' dir='ltr'><strong>in</strong></span> <span class='ocrx_word' id='word_1_18' title='bbox 974 717 1076 787; x_wconf 87' lang='lat' dir='ltr'><strong>tropos</strong></span> <span class='ocrx_word' id='word_1_19' title='bbox 1093 710 1252 770; x_wconf 80' lang='lat' dir='ltr'><strong>differenda</strong></span> <span class='ocrx_word' id='word_1_20' title='bbox 1271 719 1322 771; x_wconf 87' lang='lat' dir='ltr'><strong>est.</strong></span> 
     </span>
     <span class='ocr_line' id='line_1_4' title="bbox 340 792 1324 874; baseline 0.004 -22"><span class='ocrx_word' id='word_1_21' title='bbox 340 795 420 868; x_wconf 77' lang='lat' dir='ltr'><strong>Quos</strong></span> <span class='ocrx_word' id='word_1_22' title='bbox 444 796 576 853; x_wconf 89' lang='lat' dir='ltr'><strong>continuo</strong></span> <span class='ocrx_word' id='word_1_23' title='bbox 600 792 818 869; x_wconf 83' lang='lat' dir='ltr'><strong>subiungerem,</strong></span> <span class='ocrx_word' id='word_1_24' title='bbox 843 794 897 852; x_wconf 92' lang='lat' dir='ltr'><strong>nisi</strong></span> <span class='ocrx_word' id='word_1_25' title='bbox 922 802 1002 854; x_wconf 90' lang='lat' dir='ltr'><strong>esset</strong></span> <span class='ocrx_word' id='word_1_26' title='bbox 1025 811 1041 854; x_wconf 91' lang='lat' dir='ltr'><strong>a</strong></span> <span class='ocrx_word' id='word_1_27' title='bbox 1063 795 1170 854; x_wconf 88' lang='lat' dir='ltr'><strong>ceteris</strong></span> <span class='ocrx_word' id='word_1_28' title='bbox 1193 805 1324 874; x_wconf 85' lang='lat' dir='ltr'><strong>separata</strong></span> 
     </span>
     <span class='ocr_line' id='line_1_5' title="bbox 338 877 1322 955; baseline 0.002 -19"><span class='ocrx_word' id='word_1_29' title='bbox 338 880 411 937; x_wconf 88' lang='lat' dir='ltr'><strong>ratio</strong></span> <span class='ocrx_word' id='word_1_30' title='bbox 426 877 554 953; x_wconf 93' lang='lat' dir='ltr'><strong>dicendi,</strong></span> <span class='ocrx_word' id='word_1_31' title='bbox 576 895 649 955; x_wconf 90' lang='lat' dir='ltr'><strong>quae</strong></span> <span class='ocrx_word' id='word_1_32' title='bbox 666 885 778 936; x_wconf 91' lang='lat' dir='ltr'><strong>constat</strong></span> <span class='ocrx_word' id='word_1_33' title='bbox 793 893 850 935; x_wconf 94' lang='lat' dir='ltr'><strong>non</strong></span> <span class='ocrx_word' id='word_1_34' title='bbox 867 878 993 955; x_wconf 91' lang='lat' dir='ltr'><strong>propriis</strong></span> <span class='ocrx_word' id='word_1_35' title='bbox 1008 877 1061 937; x_wconf 92' lang='lat' dir='ltr'><strong>sed</strong></span> <span class='ocrx_word' id='word_1_36' title='bbox 1076 877 1232 939; x_wconf 75' lang='lat' dir='ltr'><strong>translatis.</strong></span> <span class='ocrx_word' id='word_1_37' title='bbox 1269 879 1322 940; x_wconf 80' lang='lat' dir='ltr'><strong>lla·</strong></span> 
     </span>
     <span class='ocr_line' id='line_1_6' title="bbox 338 959 1323 1040; baseline 0.003 -21"><span class='ocrx_word' id='word_1_38' title='bbox 338 979 399 1019; x_wconf 92' lang='lat' dir='ltr'><strong>mus</strong></span> <span class='ocrx_word' id='word_1_39' title='bbox 416 980 487 1038; x_wconf 82' lang='lat' dir='ltr'><strong>ergo</strong></span> <span class='ocrx_word' id='word_1_40' title='bbox 503 961 629 1020; x_wconf 84' lang='lat' dir='ltr'><strong>breviter</strong></span> <span class='ocrx_word' id='word_1_41' title='bbox 642 959 699 1019; x_wconf 92' lang='lat' dir='ltr'><strong>hoc</strong></span> <span class='ocrx_word' id='word_1_42' title='bbox 714 960 859 1019; x_wconf 90' lang='lat' dir='ltr'><strong>desiderio</strong></span> <span class='ocrx_word' id='word_1_43' title='bbox 874 962 929 1019; x_wconf 92' lang='lat' dir='ltr'><strong>iam</strong></span> <span class='ocrx_word' id='word_1_44' title='bbox 939 977 1033 1039; x_wconf 90' lang='lat' dir='ltr'><strong>paene</strong></span> <span class='ocrx_word' id='word_1_45' title='bbox 1047 961 1177 1040; x_wconf 90' lang='lat' dir='ltr'><strong>publico,</strong></span> <span class='ocrx_word' id='word_1_46' title='bbox 1194 980 1232 1022; x_wconf 88' lang='lat' dir='ltr'><strong>ne</strong></span> <span class='ocrx_word' id='word_1_47' title='bbox 1248 964 1323 1022; x_wconf 76' lang='lat' dir='ltr'><strong>omit</strong></span> 
     </span>
     <span class='ocr_line' id='line_1_7' title="bbox 337 1044 1322 1126; baseline 0.004 -23"><span class='ocrx_word' id='word_1_48' title='bbox 337 1054 429 1104; x_wconf 89' lang='lat' dir='ltr'><strong>tamus</strong></span> <span class='ocrx_word' id='word_1_49' title='bbox 444 1064 523 1120; x_wconf 89' lang='lat' dir='ltr'><strong>eum,</strong></span> <span class='ocrx_word' id='word_1_50' title='bbox 548 1063 631 1124; x_wconf 90' lang='lat' dir='ltr'><strong>quem</strong></span> <span class='ocrx_word' id='word_1_51' title='bbox 652 1044 784 1122; x_wconf 84' lang='lat' dir='ltr'>plerique</span> <span class='ocrx_word' id='word_1_52' title='bbox 805 1046 992 1123; x_wconf 87' lang='lat' dir='ltr'><strong>praecipuum</strong></span> <span class='ocrx_word' id='word_1_53' title='bbox 1006 1063 1041 1105; x_wconf 92' lang='lat' dir='ltr'><strong>ac</strong></span> <span class='ocrx_word' id='word_1_54' title='bbox 1056 1062 1150 1125; x_wconf 90' lang='lat' dir='ltr'><strong>paene</strong></span> <span class='ocrx_word' id='word_1_55' title='bbox 1164 1046 1261 1106; x_wconf 90' lang='lat' dir='ltr'><strong>solum</strong></span> <span class='ocrx_word' id='word_1_56' title='bbox 1276 1065 1322 1126; x_wconf 91' lang='lat' dir='ltr'><strong>pu·</strong></span> 
     </span>
     <span class='ocr_line' id='line_1_8' title="bbox 337 1131 702 1189; baseline -0.005 -1"><span class='ocrx_word' id='word_1_57' title='bbox 337 1138 397 1188; x_wconf 91' lang='lat' dir='ltr'><strong>tant</strong></span> <span class='ocrx_word' id='word_1_58' title='bbox 414 1131 548 1189; x_wconf 90' lang='lat' dir='ltr'><strong>orationis</strong></span> <span class='ocrx_word' id='word_1_59' title='bbox 565 1136 702 1188; x_wconf 89' lang='lat' dir='ltr'><strong>ornatum.</strong></span> 
     </span>
    </p>
   </div>
   <div class='ocr_carea' id='block_1_3' title="bbox 567 1280 1092 1334">
    <p class='ocr_par' dir='ltr' id='par_1_3' title="bbox 567 1280 1092 1334">
     <span class='ocr_line' id='line_1_9' title="bbox 567 1280 1092 1334; baseline 0.004 -2"><span class='ocrx_word' id='word_1_60' title='bbox 567 1282 611 1332; x_wconf 85' lang='lat' dir='ltr'><strong>DE</strong></span> <span class='ocrx_word' id='word_1_61' title='bbox 634 1280 815 1332; x_wconf 84' lang='lat' dir='ltr'><strong>GENERIBUS</strong></span> <span class='ocrx_word' id='word_1_62' title='bbox 831 1280 1092 1334; x_wconf 78' lang='lat' dir='ltr'><strong>SENTENTIARUM.</strong></span> 
     </span>
    </p>
   </div>
   <div class='ocr_carea' id='block_1_4' title="bbox 304 1377 1325 3807">
    <p class='ocr_par' dir='ltr' id='par_1_4' title="bbox 336 1377 1325 1789">
     <span class='ocr_line' id='line_1_10' title="bbox 418 1377 1323 1458; baseline 0.006 -22"><span class='ocrx_word' id='word_1_63' title='bbox 418 1377 454 1436; x_wconf 89' lang='lat' dir='ltr'><strong>V.</strong></span> <span class='ocrx_word' id='word_1_64' title='bbox 487 1379 723 1438; x_wconf 79' lang='lat' dir='ltr'><strong>Sententiam</strong></span> <span class='ocrx_word' id='word_1_65' title='bbox 741 1387 870 1453; x_wconf 87' lang='lat' dir='ltr'><strong>veteres,</strong></span> <span class='ocrx_word' id='word_1_66' title='bbox 888 1379 965 1458; x_wconf 93' lang='lat' dir='ltr'><strong>quod</strong></span> <span class='ocrx_word' id='word_1_67' title='bbox 982 1379 1073 1438; x_wconf 90' lang='lat' dir='ltr'><strong>animo</strong></span> <span class='ocrx_word' id='word_1_68' title='bbox 1089 1377 1260 1456; x_wconf 79' lang='lat' dir='ltr'><strong>sensissent,</strong></span> <span class='ocrx_word' id='word_1_69' title='bbox 1275 1396 1323 1441; x_wconf 87' lang='lat' dir='ltr'><strong>ro·</strong></span> 
     </span>
     <span class='ocr_line' id='line_1_11' title="bbox 338 1462 1322 1541; baseline 0.002 -19"><span class='ocrx_word' id='word_1_70' title='bbox 338 1471 482 1523; x_wconf 87' lang='lat' dir='ltr'><strong>caverunt.</strong></span> <span class='ocrx_word' id='word_1_71' title='bbox 518 1462 551 1522; x_wconf 91' lang='lat' dir='ltr'><strong>Id</strong></span> <span class='ocrx_word' id='word_1_72' title='bbox 572 1480 635 1521; x_wconf 91' lang='lat' dir='ltr'><strong>cum</strong></span> <span class='ocrx_word' id='word_1_73' title='bbox 659 1471 703 1522; x_wconf 91' lang='lat' dir='ltr'><strong>est</strong></span> <span class='ocrx_word' id='word_1_74' title='bbox 726 1463 802 1539; x_wconf 92' lang='lat' dir='ltr'><strong>apud</strong></span> <span class='ocrx_word' id='word_1_75' title='bbox 824 1473 956 1523; x_wconf 87' lang='lat' dir='ltr'><strong>oratores</strong></span> <span class='ocrx_word' id='word_1_76' title='bbox 971 1462 1248 1541; x_wconf 78' lang='lat' dir='ltr'><strong>frequentissimum,</strong></span> <span class='ocrx_word' id='word_1_77' title='bbox 1268 1473 1322 1524; x_wconf 85' lang='lat' dir='ltr'><strong>tun</strong></span> 
     </span>
     <span class='ocr_line' id='line_1_12' title="bbox 338 1543 1322 1625; baseline 0.002 -19"><span class='ocrx_word' id='word_1_78' title='bbox 338 1547 422 1606; x_wconf 89' lang='lat' dir='ltr'><strong>etiam</strong></span> <span class='ocrx_word' id='word_1_79' title='bbox 444 1548 472 1605; x_wconf 90' lang='lat' dir='ltr'><strong>in</strong></span> <span class='ocrx_word' id='word_1_80' title='bbox 495 1564 547 1604; x_wconf 90' lang='lat' dir='ltr'><strong>usu</strong></span> <span class='ocrx_word' id='word_1_81' title='bbox 569 1546 711 1605; x_wconf 90' lang='lat' dir='ltr'><strong>cotidiano</strong></span> <span class='ocrx_word' id='word_1_82' title='bbox 737 1543 873 1623; x_wconf 77' lang='lat' dir='ltr'><strong>quasdem</strong></span> <span class='ocrx_word' id='word_1_83' title='bbox 888 1546 1026 1625; x_wconf 81' lang='lat' dir='ltr'><strong>reliquias</strong></span> <span class='ocrx_word' id='word_1_84' title='bbox 1041 1544 1143 1613; x_wconf 87' lang='lat' dir='ltr'><strong>habet;</strong></span> <span class='ocrx_word' id='word_1_85' title='bbox 1160 1563 1225 1606; x_wconf 91' lang='lat' dir='ltr'><strong>nam</strong></span> <span class='ocrx_word' id='word_1_86' title='bbox 1241 1557 1272 1608; x_wconf 91' lang='lat' dir='ltr'><strong>et</strong></span> <span class='ocrx_word' id='word_1_87' title='bbox 1286 1548 1322 1607; x_wconf 91' lang='lat' dir='ltr'><strong>in·</strong></span> 
     </span>
     <span class='ocr_line' id='line_1_13' title="bbox 336 1629 1325 1707; baseline 0.003 -17"><span class='ocrx_word' id='word_1_88' title='bbox 336 1631 424 1690; x_wconf 89' lang='lat' dir='ltr'><strong>raturi</strong></span> <span class='ocrx_word' id='word_1_89' title='bbox 438 1649 478 1690; x_wconf 82' lang='lat' dir='ltr'><strong>ec</strong></span> <span class='ocrx_word' id='word_1_90' title='bbox 492 1631 584 1690; x_wconf 78' lang='lat' dir='ltr'><strong>ocimi</strong></span> <span class='ocrx_word' id='word_1_91' title='bbox 599 1632 695 1690; x_wconf 81' lang='lat' dir='ltr'><strong>nostri</strong></span> <span class='ocrx_word' id='word_1_92' title='bbox 709 1633 858 1692; x_wconf 79' lang='lat' dir='ltr'><strong>cententio</strong></span> <span class='ocrx_word' id='word_1_93' title='bbox 879 1639 908 1689; x_wconf 90' lang='lat' dir='ltr'><strong>et</strong></span> <span class='ocrx_word' id='word_1_94' title='bbox 930 1629 1107 1707; x_wconf 82' lang='lat' dir='ltr'><strong>gratulantes</strong></span> <span class='ocrx_word' id='word_1_95' title='bbox 1124 1648 1164 1690; x_wconf 81' lang='lat' dir='ltr'><strong>ec</strong></span> <span class='ocrx_word' id='word_1_96' title='bbox 1177 1634 1325 1693; x_wconf 80' lang='lat' dir='ltr'><strong>sententio</strong></span> 
     </span>
     <span class='ocr_line' id='line_1_14' title="bbox 337 1712 1324 1789; baseline 0.003 -16"><span class='ocrx_word' id='word_1_97' title='bbox 337 1714 465 1774; x_wconf 89' lang='lat' dir='ltr'><strong>dicimus.</strong></span> <span class='ocrx_word' id='word_1_98' title='bbox 504 1712 570 1771; x_wconf 89' lang='lat' dir='ltr'><strong>Nou</strong></span> <span class='ocrx_word' id='word_1_99' title='bbox 588 1730 653 1772; x_wconf 91' lang='lat' dir='ltr'><strong>raro</strong></span> <span class='ocrx_word' id='word_1_100' title='bbox 671 1723 764 1775; x_wconf 90' lang='lat' dir='ltr'><strong>tamen</strong></span> <span class='ocrx_word' id='word_1_101' title='bbox 781 1723 812 1774; x_wconf 90' lang='lat' dir='ltr'><strong>et</strong></span> <span class='ocrx_word' id='word_1_102' title='bbox 830 1716 873 1774; x_wconf 91' lang='lat' dir='ltr'><strong>sic</strong></span> <span class='ocrx_word' id='word_1_103' title='bbox 889 1715 978 1774; x_wconf 91' lang='lat' dir='ltr'><strong>locuti</strong></span> <span class='ocrx_word' id='word_1_104' title='bbox 993 1722 1073 1789; x_wconf 92' lang='lat' dir='ltr'><strong>sunt,</strong></span> <span class='ocrx_word' id='word_1_105' title='bbox 1096 1721 1128 1772; x_wconf 91' lang='lat' dir='ltr'><strong>ut</strong></span> <span class='ocrx_word' id='word_1_106' title='bbox 1148 1732 1260 1775; x_wconf 90' lang='lat' dir='ltr'><strong>sensa</strong></span> <span class='ocrx_word' id='word_1_107' title='bbox 1276 1732 1324 1776; x_wconf 92' lang='lat' dir='ltr'><strong>sua</strong></span> 
     </span>
    </p>

    <p class='ocr_par' dir='ltr' id='par_1_5' title="bbox 308 1797 1325 2295">
     <span class='ocr_line' id='line_1_15' title="bbox 308 1797 1324 1877; baseline 0.004 -21"><span class='ocrx_word' id='word_1_108' title='bbox 308 1798 480 1864; x_wconf 74' lang='lat' dir='ltr'><strong>adicerent3</strong></span> <span class='ocrx_word' id='word_1_109' title='bbox 506 1814 570 1855; x_wconf 90' lang='lat' dir='ltr'><strong>nam</strong></span> <span class='ocrx_word' id='word_1_110' title='bbox 591 1815 720 1856; x_wconf 90' lang='lat' dir='ltr'><strong>sensus</strong></span> <span class='ocrx_word' id='word_1_111' title='bbox 742 1800 874 1877; x_wconf 90' lang='lat' dir='ltr'><strong>corporis</strong></span> <span class='ocrx_word' id='word_1_112' title='bbox 894 1797 1072 1857; x_wconf 90' lang='lat' dir='ltr'><strong>videbantur.</strong></span> <span class='ocrx_word' id='word_1_113' title='bbox 1120 1797 1178 1856; x_wconf 91' lang='lat' dir='ltr'><strong>Sed</strong></span> <span class='ocrx_word' id='word_1_114' title='bbox 1203 1815 1324 1860; x_wconf 87' lang='lat' dir='ltr'><strong>consue·</strong></span> 
     </span>
     <span class='ocr_line' id='line_1_16' title="bbox 336 1880 1324 1959; baseline 0.005 -20"><span class='ocrx_word' id='word_1_115' title='bbox 336 1880 405 1939; x_wconf 92' lang='lat' dir='ltr'><strong>tudo</strong></span> <span class='ocrx_word' id='word_1_116' title='bbox 420 1883 474 1940; x_wconf 90' lang='lat' dir='ltr'><strong>iam</strong></span> <span class='ocrx_word' id='word_1_117' title='bbox 489 1882 595 1956; x_wconf 87' lang='lat' dir='ltr'><strong>tenuit,</strong></span> <span class='ocrx_word' id='word_1_118' title='bbox 620 1890 651 1939; x_wconf 90' lang='lat' dir='ltr'><strong>ut</strong></span> <span class='ocrx_word' id='word_1_119' title='bbox 672 1891 766 1941; x_wconf 90' lang='lat' dir='ltr'><strong>mente</strong></span> <span class='ocrx_word' id='word_1_120' title='bbox 790 1891 932 1959; x_wconf 89' lang='lat' dir='ltr'><strong>concepta</strong></span> <span class='ocrx_word' id='word_1_121' title='bbox 954 1899 1055 1941; x_wconf 89' lang='lat' dir='ltr'><strong>seusus</strong></span> <span class='ocrx_word' id='word_1_122' title='bbox 1072 1898 1261 1959; x_wconf 79' lang='lat' dir='ltr'><strong>vocaremus,</strong></span> <span class='ocrx_word' id='word_1_123' title='bbox 1284 1883 1324 1944; x_wconf 90' lang='lat' dir='ltr'><strong>lu·</strong></span> 
     </span>
     <span class='ocr_line' id='line_1_17' title="bbox 335 1964 1325 2044; baseline 0.006 -22"><span class='ocrx_word' id='word_1_124' title='bbox 335 1965 408 2023; x_wconf 90' lang='lat' dir='ltr'><strong>mina</strong></span> <span class='ocrx_word' id='word_1_125' title='bbox 430 1974 523 2023; x_wconf 91' lang='lat' dir='ltr'><strong>autem</strong></span> <span class='ocrx_word' id='word_1_126' title='bbox 540 1967 754 2044; x_wconf 91' lang='lat' dir='ltr'><strong>praecipueque</strong></span> <span class='ocrx_word' id='word_1_127' title='bbox 775 1966 804 2025; x_wconf 90' lang='lat' dir='ltr'><strong>in</strong></span> <span class='ocrx_word' id='word_1_128' title='bbox 824 1965 960 2026; x_wconf 82' lang='lat' dir='ltr'><strong>clausulis</strong></span> <span class='ocrx_word' id='word_1_129' title='bbox 983 1967 1077 2044; x_wconf 90' lang='lat' dir='ltr'><strong>posita</strong></span> <span class='ocrx_word' id='word_1_130' title='bbox 1098 1964 1325 2036; x_wconf 68' lang='lat' dir='ltr'><strong>sententiam</strong></span> 
     </span>
     <span class='ocr_line' id='line_1_18' title="bbox 337 2049 1324 2128; baseline 0.005 -22"><span class='ocrx_word' id='word_1_131' title='bbox 337 2066 410 2126; x_wconf 89' lang='lat' dir='ltr'><strong>quae</strong></span> <span class='ocrx_word' id='word_1_132' title='bbox 434 2050 524 2107; x_wconf 93' lang='lat' dir='ltr'><strong>minus</strong></span> <span class='ocrx_word' id='word_1_133' title='bbox 553 2049 718 2109; x_wconf 88' lang='lat' dir='ltr'><strong>celebratae</strong></span> <span class='ocrx_word' id='word_1_134' title='bbox 748 2050 823 2128; x_wconf 90' lang='lat' dir='ltr'><strong>apud</strong></span> <span class='ocrx_word' id='word_1_135' title='bbox 855 2051 987 2128; x_wconf 91' lang='lat' dir='ltr'><strong>antiquos</strong></span> <span class='ocrx_word' id='word_1_136' title='bbox 1015 2050 1120 2109; x_wconf 86' lang='lat' dir='ltr'><strong>nostris</strong></span> <span class='ocrx_word' id='word_1_137' title='bbox 1145 2050 1324 2127; x_wconf 86' lang='lat' dir='ltr'><strong>temporibus</strong></span> 
     </span>
     <span class='ocr_line' id='line_1_19' title="bbox 336 2131 1324 2211; baseline 0.004 -20"><span class='ocrx_word' id='word_1_138' title='bbox 336 2132 421 2191; x_wconf 92' lang='lat' dir='ltr'><strong>modo</strong></span> <span class='ocrx_word' id='word_1_139' title='bbox 438 2141 544 2192; x_wconf 90' lang='lat' dir='ltr'><strong>carent.</strong></span> <span class='ocrx_word' id='word_1_140' title='bbox 574 2131 701 2211; x_wconf 87' lang='lat' dir='ltr'><strong>Ideoque</strong></span> <span class='ocrx_word' id='word_1_141' title='bbox 716 2134 782 2193; x_wconf 90' lang='lat' dir='ltr'><strong>milri</strong></span> <span class='ocrx_word' id='word_1_142' title='bbox 799 2143 828 2193; x_wconf 89' lang='lat' dir='ltr'><strong>et</strong></span> <span class='ocrx_word' id='word_1_143' title='bbox 843 2133 880 2194; x_wconf 94' lang='lat' dir='ltr'><strong>de</strong></span> <span class='ocrx_word' id='word_1_144' title='bbox 892 2133 1046 2211; x_wconf 81' lang='lat' dir='ltr'><strong>generibus</strong></span> <span class='ocrx_word' id='word_1_145' title='bbox 1063 2150 1159 2194; x_wconf 90' lang='lat' dir='ltr'><strong>earum</strong></span> <span class='ocrx_word' id='word_1_146' title='bbox 1174 2142 1204 2192; x_wconf 91' lang='lat' dir='ltr'><strong>et</strong></span> <span class='ocrx_word' id='word_1_147' title='bbox 1219 2133 1257 2194; x_wconf 96' lang='lat' dir='ltr'><strong>de</strong></span> <span class='ocrx_word' id='word_1_148' title='bbox 1273 2153 1324 2195; x_wconf 90' lang='lat' dir='ltr'><strong>usu</strong></span> 
     </span>
     <span class='ocr_line' id='line_1_20' title="bbox 336 2216 1276 2295; baseline 0.006 -20"><span class='ocrx_word' id='word_1_149' title='bbox 336 2216 459 2276; x_wconf 90' lang='lat' dir='ltr'><strong>arbitror</strong></span> <span class='ocrx_word' id='word_1_150' title='bbox 473 2234 564 2295; x_wconf 92' lang='lat' dir='ltr'><strong>pauca</strong></span> <span class='ocrx_word' id='word_1_151' title='bbox 580 2217 709 2278; x_wconf 86' lang='lat' dir='ltr'><strong>dicenda.</strong></span> <span class='ocrx_word' id='word_1_152' title='bbox 1273 2216 1276 2223; x_wconf 75' lang='grc'><strong>’</strong></span> 
     </span>
    </p>

    <p class='ocr_par' dir='ltr' id='par_1_6' title="bbox 307 2299 1325 2966">
     <span class='ocr_line' id='line_1_21' title="bbox 307 2299 1324 2380; baseline 0.004 -22"><span class='ocrx_word' id='word_1_153' title='bbox 307 2311 325 2365; x_wconf 81' lang='lat'><strong>3</strong></span> <span class='ocrx_word' id='word_1_154' title='bbox 418 2300 639 2378; x_wconf 84' lang='lat' dir='ltr'><strong>Antiquissimae</strong></span> <span class='ocrx_word' id='word_1_155' title='bbox 665 2309 745 2376; x_wconf 92' lang='lat' dir='ltr'><strong>sunt,</strong></span> <span class='ocrx_word' id='word_1_156' title='bbox 778 2318 853 2379; x_wconf 91' lang='lat' dir='ltr'><strong>quae</strong></span> <span class='ocrx_word' id='word_1_157' title='bbox 876 2302 1011 2380; x_wconf 79' lang='lat' dir='ltr'><strong>proprie,</strong></span> <span class='ocrx_word' id='word_1_158' title='bbox 1038 2299 1165 2379; x_wconf 81' lang='lat' dir='ltr'><strong>quamvis</strong></span> <span class='ocrx_word' id='word_1_159' title='bbox 1193 2301 1324 2362; x_wconf 89' lang='lat' dir='ltr'><strong>omnihus</strong></span> 
     </span>
     <span class='ocr_line' id='line_1_22' title="bbox 336 2380 1325 2464; baseline 0.003 -22"><span class='ocrx_word' id='word_1_160' title='bbox 336 2384 410 2443; x_wconf 90' lang='lat' dir='ltr'><strong>idem</strong></span> <span class='ocrx_word' id='word_1_161' title='bbox 431 2401 534 2443; x_wconf 90' lang='lat' dir='ltr'><strong>nomen</strong></span> <span class='ocrx_word' id='word_1_162' title='bbox 561 2387 615 2460; x_wconf 89' lang='lat' dir='ltr'><strong>sit,</strong></span> <span class='ocrx_word' id='word_1_163' title='bbox 638 2385 796 2444; x_wconf 89' lang='lat' dir='ltr'><strong>sententiae</strong></span> <span class='ocrx_word' id='word_1_164' title='bbox 812 2395 966 2461; x_wconf 87' lang='lat' dir='ltr'><strong>vocantur,</strong></span> <span class='ocrx_word' id='word_1_165' title='bbox 992 2402 1062 2462; x_wconf 90' lang='lat' dir='ltr'><strong>quas</strong></span> <span class='ocrx_word' id='word_1_166' title='bbox 1084 2383 1185 2444; x_wconf 86' lang='lat' dir='ltr'><strong>Graeci</strong></span> <span class='ocrx_word' id='word_1_167' title='bbox 1206 2380 1325 2464; x_wconf 75' lang='grc' dir='ltr'><strong><em>γνώμας</em></strong></span> 
     </span>
     <span class='ocr_line' id='line_1_23' title="bbox 335 2466 1323 2548; baseline 0.004 -23"><span class='ocrx_word' id='word_1_168' title='bbox 335 2466 497 2545; x_wconf 83' lang='lat' dir='ltr'><strong>appellant;</strong></span> <span class='ocrx_word' id='word_1_169' title='bbox 521 2476 670 2546; x_wconf 91' lang='lat' dir='ltr'><strong>utrumque</strong></span> <span class='ocrx_word' id='word_1_170' title='bbox 692 2477 784 2528; x_wconf 87' lang='lat' dir='ltr'><strong>autem</strong></span> <span class='ocrx_word' id='word_1_171' title='bbox 806 2486 909 2529; x_wconf 90' lang='lat' dir='ltr'><strong>nomen</strong></span> <span class='ocrx_word' id='word_1_172' title='bbox 925 2487 962 2529; x_wconf 88' lang='lat' dir='ltr'><strong>ex</strong></span> <span class='ocrx_word' id='word_1_173' title='bbox 979 2486 1015 2528; x_wconf 95' lang='lat' dir='ltr'><strong>eo</strong></span> <span class='ocrx_word' id='word_1_174' title='bbox 1034 2478 1220 2545; x_wconf 88' lang='lat' dir='ltr'><strong>acceperunt,</strong></span> <span class='ocrx_word' id='word_1_175' title='bbox 1247 2469 1323 2548; x_wconf 91' lang='lat' dir='ltr'><strong>quod</strong></span> 
     </span>
     <span class='ocr_line' id='line_1_24' title="bbox 334 2551 1323 2613; baseline 0.005 -6"><span class='ocrx_word' id='word_1_176' title='bbox 334 2551 441 2609; x_wconf 86' lang='lat' dir='ltr'><strong>similes</strong></span> <span class='ocrx_word' id='word_1_177' title='bbox 458 2560 521 2610; x_wconf 91' lang='lat' dir='ltr'><strong>suut</strong></span> <span class='ocrx_word' id='word_1_178' title='bbox 543 2553 670 2611; x_wconf 88' lang='lat' dir='ltr'><strong>consiliis</strong></span> <span class='ocrx_word' id='word_1_179' title='bbox 688 2562 734 2611; x_wconf 91' lang='lat' dir='ltr'><strong>aut</strong></span> <span class='ocrx_word' id='word_1_180' title='bbox 752 2552 886 2612; x_wconf 83' lang='lat' dir='ltr'><strong>decretis.</strong></span> <span class='ocrx_word' id='word_1_181' title='bbox 924 2551 977 2613; x_wconf 86' lang='lat' dir='ltr'><strong>Est</strong></span> <span class='ocrx_word' id='word_1_182' title='bbox 993 2561 1087 2613; x_wconf 91' lang='lat' dir='ltr'><strong>autem</strong></span> <span class='ocrx_word' id='word_1_183' title='bbox 1101 2552 1249 2612; x_wconf 83' lang='lat' dir='ltr'><strong>haec-vox</strong></span> <span class='ocrx_word' id='word_1_184' title='bbox 1265 2554 1323 2612; x_wconf 92' lang='lat' dir='ltr'><strong>uni·</strong></span> 
     </span>
     <span class='ocr_line' id='line_1_25' title="bbox 333 2633 1324 2716; baseline 0.008 -26"><span class='ocrx_word' id='word_1_185' title='bbox 333 2633 472 2709; x_wconf 85' lang='lat' dir='ltr'><strong>versalis,</strong></span> <span class='ocrx_word' id='word_1_186' title='bbox 494 2653 568 2713; x_wconf 91' lang='lat' dir='ltr'><strong>quae</strong></span> <span class='ocrx_word' id='word_1_187' title='bbox 590 2638 673 2696; x_wconf 90' lang='lat' dir='ltr'><strong>etiam</strong></span> <span class='ocrx_word' id='word_1_188' title='bbox 695 2638 765 2696; x_wconf 86' lang='lat' dir='ltr'><strong>citra</strong></span> <span class='ocrx_word' id='word_1_189' title='bbox 793 2636 973 2716; x_wconf 87' lang='lat' dir='ltr'><strong>complexum</strong></span> <span class='ocrx_word' id='word_1_190' title='bbox 1002 2653 1107 2696; x_wconf 90' lang='lat' dir='ltr'><strong>causae</strong></span> <span class='ocrx_word' id='word_1_191' title='bbox 1135 2639 1230 2715; x_wconf 89' lang='lat' dir='ltr'><strong>possit</strong></span> <span class='ocrx_word' id='word_1_192' title='bbox 1256 2655 1324 2698; x_wconf 87' lang='lat' dir='ltr'><strong>esse</strong></span> 
     </span>
     <span class='ocr_line' id='line_1_26' title="bbox 335 2716 1323 2796; baseline 0.006 -20"><span class='ocrx_word' id='word_1_193' title='bbox 335 2716 500 2794; x_wconf 88' lang='lat' dir='ltr'><strong>laudabilis,</strong></span> <span class='ocrx_word' id='word_1_194' title='bbox 522 2719 633 2778; x_wconf 91' lang='lat' dir='ltr'><strong>interim</strong></span> <span class='ocrx_word' id='word_1_195' title='bbox 655 2719 690 2778; x_wconf 91' lang='lat' dir='ltr'><strong>ad</strong></span> <span class='ocrx_word' id='word_1_196' title='bbox 714 2738 773 2779; x_wconf 89' lang='lat' dir='ltr'><strong>rem</strong></span> <span class='ocrx_word' id='word_1_197' title='bbox 789 2729 896 2780; x_wconf 86' lang='lat' dir='ltr'><strong>tantum</strong></span> <span class='ocrx_word' id='word_1_198' title='bbox 912 2720 1019 2796; x_wconf 90' lang='lat' dir='ltr'><strong>relata,</strong></span> <span class='ocrx_word' id='word_1_199' title='bbox 1042 2728 1073 2778; x_wconf 90' lang='lat' dir='ltr'><strong>ut</strong></span> <span class='ocrx_word' id='word_1_200' title='bbox 1090 2718 1173 2784; x_wconf 79' lang='lat' dir='ltr'><strong>Na&#39;lrt&#39;l</strong></span> <span class='ocrx_word' id='word_1_201' title='bbox 1196 2729 1242 2782; x_wconf 81' lang='lat' dir='ltr'><strong>cat</strong></span> <span class='ocrx_word' id='word_1_202' title='bbox 1263 2730 1323 2782; x_wconf 85' lang='lat' dir='ltr'><strong>tam</strong></span> 
     </span>
     <span class='ocr_line' id='line_1_27' title="bbox 331 2803 1324 2882; baseline 0.002 -21"><span class='ocrx_word' id='word_1_203' title='bbox 331 2803 478 2878; x_wconf 84' lang='lat' dir='ltr'><strong>populare</strong></span> <span class='ocrx_word' id='word_1_204' title='bbox 505 2818 596 2879; x_wconf 82' lang='lat' dir='ltr'><strong>quom</strong></span> <span class='ocrx_word' id='word_1_205' title='bbox 621 2805 757 2874; x_wconf 81' lang='lat' dir='ltr'><strong>bonitos;</strong></span> <span class='ocrx_word' id='word_1_206' title='bbox 779 2806 890 2863; x_wconf 91' lang='lat' dir='ltr'><strong>interim</strong></span> <span class='ocrx_word' id='word_1_207' title='bbox 913 2804 948 2863; x_wconf 92' lang='lat' dir='ltr'><strong>ad</strong></span> <span class='ocrx_word' id='word_1_208' title='bbox 971 2821 1141 2881; x_wconf 83' lang='lat' dir='ltr'><strong>personam,</strong></span> <span class='ocrx_word' id='word_1_209' title='bbox 1164 2804 1251 2882; x_wconf 92' lang='lat' dir='ltr'><strong>quale</strong></span> <span class='ocrx_word' id='word_1_210' title='bbox 1279 2813 1324 2865; x_wconf 89' lang='lat' dir='ltr'><strong>est</strong></span> 
     </span>
     <span class='ocr_line' id='line_1_28' title="bbox 334 2884 1323 2966; baseline 0.007 -23"><span class='ocrx_word' id='word_1_211' title='bbox 334 2884 397 2944; x_wconf 79' lang='lat' dir='ltr'><strong>Airi</strong></span> <span class='ocrx_word' id='word_1_212' title='bbox 413 2885 544 2961; x_wconf 89' lang='lat' dir='ltr'><strong>Domitii,</strong></span> <span class='ocrx_word' id='word_1_213' title='bbox 562 2884 724 2965; x_wconf 81' lang='lat' dir='ltr'><strong>Princeps,</strong></span> <span class='ocrx_word' id='word_1_214' title='bbox 747 2889 797 2965; x_wconf 83' lang='lat' dir='ltr'><strong>qni</strong></span> <span class='ocrx_word' id='word_1_215' title='bbox 812 2890 875 2949; x_wconf 85' lang='lat' dir='ltr'><strong>cult</strong></span> <span class='ocrx_word' id='word_1_216' title='bbox 889 2889 990 2949; x_wconf 84' lang='lat' dir='ltr'><strong>omnio</strong></span> <span class='ocrx_word' id='word_1_217' title='bbox 1007 2889 1105 2966; x_wconf 81' lang='lat' dir='ltr'><strong>scire,</strong></span> <span class='ocrx_word' id='word_1_218' title='bbox 1125 2907 1250 2950; x_wconf 81' lang='lat' dir='ltr'><strong>neccsse</strong></span> <span class='ocrx_word' id='word_1_219' title='bbox 1266 2890 1323 2950; x_wconf 79' lang='lat' dir='ltr'><strong>lao-</strong></span> 
     </span>
    </p>

    <p class='ocr_par' dir='ltr' id='par_1_7' title="bbox 304 2970 1325 3553">
     <span class='ocr_line' id='line_1_29' title="bbox 304 2970 1322 3050; baseline 0 -19"><span class='ocrx_word' id='word_1_220' title='bbox 304 2970 381 3032; x_wconf 81' lang='lat' dir='ltr'><strong>4bet</strong></span> <span class='ocrx_word' id='word_1_221' title='bbox 404 2971 497 3030; x_wconf 84' lang='lat' dir='ltr'><strong>molto</strong></span> <span class='ocrx_word' id='word_1_222' title='bbox 520 2972 687 3048; x_wconf 80' lang='lat' dir='ltr'><strong>tpaoscore.</strong></span> <span class='ocrx_word' id='word_1_223' title='bbox 725 2970 809 3035; x_wconf 67' lang='lat' dir='ltr'><strong>,Hanc</strong></span> <span class='ocrx_word' id='word_1_224' title='bbox 830 2972 942 3049; x_wconf 88' lang='lat' dir='ltr'><strong>quidam</strong></span> <span class='ocrx_word' id='word_1_225' title='bbox 962 2980 1073 3050; x_wconf 90' lang='lat' dir='ltr'><strong>partem</strong></span> <span class='ocrx_word' id='word_1_226' title='bbox 1095 2972 1322 3048; x_wconf 77' lang='lat' dir='ltr'><strong>enthymematis,</strong></span> 
     </span>
     <span class='ocr_line' id='line_1_30' title="bbox 336 3053 1321 3134; baseline 0.004 -23"><span class='ocrx_word' id='word_1_227' title='bbox 336 3053 447 3129; x_wconf 92' lang='lat' dir='ltr'><strong>quidam</strong></span> <span class='ocrx_word' id='word_1_228' title='bbox 467 3055 574 3113; x_wconf 86' lang='lat' dir='ltr'><strong>initium</strong></span> <span class='ocrx_word' id='word_1_229' title='bbox 593 3062 641 3113; x_wconf 89' lang='lat' dir='ltr'><strong>aut</strong></span> <span class='ocrx_word' id='word_1_230' title='bbox 669 3055 826 3114; x_wconf 87' lang='lat' dir='ltr'><strong>clausulam</strong></span> <span class='ocrx_word' id='word_1_231' title='bbox 846 3055 1058 3134; x_wconf 88' lang='lat' dir='ltr'><strong>epichirematis</strong></span> <span class='ocrx_word' id='word_1_232' title='bbox 1083 3074 1150 3116; x_wconf 91' lang='lat' dir='ltr'><strong>esse</strong></span> <span class='ocrx_word' id='word_1_233' title='bbox 1172 3057 1321 3125; x_wconf 89' lang='lat' dir='ltr'><strong>dixeruut;</strong></span> 
     </span>
     <span class='ocr_line' id='line_1_31' title="bbox 333 3138 1323 3217; baseline 0.005 -23"><span class='ocrx_word' id='word_1_234' title='bbox 333 3145 363 3194; x_wconf 87' lang='lat' dir='ltr'><strong>et</strong></span> <span class='ocrx_word' id='word_1_235' title='bbox 384 3147 428 3196; x_wconf 91' lang='lat' dir='ltr'><strong>est</strong></span> <span class='ocrx_word' id='word_1_236' title='bbox 440 3138 597 3215; x_wconf 88' lang='lat' dir='ltr'><strong>aliquando</strong></span> <span class='ocrx_word' id='word_1_237' title='bbox 609 3149 669 3196; x_wconf 78' lang='lat' dir='ltr'><strong>‘non</strong></span> <span class='ocrx_word' id='word_1_238' title='bbox 684 3148 777 3198; x_wconf 90' lang='lat' dir='ltr'><strong>tamen</strong></span> <span class='ocrx_word' id='word_1_239' title='bbox 793 3157 918 3217; x_wconf 88' lang='lat' dir='ltr'><strong>semper.</strong></span> <span class='ocrx_word' id='word_1_240' title='bbox 949 3139 1023 3199; x_wconf 93' lang='lat' dir='ltr'><strong>lllud</strong></span> <span class='ocrx_word' id='word_1_241' title='bbox 1039 3142 1153 3214; x_wconf 90' lang='lat' dir='ltr'><strong>verius,</strong></span> <span class='ocrx_word' id='word_1_242' title='bbox 1167 3158 1243 3200; x_wconf 84' lang='lat' dir='ltr'><strong>csse</strong></span> <span class='ocrx_word' id='word_1_243' title='bbox 1259 3157 1323 3200; x_wconf 91' lang='lat' dir='ltr'><strong>eam</strong></span> 
     </span>
     <span class='ocr_line' id='line_1_32' title="bbox 333 3218 1323 3302; baseline 0.006 -24"><span class='ocrx_word' id='word_1_244' title='bbox 333 3218 483 3296; x_wconf 91' lang='lat' dir='ltr'><strong>aliquando</strong></span> <span class='ocrx_word' id='word_1_245' title='bbox 506 3222 681 3301; x_wconf 87' lang='lat' dir='ltr'><strong>simplicem,</strong></span> <span class='ocrx_word' id='word_1_246' title='bbox 704 3231 734 3281; x_wconf 91' lang='lat' dir='ltr'><strong>ut</strong></span> <span class='ocrx_word' id='word_1_247' title='bbox 749 3241 801 3297; x_wconf 88' lang='lat' dir='ltr'><strong>ea,</strong></span> <span class='ocrx_word' id='word_1_248' title='bbox 823 3241 897 3301; x_wconf 90' lang='lat' dir='ltr'><strong>quae</strong></span> <span class='ocrx_word' id='word_1_249' title='bbox 912 3241 998 3300; x_wconf 90' lang='lat' dir='ltr'><strong>supra</strong></span> <span class='ocrx_word' id='word_1_250' title='bbox 1014 3223 1085 3293; x_wconf 79' lang='lat' dir='ltr'><strong>dixi3</strong></span> <span class='ocrx_word' id='word_1_251' title='bbox 1107 3223 1261 3302; x_wconf 91' lang='lat' dir='ltr'><strong>aliquando</strong></span> <span class='ocrx_word' id='word_1_252' title='bbox 1278 3241 1323 3284; x_wconf 92' lang='lat' dir='ltr'><strong>ra·</strong></span> 
     </span>
     <span class='ocr_line' id='line_1_33' title="bbox 333 3304 1325 3386; baseline 0.009 -26"><span class='ocrx_word' id='word_1_253' title='bbox 333 3304 411 3362; x_wconf 90' lang='lat' dir='ltr'><strong>tione</strong></span> <span class='ocrx_word' id='word_1_254' title='bbox 427 3306 572 3367; x_wconf 89' lang='lat' dir='ltr'><strong>subiecta:</strong></span> <span class='ocrx_word' id='word_1_255' title='bbox 588 3304 667 3367; x_wconf 89' lang='lat' dir='ltr'><strong>Nom</strong></span> <span class='ocrx_word' id='word_1_256' title='bbox 682 3308 806 3367; x_wconf 75' lang='lat' dir='ltr'><strong>inomni</strong></span> <span class='ocrx_word' id='word_1_257' title='bbox 822 3309 1002 3384; x_wconf 77' lang='lat' dir='ltr'><strong>certonainc,</strong></span> <span class='ocrx_word' id='word_1_258' title='bbox 1019 3310 1071 3384; x_wconf 81' lang='lat' dir='ltr'><strong>qui</strong></span> <span class='ocrx_word' id='word_1_259' title='bbox 1085 3311 1325 3386; x_wconf 74' lang='lat' dir='ltr'><strong>opulentiorem,</strong></span> 
     </span>
     <span class='ocr_line' id='line_1_34' title="bbox 333 3388 1324 3471; baseline 0.007 -24"><span class='ocrx_word' id='word_1_260' title='bbox 333 3388 450 3448; x_wconf 82' lang='lat' dir='ltr'><strong>etiamsi</strong></span> <span class='ocrx_word' id='word_1_261' title='bbox 464 3393 576 3469; x_wconf 80' lang='lat' dir='ltr'><strong>occipit</strong></span> <span class='ocrx_word' id='word_1_262' title='bbox 591 3392 754 3466; x_wconf 80' lang='lat' dir='ltr'><strong>iniurium,</strong></span> <span class='ocrx_word' id='word_1_263' title='bbox 776 3398 890 3467; x_wconf 85' lang='lat' dir='ltr'><strong>tomen,</strong></span> <span class='ocrx_word' id='word_1_264' title='bbox 916 3393 988 3469; x_wconf 84' lang='lat' dir='ltr'><strong>quio</strong></span> <span class='ocrx_word' id='word_1_265' title='bbox 1006 3393 1075 3469; x_wconf 82' lang='lat' dir='ltr'><strong>pluo</strong></span> <span class='ocrx_word' id='word_1_266' title='bbox 1087 3401 1198 3470; x_wconf 80' lang='lat' dir='ltr'><strong>potest,</strong></span> <span class='ocrx_word' id='word_1_267' title='bbox 1214 3393 1324 3471; x_wconf 81' lang='lat' dir='ltr'><strong>facere</strong></span> 
     </span>
     <span class='ocr_line' id='line_1_35' title="bbox 331 3470 1322 3553; baseline 0.009 -24"><span class='ocrx_word' id='word_1_268' title='bbox 331 3470 471 3540; x_wconf 60' lang='lat' dir='ltr'><strong>videtum</strong></span> <span class='ocrx_word' id='word_1_269' title='bbox 486 3490 684 3551; x_wconf 89' lang='lat' dir='ltr'><strong>nonnunquam</strong></span> <span class='ocrx_word' id='word_1_270' title='bbox 698 3474 855 3552; x_wconf 92' lang='lat' dir='ltr'><strong>duplicem:</strong></span> <span class='ocrx_word' id='word_1_271' title='bbox 875 3473 1056 3553; x_wconf 83' lang='lat' dir='ltr'><strong>Obsequium</strong></span> <span class='ocrx_word' id='word_1_272' title='bbox 1068 3478 1192 3552; x_wconf 79' lang='lat' dir='ltr'><strong>anticos,</strong></span> <span class='ocrx_word' id='word_1_273' title='bbox 1203 3479 1322 3538; x_wconf 76' lang='lat' dir='ltr'><strong>ceritas</strong></span> 
     </span>
    </p>

    <p class='ocr_par' dir='ltr' id='par_1_8' title="bbox 304 3555 1323 3807">
     <span class='ocr_line' id='line_1_36' title="bbox 304 3555 1323 3636; baseline 0.004 -20"><span class='ocrx_word' id='word_1_274' title='bbox 304 3555 432 3616; x_wconf 68' lang='lat' dir='ltr'><strong>tiodiem</strong></span> <span class='ocrx_word' id='word_1_275' title='bbox 452 3559 544 3634; x_wconf 72' lang='lat' dir='ltr'><strong>pcata.</strong></span> <span class='ocrx_word' id='word_1_276' title='bbox 588 3558 658 3616; x_wconf 87' lang='lat' dir='ltr'><strong>Sunt</strong></span> <span class='ocrx_word' id='word_1_277' title='bbox 680 3559 779 3633; x_wconf 89' lang='lat' dir='ltr'><strong>etiam,</strong></span> <span class='ocrx_word' id='word_1_278' title='bbox 806 3559 853 3634; x_wconf 93' lang='lat' dir='ltr'><strong>qui</strong></span> <span class='ocrx_word' id='word_1_279' title='bbox 875 3558 975 3618; x_wconf 87' lang='lat' dir='ltr'><strong>decern</strong></span> <span class='ocrx_word' id='word_1_280' title='bbox 990 3577 1098 3636; x_wconf 82' lang='lat' dir='ltr'><strong>genera</strong></span> <span class='ocrx_word' id='word_1_281' title='bbox 1113 3559 1253 3636; x_wconf 87' lang='lat' dir='ltr'><strong>iecerint,</strong></span> <span class='ocrx_word' id='word_1_282' title='bbox 1270 3560 1323 3620; x_wconf 86' lang='lat' dir='ltr'><strong>sed</strong></span> 
     </span>
     <span class='ocr_line' id='line_1_37' title="bbox 332 3640 1322 3721; baseline 0.008 -24"><span class='ocrx_word' id='word_1_283' title='bbox 332 3655 367 3697; x_wconf 92' lang='lat' dir='ltr'><strong>eo</strong></span> <span class='ocrx_word' id='word_1_284' title='bbox 383 3640 479 3714; x_wconf 91' lang='lat' dir='ltr'><strong>modo,</strong></span> <span class='ocrx_word' id='word_1_285' title='bbox 502 3657 558 3718; x_wconf 95' lang='lat' dir='ltr'><strong>quo</strong></span> <span class='ocrx_word' id='word_1_286' title='bbox 576 3641 638 3699; x_wconf 90' lang='lat' dir='ltr'><strong>lieri</strong></span> <span class='ocrx_word' id='word_1_287' title='bbox 659 3641 706 3700; x_wconf 90' lang='lat' dir='ltr'><strong>vel</strong></span> <span class='ocrx_word' id='word_1_288' title='bbox 727 3642 809 3719; x_wconf 91' lang='lat' dir='ltr'><strong>plura</strong></span> <span class='ocrx_word' id='word_1_289' title='bbox 828 3651 966 3718; x_wconf 89' lang='lat' dir='ltr'><strong>possunt,</strong></span> <span class='ocrx_word' id='word_1_290' title='bbox 987 3660 1041 3720; x_wconf 94' lang='lat' dir='ltr'><strong>per</strong></span> <span class='ocrx_word' id='word_1_291' title='bbox 1056 3646 1322 3721; x_wconf 83' lang='lat' dir='ltr'><strong>interrogationem,</strong></span> 
     </span>
     <span class='ocr_line' id='line_1_38' title="bbox 325 3724 1321 3807; baseline 0.006 -24"><span class='ocrx_word' id='word_1_292' title='bbox 325 3740 385 3801; x_wconf 89' lang='lat' dir='ltr'><strong>per</strong></span> <span class='ocrx_word' id='word_1_293' title='bbox 404 3724 660 3804; x_wconf 87' lang='lat' dir='ltr'><strong>comparationem,</strong></span> <span class='ocrx_word' id='word_1_294' title='bbox 682 3725 893 3803; x_wconf 84' lang='lat' dir='ltr'><strong>infitiationem,</strong></span> <span class='ocrx_word' id='word_1_295' title='bbox 915 3726 1140 3807; x_wconf 83' lang='lat' dir='ltr'><strong>similitudinem,</strong></span> <span class='ocrx_word' id='word_1_296' title='bbox 1158 3729 1321 3790; x_wconf 90' lang='lat' dir='ltr'><strong>admiratio·</strong></span> 
     </span>
    </p>
   </div>
   <div class='ocr_carea' id='block_1_5' title="bbox 0 0 1596 4409">
    <p class='ocr_par' dir='ltr' id='par_1_9' title="bbox 0 0 1596 4409">
     <span class='ocr_line' id='line_1_39' title="bbox 0 0 1596 4409; baseline 0 3"><span class='ocrx_word' id='word_1_297' title='bbox 0 0 1596 4409; x_wconf 95' lang='lat' dir='ltr'><strong> </strong></span> 
     </span>
    </p>
   </div>
  </div>
 </body>
</html>
