3184 4409
563 517 653 566 lusu.
677 517 826 568 onaroa.
849 518 919 567 nrm
939 520 993 584 XI,
1015 515 1041 570 a.
1237 504 1300 571 233

264 697 276 737 u
302 674 398 735 dentia
418 673 525 732 vultum
546 681 608 749 aut,
631 674 742 752 quasit
762 673 854 750 magis
875 682 990 749 torvus,
1013 674 1177 751 superciliis
1199 675 1299 734 astrin-

301 776 390 834 gere,
418 757 541 836 capillos
567 775 583 816 a
605 756 701 816 fronte
724 765 824 817 contra
849 766 976 816 naturam
998 766 1180 833 retroagere,
1207 768 1237 817 ut
1263 759 1300 820 sit

247 849 274 908 ι·
300 842 405 902 horror
426 840 477 903 ille
500 839 654 909 terribilis;
682 849 757 918 tum,
783 840 813 900 id
836 840 914 920 qnod
936 841 1040 900 Graeci
1064 841 1299 919 frequentissime

245 936 274 994 nl
299 925 426 1000 iaciunt,
455 924 559 984 crebro
589 924 741 1002 digitorum
768 923 967 1003 labiorumque
995 932 1073 985 motu
1101 927 1297 1002 commentari,

245 1022 272 1077 :a
300 1010 380 1070 clare
396 1026 549 1083 excreare,
565 1008 670 1086 pedem
685 1008 806 1068 alterum
820 1008 908 1085 longe
924 1008 1069 1087 prolerre,
1084 1017 1195 1086 partem
1209 1017 1298 1086 togae

262 1121 272 1161 ι
300 1094 415 1152 sinistra
429 1101 550 1166 tenere,
575 1100 652 1152 stare
673 1091 817 1152 diductum
835 1093 884 1152 vel
898 1093 1020 1169 rigidum
1037 1092 1085 1153 vel
1101 1093 1231 1170 supinum
1249 1091 1298 1153 vel

245 1205 270 1248 m
298 1177 446 1236 incurvum
469 1175 519 1236 vel
543 1175 686 1252 humeris,
714 1184 744 1235 ut
768 1176 903 1237 luctaturi
928 1176 1043 1253 solent,
1070 1175 1105 1237 ad
1132 1177 1298 1254 occipitium

245 1272 268 1331 a·
301 1260 405 1321 ductis.

245 1370 267 1416 ι
384 1343 537 1404 Prooemio
550 1342 783 1422 frequentissime
795 1343 869 1404 lenis
879 1344 1014 1404 convenit
1026 1345 1226 1422 pronuntiatio.
1248 1342 1296 1403 Ni·
1305 1349 1354 1403 161

252 1444 265 1501 q
298 1427 340 1488 bil
355 1428 431 1487 enim
450 1436 495 1487 est
512 1426 548 1487 ad
570 1427 778 1488 conciliandum
793 1429 902 1505 gratius
918 1428 1109 1504 verecundia,
1131 1446 1188 1489 non
1204 1437 1304 1493 tamen.

245 1528 263 1585 p
299 1529 427 1590 semper.
461 1510 564 1590 Neque
581 1513 656 1572 enim
672 1529 726 1571 ano
742 1514 828 1573 modo
846 1512 976 1572 dicuntur
993 1512 1128 1588 exordia,
1156 1522 1187 1573 ut
1202 1514 1296 1573 docui

245 1592 260 1669 ξ
299 1595 473 1674 Plerumque
493 1603 588 1654 tamen
611 1604 640 1655 et
661 1613 720 1657 vox
744 1605 903 1676 temperata
927 1604 956 1656 et
977 1606 1077 1674 gestus
1098 1596 1244 1657 modestus
1269 1606 1298 1655 et

246 1712 257 1772 p
297 1679 408 1738 sedens
426 1679 545 1738 humero
569 1688 638 1757 toga
660 1689 689 1739 et
715 1680 835 1742 laterum
860 1680 934 1741 lenis
958 1681 987 1739 in
1012 1691 1161 1760 utramque
1187 1690 1297 1759 partem

246 1782 255 1836 p
298 1772 411 1836 motus,
433 1763 537 1823 eodem
551 1763 748 1842 spectantibus
765 1765 873 1841 oculis,
898 1765 1024 1825 decebit.
1056 1764 1189 1826 Narratio
1205 1765 1296 1842 magis
1306 1777 1354 1832 lon

246 1881 249 1900 .
297 1846 442 1926 prolatam
461 1864 589 1922 manum,
616 1849 747 1908 amictum
771 1847 965 1924 recidentem,
991 1858 1104 1927 gestum
1126 1850 1296 1925 distinctum,

246 1964 248 1985 i
296 1947 403 1990 vocem
419 1931 543 1990 sermoni
557 1933 716 2009 proximam
731 1940 760 1991 et
776 1941 883 1992 tantum
897 1933 1054 2011 acriorem,
1074 1950 1174 1993 sonum
1189 1933 1296 2012 simpli·

297 2032 364 2074 cem
380 2014 612 2095 frequentissime
627 2014 783 2094 postulabit
796 2018 826 2075 in
840 2017 884 2076 bis
899 2016 1046 2076 duntaxat:
1064 2014 1099 2090 Q.
1114 2019 1192 2078 euim
1206 2015 1296 2096 Liqu-

296 2100 375 2173 rius,
392 2118 460 2160 cum
476 2107 555 2160 esset
567 2101 599 2160 iu
613 2096 724 2180 Africo
739 2101 825 2162 uultu
840 2101 910 2162 betti
923 2102 1074 2179 suspicio,
1092 2109 1121 2160 et
1134 2098 1171 2164 A.
1189 2098 1295 2161 Cluen·

297 2184 360 2247 tius
370 2180 500 2245 Habitus
510 2191 604 2263 puter
617 2184 752 2249 buiucce.
775 2183 863 2244 Aliud
874 2186 903 2244 in
915 2185 1017 2244 eadem
1028 2193 1152 2262 poscent
1162 2185 1294 2258 allectus,

296 2266 348 2326 vel
363 2266 497 2327 concitati
516 2265 607 2328 Nubit
624 2287 737 2347 peuero
755 2288 880 2344 socrus,
902 2268 950 2328 vel
966 2267 1081 2329 llebiles
1101 2266 1297 2330 Omutituitur

295 2354 331 2414 iu
352 2351 421 2428 foro
437 2348 611 2414 Laodiceae
631 2354 838 2431 spectaculum
861 2354 1008 2414 acerbum
1028 2360 1058 2414 et
1079 2355 1221 2414 miserum
1245 2353 1298 2414 toti

296 2432 393 2497 Asiae
405 2437 594 2512 prouinciae.
627 2434 751 2496 Naxime
770 2438 849 2498 varia
871 2445 900 2497 et
914 2436 1064 2515 multiplex
1078 2438 1153 2497 actio
1170 2445 1215 2497 est
1229 2452 1295 2514 pro·
1302 2444 1354 2499 163

296 2519 454 2580 bationum.
476 2517 556 2579 'Nam
578 2527 607 2578 et
625 2536 808 2598 proponere,
833 2522 947 2599 partiri,
969 2521 1149 2598 interrogare
1169 2521 1294 2580 sermoni

297 2612 364 2663 sunt
385 2602 532 2680 proxima,
556 2611 585 2663 et
608 2603 862 2664 contradictionem
879 2623 1003 2664 sumere.
1035 2603 1106 2665 Nam
1126 2623 1161 2666 ea
1178 2621 1293 2682 quoque

298 2687 415 2746 diversa
432 2687 594 2765 propositio
607 2695 662 2747 est.
695 2688 755 2748 Sed
771 2689 845 2749 banc
863 2697 958 2749 tamen
972 2688 1124 2768 aliquando
1141 2689 1295 2749 irridentes

297 2770 451 2848 aliquando
475 2772 615 2831 imitantes
631 2773 853 2850 pronuntiamus.
884 2773 1102 2849 Argumentatio
1124 2773 1353 2851 plerumque164

297 2855 405 2930 agilior
425 2864 454 2914 et
469 2856 564 2915 acrior
579 2864 609 2916 et
623 2857 772 2917 instantior
787 2858 1016 2918 consentientem
1031 2858 1152 2918 orationi
1168 2856 1307 2935 postulat·

299 2939 385 2996 etiam
394 2948 517 3016 gestum,
529 2939 558 3000 id
570 2948 615 2999 est
628 2940 732 3001 fortem
745 2941 934 3001 celeritatem.
953 2940 1115 3002 Instandum
1127 2938 1293 3019 quibusdam

299 3022 473 3098 inpartibus
491 3031 520 3083 et
536 3023 682 3085 densanda
700 3027 802 3086 oratio.
828 3024 1024 3103 Egressiones
1037 3025 1101 3085 iere
1119 3032 1150 3084 et
1165 3024 1249 3083 lenes
1264 3030 1294 3082 et

298 3103 400 3163 dulces
422 3114 450 3166 et
464 3109 620 3184 remissae,
646 3116 744 3186 raptus
760 3108 969 3186 Proserpinae,
991 3108 1107 3168 Siciliae
1123 3107 1292 3185 descriptio,

300 3185 353 3245 Cn.
370 3186 498 3267 Pompeii
514 3191 585 3251 laus.
621 3190 725 3269 Neque
746 3193 821 3252 enim
843 3193 959 3267 mirum,
987 3193 1078 3252 minus
1098 3191 1208 3251 babere
1224 3207 1292 3251 con·

299 3272 436 3331 tentionis
452 3290 503 3348 ea,
527 3292 600 3351 quae
618 3283 681 3334 sunt
696 3284 778 3336 extra
797 3277 1005 3354 quaestionem.
1036 3274 1152 3335 Mollior
1166 3284 1350 3339 nondun-165

301 3373 385 3432 quam
401 3373 465 3414 cum
485 3358 716 3435 reprehensione
736 3359 870 3420 diversae
886 3360 976 3438 partis
992 3360 1126 3420 imitatio:
1155 3356 1292 3421 Videbar

297 3440 405 3499 cidere
421 3439 499 3500 ulios
519 3441 670 3505 intrantes
693 3443 771 3504 ulica
789 3451 890 3505 aretem
910 3451 1069 3519 exeuntes,
1092 3443 1239 3522 quosdam
1253 3460 1294 3504 ec

297 3523 369 3584 uiuo
389 3524 578 3586 vacillantes.
608 3524 664 3586 Ubi
684 3543 741 3585 non
761 3525 904 3587 dissidens
926 3543 1033 3587 avoce
1054 3527 1226 3605 permittitur
1239 3545 1292 3602 ge·

299 3618 359 3666 stus
376 3624 509 3685 quoque,
529 3608 558 3666 in
581 3617 729 3689 utramque
745 3620 857 3689 partem
871 3618 972 3671 tenera
988 3610 1128 3689 quaedam
1147 3610 1200 3671 sed
1219 3611 1292 3669 intra

298 3709 397 3750 manus
423 3700 517 3751 tamen
543 3700 571 3752 et
591 3693 653 3753 sine
672 3703 750 3755 motu
771 3694 892 3754 laterum
913 3695 1072 3755 translatio.
1102 3692 1349 3754 Accendendildo

298 3776 401 3837 iudicis
418 3774 517 3854 plures
535 3785 600 3838 sunt
613 3778 729 3856 gradus.
760 3780 890 3840 Summus
906 3778 957 3840 ille
975 3787 1004 3840 et
1019 3795 1076 3859 quo
1093 3779 1187 3839 nullus
1204 3776 1292 3837 estin
