3184 4409
556 447 646 509 rusb.
668 458 818 510 caduce.
841 461 910 508 ure.
924 461 977 527 xl,
993 458 1021 512 3.
1207 448 1268 511 225

246 633 326 681 sex
343 626 441 697 partes
456 616 577 690 habeat,
600 617 738 694 septimus
759 616 796 675 sit
815 615 884 691 ille,
907 618 955 694 qui
970 618 998 675 in
1014 635 1046 676 se
1061 616 1152 693 redit,
1175 617 1268 687 orbis;

246 706 377 765 viriosa
393 711 438 761 est
448 719 504 760 una
520 702 735 760 circumversio.
765 699 882 778 Reliqui
897 709 962 759 ante
979 718 1031 759 nos
1048 709 1077 760 et
1092 700 1193 761 dextra
1209 703 1269 762 lae·

246 804 282 846 n
285 805 368 868 eque
386 796 415 845 et
433 803 545 844 sursum
559 794 588 844 et
602 784 737 844 deorsum
753 783 859 861 aliquid
875 785 1043 853 ostendunt;
1062 786 1090 843 in
1105 789 1270 862 posteriora

246 882 375 948 gestus
386 888 443 929 non
454 869 594 945 drrrgrtur
623 867 740 927 Interim
752 876 846 927 tamen
856 867 938 926 velut
949 868 1128 937 rencrsclet
1155 867 1329 946 Optume106

246 966 368 1017 autem
383 972 482 1014 manus
499 954 644 1013 asinistra
659 962 742 1030 parte
757 952 874 1030 incipit,
891 953 920 1010 in
936 952 1038 1012 dextra
1054 951 1187 1050 deponit,
1216 953 1269 1013 sed

246 1050 298 1101 ut
323 1056 435 1118 ponere
456 1055 514 1096 non
533 1046 564 1095 ut
585 1034 675 1096 ierire
691 1036 835 1103 videatur;
861 1053 1022 1115 quanquam
1046 1044 1075 1094 et
1099 1037 1128 1093 in
1151 1035 1236 1095 line
1228 1056 1269 1095 rn-

247 1124 358 1185 terim
376 1122 467 1197 cadit,
485 1131 515 1180 ut
531 1122 588 1179 cito
604 1130 700 1181 tamen
714 1120 830 1195 redeat,
852 1129 882 1179 et
897 1137 1100 1199 nonnunquam
1114 1120 1207 1183 resilit
1221 1120 1271 1179 vel

246 1206 445 1285 negantibus
460 1203 544 1264 nobis
558 1203 607 1265 vel
625 1204 839 1265 admirantibus.

356 1290 410 1350 Hie
430 1298 549 1349 veteres
569 1289 696 1348 artifices
717 1287 787 1348 illud
807 1297 890 1348 recte
913 1288 1096 1365 adiecerunt,
1119 1297 1150 1347 ut
1171 1307 1271 1348 manus

253 1393 339 1437 cum
359 1377 447 1434 sensu
473 1383 502 1432 et
524 1374 668 1451 inciperet
688 1380 719 1432 et
743 1372 951 1450 deponeretur.
989 1372 1107 1451 Alioqui
1127 1373 1201 1445 enim
1223 1383 1272 1433 aut

255 1469 341 1521 ante
355 1475 459 1517 vocem
476 1458 528 1516 erit
544 1465 646 1534 gestus
662 1465 711 1516 aut
728 1464 796 1535 post
813 1469 944 1530 vocem,
957 1456 1035 1534 quod
1055 1466 1101 1516 est
1121 1465 1272 1534 utrumque

256 1543 415 1605 deforme.
450 1541 482 1602 ln
499 1540 644 1619 illolapsl
658 1541 743 1600 nimia
758 1539 915 1600 subtilitate
931 1549 1012 1616 sunt,
1037 1541 1115 1620 quod
1135 1542 1270 1600 interval·
1280 1554 1330 1608 107

257 1628 332 1691 lurn
346 1635 440 1686 motus
455 1627 508 1684 tria
523 1625 614 1685 verba
629 1643 697 1684 esse
712 1624 880 1692 voluerunt;
897 1624 974 1702 quod
989 1643 1090 1704 neque·
1102 1625 1274 1685 observatur

259 1728 370 1788 neque
386 1709 449 1770 lieri
466 1718 580 1788 potest,
604 1709 656 1768 sed
671 1708 713 1768 llll
730 1710 813 1787 quasi
827 1727 990 1768 mensuram
1005 1709 1147 1769 tarditatis
1169 1709 1273 1768 celeri·

260 1797 399 1872 tutisque
415 1793 538 1871 aliquam
555 1811 623 1852 esse
634 1793 805 1867 voluerunt,
821 1811 916 1871 neque
933 1794 1091 1868 immerito,
1108 1811 1144 1852 ne
1163 1801 1211 1854 aut
1226 1792 1273 1852 diu

265 1881 370 1941 otiosa
386 1887 465 1936 esset
480 1895 579 1936 manus
597 1885 662 1952 aut,
684 1876 763 1955 quod
779 1876 996 1952 multifaciant,
1020 1879 1163 1937 actionem
1182 1878 1273 1937 conti·

267 1981 331 2024 nuo
349 1971 427 2021 motu
450 1961 627 2020 concideret.
660 1959 746 2019 Aliud
768 1968 828 2036 est,
851 1960 927 2037 quod
940 1966 977 2018 'et
994 1961 1024 2019 iit
1046 1961 1333 2038 frequentaremus

269 2048 366 2123 magis
383 2046 464 2105 fallit
488 2047 559 2104 Sunt
574 2042 713 2122 quaedam
726 2043 850 2124 latentes
866 2045 1008 2102 sermonis
1025 2047 1232 2122 percussiones
1245 2054 1274 2102 et

271 2131 359 2211 quasi
377 2129 465 2207 aliqui
481 2129 589 2206 pedes,
612 2127 648 2187 ad
664 2145 737 2226 quos
753 2127 940 2206 plurimorum
955 2137 1056 2204 gestus
1073 2128 1165 2204 cadit,
1190 2137 1220 2186 ut
1237 2129 1274 2186 sit

269 2233 348 2279 unus
373 2221 467 2272 motus
488 2210 606 2273 Noount
631 2213 760 2287 crimen,
791 2209 922 2273 alteri)
946 2209 1082 2289 Caesar,
1110 2173 1212 2273 teritus
1235 2208 1276 2272 Et

268 2307 347 2362 cute
360 2297 441 2359 bunc
457 2299 556 2373 dicut,
573 2303 690 2374 quartus
704 2294 772 2356 Nou
787 2297 942 2372 auditum,
964 2295 1068 2355 deinde
1084 2294 1276 2374 Propinquus

263 2401 378 2467 uacus,
401 2391 430 2441 et
443 2378 494 2441 Ad
509 2389 553 2456 te,
577 2388 606 2439 et
623 2377 751 2451 Quintus
776 2378 912 2456 Tubero,
936 2388 964 2439 et
980 2378 1105 2441 Detulit
1145 2379 1228 2439 Unde
1247 2379 1275 2438 ιι
1283 2389 1334 2443 109

273 2455 392 2546 quoquc
409 2465 469 2528 fluit
480 2465 594 2539 vitium,
618 2472 649 2523 ut
662 2463 801 2540 iuvenes,
820 2481 883 2524 cum
898 2462 1041 2538 scribunt,
1062 2474 1175 2541 gestum
1191 2481 1274 2541 prae·

271 2550 413 2610 modulati
430 2549 606 2624 cogitatione
625 2547 669 2606 sie
686 2557 875 2626 componant,
894 2547 1039 2646 quomodo
1058 2565 1160 2608 casura
1176 2565 1276 2607 manus

275 2643 331 2696 est.
361 2633 430 2692 lnde
451 2642 480 2691 et
502 2631 573 2691 illud
588 2632 703 2705 vitium,
725 2640 756 2690 ut
768 2641 888 2708 gestus,
911 2633 1003 2709 quiin
1020 2630 1076 2691 fine
1091 2632 1195 2691 dexter
1209 2649 1277 2691 esse

275 2717 386 2794 debet,
408 2718 436 2776 iu
457 2717 602 2775 sinistrum
623 2715 794 2793 frequenter
814 2715 936 2775 desinat.
957 2713 1079 2774 llelius.
1097 2716 1185 2791 illud,
1212 2726 1335 2777 cumllo

276 2803 376 2862 sintin
392 2818 526 2860 sermone
547 2801 622 2858 omni
639 2799 739 2859 brevia
756 2799 896 2878 quaedam
917 2797 1062 2877 membra,
1084 2801 1227 2878 adquae,
1251 2800 1276 2857 si

276 2902 403 2945 neeesse
419 2887 472 2959 sit,
490 2885 626 2962 recipere
641 2885 772 2962 spiritum
787 2883 891 2960 liceat,
908 2884 943 2943 ad
960 2883 1034 2944 bace
1049 2893 1162 2961 gestum
1179 2884 1276 2960 dispo-

277 2987 364 3028 nere:
394 2978 424 3028 ut
445 2977 512 3047 puta
534 2966 652 3030 Nouum
675 2987 808 3067 carmen,
836 2965 869 3030 G
894 2968 1032 3043 dbercr,
1058 2967 1147 3027 babet
1169 2984 1223 3044 per
1245 2983 1277 3024 se

278 3054 364 3112 finem
385 3053 527 3130 quendam
547 3070 645 3128 suurn,
671 3053 737 3130 quia
758 3052 888 3130 sequitur
909 3053 1088 3118 coniunctio:
1113 3050 1217 3111 deinde
1240 3046 1339 3109 ιιι

278 3143 350 3197 cute
369 3136 545 3197 bonodium
559 3155 620 3197 non
637 3138 776 3197 auditum
792 3137 863 3195 satis
878 3136 1126 3215 circumscriptum
1142 3143 1196 3193 est.
1232 3132 1278 3192 Ad

278 3221 353 3280 haec
368 3221 611 3280 accommodanda
624 3237 722 3278 manus
738 3229 793 3296 est,
810 3219 897 3297 idque
907 3218 971 3278 dum
988 3221 1042 3279 erit
1054 3220 1145 3298 prima
1161 3226 1191 3277 et
1203 3235 1279 3278 cem·

279 3304 375 3384 posita
396 3305 483 3362 actio.
519 3303 559 3363 At
581 3302 629 3372 ubi
652 3321 715 3362 eam
737 3303 819 3377 calor
839 3303 1044 3364 concitaverit:
1069 3303 1154 3361 etiarn
1177 3311 1335 3379 gestuslll

281 3387 429 3465 cumipse
452 3387 590 3447 orationis
612 3387 766 3447 eeleritate
788 3387 967 3447 crebrescet.
1005 3385 1080 3446 Aliis
1096 3386 1171 3445 locis
1192 3387 1278 3445 citata

281 3471 345 3530 aliis
361 3489 464 3548 pressa
482 3471 636 3531 conveniet
651 3472 853 3549 pronuntiatio.
885 3470 938 3530 llla
953 3472 1191 3545 transcurrimus,
1208 3487 1276 3529 con·

280 3555 426 3632 gerimus,
450 3555 635 3622 festinamus3
659 3554 737 3614 bac
728 3566 881 3631 instamus,
905 3543 1100 3630 inculcamus,
1124 3553 1275 3630 infigimus.

279 3639 347 3700 Plus
360 3647 455 3697 autern
471 3638 593 3698 allectus
604 3638 711 3699 habeut
722 3639 861 3706 lentiorat
873 3599 1002 3721 ideoque
1013 3639 1137 3700 Roscius
1153 3639 1277 3711 citatior,

280 3724 418 3799 Aesopus
443 3723 561 3800 gravior
583 3723 654 3801 luit,
681 3724 759 3802 quod
781 3724 832 3784 ille
855 3722 1023 3784 comoedias
1042 3722 1091 3784 bic
1110 3720 1278 3800 tragoedias

322 3813 561 3875 m.r.corur1t.ll.
1089 3805 1127 3865 15
