3184 4409
528 504 617 554 mur.
641 505 882 555 orimnorum.
906 507 953 572 uu,
981 503 1007 564 u,
1101 523 1107 537 ·
1194 493 1250 558 101

254 680 332 742 quae
349 670 393 721 est
409 669 522 738 tropos,
540 679 649 737 genere
667 662 731 740 ipso
749 659 818 719 nihil
837 659 986 719 admodum
1002 660 1099 728 distat;
1120 662 1164 738 (in
1175 669 1253 720 utro·
1318 629 1324 637 ’

253 765 312 828 que
337 747 411 805 enirn
432 747 606 805 contrarium
630 746 672 819 ei,
694 743 772 823 quod
794 744 913 820 dieitur,
944 744 1159 820 intelligendum
1186 748 1252 825 est)

252 831 372 909 species
391 847 463 888 vero
480 829 647 905 prudentius
663 828 781 889 intuenti
803 826 933 888 diversas
957 846 1024 887 esse
1039 829 1125 889 facile
1142 839 1186 889 est
1203 829 1252 889 de-

252 913 447 994 prehendere.
473 911 607 989 Primum‚
624 912 701 991 quod
716 922 818 989 tropos
832 914 960 990 apertior
976 921 1021 971 est
1037 921 1075 988 et,
1093 931 1253 991 quanquam
1261 920 1295 972 45

253 997 331 1058 aliud
353 997 421 1056 dioit
437 999 582 1072 adsentit,
601 1015 658 1056 non
673 995 749 1057 aliod
764 1004 859 1055 tamen
880 995 1002 1055 simulat.
1034 995 1105 1055 Nam
1117 1006 1145 1056 et
1160 999 1252 1056 omnia
1276 991 1278 995 ’

253 1084 333 1142 oiroa
348 1081 411 1141 iere
426 1088 506 1140 reeta
521 1091 600 1141 sunt:
622 1091 653 1141 ut
669 1079 739 1140 iilud
755 1082 783 1139 in
799 1077 968 1156 Catilinam,-
988 1077 1015 1139 A
1032 1096 1090 1158 quo
1103 1083 1251 1159 repudia·

253 1175 304 1228 tuo
318 1167 361 1227 ud
374 1165 511 1226 sadotem
526 1173 619 1242 tuum,
634 1167 733 1226 oiruru
745 1165 899 1242 optimum,
914 1162 956 1223 M.
965 1162 1147 1225 Marcellum
1157 1167 1252 1226 deuni-

251 1250 362 1330 9rorti.
400 1248 432 1307 ln
449 1247 560 1308 duobus
575 1249 687 1310 demum
703 1247 802 1308 verbis
821 1257 866 1307 eut
880 1249 982 1322 ironia,
999 1265 1070 1326 ergo
1087 1250 1172 1308 etiam
1186 1248 1252 1309 bre·

252 1335 321 1393 vior
348 1341 392 1392 est
421 1341 534 1411 tropos.
577 1333 616 1393 At
645 1334 674 1392 in
694 1333 784 1409 figura
808 1334 896 1391 totius
921 1332 1076 1392 voluntatis
1103 1333 1181 1393 fictio
1208 1338 1294 1392 est46

253 1435 398 1496 apparens
413 1417 505 1492 magis
521 1434 605 1495 quam
623 1417 774 1492 confessa,
797 1425 829 1475 ut
849 1415 909 1475 iiiie
924 1415 1013 1476 vorba
1028 1418 1084 1476 sint
1097 1417 1195 1477 verbis
1210 1417 1251 1478 di·

252 1519 358 1576 versa,
376 1500 423 1560 hio
438 1519 542 1560 sensus
557 1503 683 1562 sermoni
705 1501 796 1580 [νοοῖ]
817 1509 847 1560 et
861 1509 921 1560 tota
936 1500 1048 1561 interim
1063 1519 1167 1561 oausae
1184 1517 1251 1560 oon·

252 1585 403 1652 formatio;
427 1602 491 1643 oum
513 1585 598 1644 etiam
618 1587 676 1646 vita
698 1587 833 1644 universa
850 1581 970 1644 ironiam
984 1584 1093 1645 habere
1109 1586 1251 1661 videatur,

253 1671 348 1751 qualis
369 1679 414 1730 est
429 1669 490 1729 visa
506 1669 645 1731 Socratis.
681 1667 753 1728 Nam
772 1668 840 1729 ideo
865 1669 958 1728 dietus
980 1669 1075 1746 εἴρων,
1097 1688 1186 1748 agens
1201 1671 1251 1729 im·

253 1757 377 1834 peritum
400 1753 431 1813 'et
457 1754 657 1815 admiratorem
683 1752 804 1812 aliorum
835 1762 968 1831 tanquam
999 1755 1183 1832 sapientium
1210 1762 1251 1827 ut,

255 1837 491 1918 quemadmodum
506 1828 683 1918 ἆλληγορίαν
702 1836 771 1913 facit
791 1839 925 1896 continua
940 1829 1106 1915 μεταφορὰ,
1131 1841 1175 1898 sio
1194 1838 1251 1897 hoo

254 1923 372 1983 schema
388 1923 475 1982 iaoiat
497 1932 600 2000 tropos
615 1921 665 1981 iiie
681 1929 844 1981 contextus.
879 1919 1025 1993 Quaedam
1044 1938 1116 1980 vero
1142 1927 1293 2000 generant

253 2008 338 2068 huius
359 2006 469 2084 figurae
491 2006 596 2066 nuliam
625 2024 688 2065 cum
708 2006 800 2081 tropis
818 2003 924 2064 habent
940 2005 1125 2079 societatem,
1147 2015 1178 2064 ut
1202 2004 1251 2064 illa

254 2091 348 2151 statim
364 2091 472 2169 prima,
495 2108 569 2169 quae
590 2089 693 2151 dieitur
716 2107 732 2148 a
755 2087 908 2164 negando,
933 2106 1017 2166 quam
1032 2090 1158 2149 nonnulli
1173 2080 1253 2148 ἄντί·

253 2192 365 2254 nouom
380 2183 500 2235 vocant:
521 2172 587 2236 Nou
603 2193 694 2253 aqam
711 2182 809 2236 tecum
822 2174 891 2233 iure
904 2191 1034 2248 nummo,
1057 2181 1117 2234 nou
1137 2174 1251 2248 dicam,

253 2263 335 2339 quod
347 2259 479 2336 forratum
496 2259 677 2328 obtinerem·
692 2266 722 2317 et
745 2256 828 2330 Quid
847 2274 903 2335 eqo
916 2258 1005 2318 istius
1023 2258 1160 2333 decretu,
1177 2259 1253 2334 quid

252 2345 401 2423 rupinae,
422 2343 496 2421 quid
512 2344 716 2407 hereditatum
728 2343 939 2421 possessiones
955 2341 1063 2416 dotas,
1088 2341 1164 2419 quid
1183 2360 1251 2402 ere-

250 2437 325 2508 ptae
333 2427 519 2504 proferam?
542 2437 571 2488 et
590 2425 674 2490 Mitto
692 2428 777 2487 ilium
793 2426 927 2505 primum
947 2425 1083 2487 libidinis
1095 2427 1252 2500 iniurium,

254 2521 285 2572 et
308 2510 355 2573 Ne
374 2511 428 2572 ilio
448 2512 571 2590 quidem
591 2512 761 2579 testimonio
781 2511 894 2582 recito,
916 2525 995 2588 quae
1016 2511 1101 2570 dictu
1120 2516 1191 2570 eunt
1213 2510 1253 2569 de

253 2594 309 2658 HS
322 2598 520 2674 reptiuqeutr‘o
533 2596 664 2673 neiiiduo,
680 2604 710 2654 et
724 2593 850 2658 Porourn
867 2594 981 2655 dicere.
1012 2592 1122 2667 Quibus
1137 2597 1294 2670 generi-48

253 2681 309 2740 bus
321 2699 374 2758 per
386 2689 462 2740 totas
477 2680 588 2741 interim
604 2681 791 2759 quaestiones
805 2677 1000 2738 decurrimus:
1014 2675 1170 2754 rotemero,
1184 2675 1253 2738 Ηοο

254 2784 309 2844 eqo
322 2767 351 2826 ri
365 2766 411 2826 ric
427 2780 568 2842 agerem,
584 2772 728 2842 tauquam
745 2762 819 2824 milti
834 2763 949 2823 crimen
966 2769 1046 2824 erret
1065 2763 1252 2835 diluendum,
1323 2780 1326 2787 ·

255 2849 333 2911 daeo
344 2849 487 2928 pluribus
501 2850 644 2912 dicerem.
676 2846 824 2928 Εἰρωνεία
842 2855 898 2922 eut,
914 2855 944 2906 et
959 2863 1023 2906 oum
1038 2846 1147 2906 similes
1156 2847 1252 2925 impe·

255 2933 382 2993 rantibus
397 2932 447 2992 vel
461 2932 690 3011 permittentibus
705 2948 816 2993 sumno:

526 3014 554 3091 1,
569 3032 698 3095 sequere
711 3013 835 3076 Italiam
850 3015 965 3084 oeutr'oe

256 3111 285 3161 et
302 3119 365 3161 oum
379 3118 433 3176 ea,
455 3118 529 3179 quae
546 3101 676 3160 nolumus
692 3098 792 3158 videri«
802 3099 830 3157 in
845 3097 1019 3158 adversariis
1035 3113 1121 3169 ense,
1147 3105 1295 3161 conoe-49

254 3185 347 3246 dimus
366 3186 419 3244 eiu.
458 3183 490 3244 ld
505 3185 600 3248 atrius
615 3183 662 3260 iit,
685 3200 748 3242 eum
769 3183 870 3243 eadem
894 3182 922 3240 in
937 3180 1020 3241 nobis
1036 3189 1102 3239 sunt
1116 3186 1146 3238 et
1160 3179 1189 3237 in
1204 3176 1253 3260 ad·
1301 3227 1303 3233 .

253 3269 393 3330 versariis
409 3285 467 3328 non
482 3277 562 3328 sunt:

703 3385 746 3394 —
760 3347 869 3428 dieque
887 3351 1005 3410 timoris

363 3435 473 3518 'Arque
486 3445 528 3513 tu,
543 3434 677 3514 Drance,
694 3435 819 3514 quaudo
833 3441 874 3494 tot
885 3433 993 3495 euedio
1007 3449 1137 3493 aceruos

371 3520 558 3585 Teucrorum
571 3529 625 3584 tua
643 3521 755 3583 deutra
769 3519 864 3579 dedit.

257 3603 343 3680 Quod
363 3606 439 3667 idem
458 3613 557 3667 oontra
576 3603 671 3680 vaiet,
696 3621 760 3670 oum
782 3609 831 3660 aut
846 3617 897 3675 ea,
922 3616 997 3679 quae
1011 3617 1028 3660 a
1042 3599 1126 3658 nobie
1141 3595 1254 3674 abeunt,

256 3699 307 3752 aut
322 3684 407 3751 etiam
422 3707 496 3771 quae
516 3689 544 3747 in
557 3688 740 3750 adversarios
755 3684 897 3760 recidunt,
913 3685 995 3762 quusi
1009 3683 1145 3743 fatemur:

329 3771 380 3836 Me
394 3777 472 3837 duce
485 3772 670 3835 Dardanius
683 3769 832 3850 Spurium
851 3770 1037 3850 eopuqooor'i
1051 3768 1190 3828 odeum.
1252 3803 1266 3820 .
