3184 4409
337 460 378 524 78
652 477 1015 538 momenmentum

338 641 463 693 tractare
478 633 688 711 permittamus,
712 643 743 694 ut
760 634 943 711 expatientur
958 644 987 694 et
1002 635 1147 712 gaudeant
1163 632 1329 694 materia‘et

309 712 420 796 6quasi
435 717 463 774 in
481 733 587 795 corpus
604 715 690 777 eant?
719 717 781 777 Erit
797 719 950 796 optimum;
972 719 1026 779 sed
1042 728 1121 778 certe
1138 720 1193 777 sint
1207 717 1329 794 grandia

338 809 368 860 et
384 799 490 860 tumida
505 818 561 859 non
576 801 663 861 stulta
679 803 764 862 etiam
786 811 816 861 et
838 803 997 874 acrioribus
1019 803 1111 862 oculis
1126 802 1246 861 intuenti
1260 801 1328 860 ridi-

338 883 418 951 cula;
439 891 487 961 ut,
511 886 535 943 si
553 886 607 944 iam
624 885 783 945 cedendum
801 894 862 961 est,
884 887 1002 964 impleat
1022 904 1055 945 se
1077 886 1255 945 declamator
1276 884 1328 943 ali-

338 967 467 1046 quando,
490 968 554 1027 dum
569 970 658 1043 sciat,
682 979 711 1029 ut
733 969 953 1048 quadrupedes,
981 989 1043 1029 cum
1065 971 1149 1029 viridi
1164 969 1270 1048 pabulo
1288 968 1329 1027 di·

337 1060 449 1111 stentae
464 1061 539 1128 suut,
555 1054 701 1130 sanguinis
718 1053 898 1113 detractione
922 1063 1056 1114 curantur
1083 1063 1112 1113 et
1127 1055 1170 1112 sic
1190 1053 1227 1112 ad
1245 1050 1328 1111 cibos

337 1136 444 1195 viribus
463 1138 668 1196 conservandis
684 1138 806 1196 idoneos
822 1136 959 1198 redeunt:
982 1139 1021 1197 ita
1043 1137 1097 1196 sibi
1113 1154 1229 1216 quoque
1246 1145 1328 1194 tenu·

338 1220 425 1279 andas
442 1220 552 1298 adipes,
570 1229 600 1280 et
615 1221 751 1299 quidquid
762 1220 888 1279 humoris
901 1221 1028 1301 corrupti
1044 1221 1230 1294 contraxerit,
1248 1220 1328 1278 emit·

309 1303 462 1378 itendum,
481 1306 505 1362 si
521 1322 588 1363 esse
604 1322 689 1363 sanus
705 1322 740 1363 ac
754 1304 890 1363 robustus
907 1306 1005 1364 volet.'
1036 1305 1153 1383 Alioqui
1164 1313 1262 1363 'tumor
1277 1302 1330 1361 ille

337 1388 427 1446 inanis
444 1389 536 1466 primo
553 1389 747 1466 cuiuscunque
762 1390 825 1447 veri
847 1390 945 1466 operis
962 1399 1064 1448 conatu
1082 1386 1328 1466 deprehendetur.

338 1471 440 1531 Totum
462 1480 555 1531 autem
578 1471 757 1531 declamandi
779 1490 852 1550 opus
874 1474 921 1552 qui
942 1473 1087 1532 diversum
1109 1472 1184 1532 omui
1207 1470 1330 1529 modos

337 1555 500 1616 forensibus
525 1557 618 1614 causis
645 1556 823 1631 existimant,
846 1556 874 1615 bi
895 1557 1030 1634 profecto
1050 1576 1086 1616 ne
1109 1557 1250 1615 rationem
1266 1555 1330 1630 qui-

309 1641 414 1715 gdem,
433 1657 488 1717 qua
504 1640 557 1699 ista
570 1641 741 1699 exercitatio
758 1642 872 1700 inventa
884 1642 932 1715 sit,
949 1642 1110 1718 pervident.
1137 1638 1209 1698 Nam
1223 1639 1248 1696 si
1263 1637 1330 1696 foro

340 1741 396 1782 non
416 1732 585 1801 praeparat:
610 1732 657 1782 aut
678 1725 814 1783 scenicae
837 1726 1021 1783 ostentationi
1042 1734 1090 1784 aut
1105 1725 1232 1782 furiosae
1247 1722 1329 1779 voci·

339 1808 473 1867 ferationi
489 1807 728 1872 simillimumest.
766 1807 841 1881 Quid
863 1809 937 1866 enim
953 1811 1052 1867 attinet
1067 1809 1191 1868 iudicem
1205 1822 1329 1885 praepa·

339 1909 422 1965 rare,
445 1891 493 1969 qui
517 1890 611 1950 nullus
637 1900 697 1959 est;
718 1893 953 1970 narrare,·quod
975 1911 1074 1951 omnes
1096 1892 1188 1950 sciant
1208 1888 1328 1955 falsum;

339 1972 525 2055 probationes
547 1974 686 2034 adhibere
710 1993 831 2052 causae,
852 1976 889 2035 de
912 1995 967 2054 qua
982 1993 1066 2034 nemo
1082 1977 1119 2034 sit
1134 1974 1329 2052 pronuntiatu·

339 2056 409 2119 rus?
443 2058 480 2118 llt
501 2058 575 2118 haec
597 2058 711 2138 quidem
734 2061 828 2119 otiosa
849 2066 969 2127 tautum;
991 2060 1068 2119 affici
1090 2075 1161 2117 vero
1178 2066 1207 2116 et
1222 2058 1264 2115 ira
1279 2055 1331 2114 vel

338 2144 415 2203 luctu
433 2160 623 2221 permovere,
649 2144 728 2202 cuius
745 2153 790 2203 est
806 2143 936 2218 ludibrii,
958 2144 1012 2202 nisi
1029 2142 1198 2221 quibusdam
1213 2158 1330 2218 pugnae

339 2228 498 2288 simulacris
515 2228 550 2286 ad
573 2246 673 2287 verum
691 2228 844 2287 discrimen
865 2228 1016 2306 aciemque
1036 2228 1139 2286 iustam
1162 2224 1329 2284 consuesci-

311 2309 421 2371 9mus‘l
450 2311 527 2372 Nihil
550 2328 622 2388 ergo
638 2313 712 2370 inter
728 2312 847 2372 forense
864 2329 956 2388 genus
972 2311 1086 2371 dicendi
1103 2319 1190 2388 atque
1205 2308 1262 2367 hoc
1278 2307 1329 2366 de·

339 2397 533 2456 clamatorium
556 2391 707 2453 intererit?
746 2396 776 2454 Si
797 2395 948 2473 profectus
969 2396 1062 2472 gratio
1086 2395 1221 2466 dicimus,
1248 2390 1327 2450 nihil.

337 2480 507 2556 Utinamque
524 2479 608 2537 adiici
624 2478 659 2536 ad
672 2479 907 2538 consuetudinem
922 2487 1034 2556 posset,
1051 2487 1081 2537 ut
1092 2476 1252 2536 nominibus
1265 2482 1328 2533 ute·

338 2582 443 2637 remur,
461 2571 490 2621 et
507 2562 667 2639 perplexae
685 2563 775 2638 magis
791 2571 821 2621 et
836 2563 976 2638 longioris
993 2562 1145 2642 aliquando
1161 2569 1243 2619 actus
1260 2559 1328 2616 con·

338 2645 700 2721 troverstaeofingerenmr,
717 2654 746 2704 et
756 2645 846 2706 verba
861 2648 888 2705 in
904 2666 957 2706 usu
973 2647 1116 2712 cotidiano
1129 2645 1222 2723 posita
1237 2643 1328 2700 minus

339 2733 514 2804 timeremus,
533 2737 563 2788 et
577 2730 659 2787 iocos
676 2730 806 2789 inserere
822 2733 909 2790 moris
926 2740 1020 2798 esset:
1038 2748 1113 2809 quae
1129 2746 1192 2802 nos,
1209 2726 1328 2804 quaudi-

338 2815 388 2874 bet
408 2832 462 2894 per
484 2814 540 2873 alia
563 2815 590 2870 in
613 2812 721 2871 scholis
743 2816 895 2873 exercitati
911 2816 1014 2889 simus,
1036 2816 1145 2873 tirones
1161 2814 1189 2870 in
1205 2811 1269 2870 foro
1287 2811 1328 2866 in-

298 2903 331 2955 10
339 2900 463 2958 veniunt.
504 2899 534 2956 Si
554 2913 626 2956 vero
647 2898 675 2955 in
698 2900 919 2958 ostentationem
941 2907 1124 2975 comparetur
1144 2893 1328 2966 declamatio,

339 3001 408 3042 sane
425 2981 540 3062 paulum
562 2980 669 3059 aliquid
685 2982 823 3041 inclinare
840 2982 875 3041 ad
895 2982 1071 3042 voluntatem
1088 2979 1260 3047 audientium
1279 2977 1327 3035 de-

298 3070 329 3121 11
339 3067 448 3126 bemus.
480 3065 551 3125 Nam
568 3074 597 3124 et
612 3067 640 3122 in
654 3066 688 3123 iis
704 3065 881 3140 actionibus,
905 3083 978 3145 quae
999 3067 1027 3123 in
1048 3066 1144 3144 aliqua
1160 3065 1222 3122 siue
1241 3058 1328 3120 dubio

338 3153 460 3210 veritate
475 3158 626 3210 versantur
640 3149 693 3208 sed
710 3159 774 3209 sunt
790 3150 826 3210 ad
843 3150 1012 3229 popularem
1030 3158 1144 3227 aptatae
1158 3145 1329 3206 delectatio-

338 3253 414 3309 nem,
431 3234 532 3313 qualcs
547 3234 669 3311 legimus
684 3235 897 3310 panegyricos,
913 3243 1061 3311 totumque
1077 3232 1134 3291 hoc
1150 3231 1328 3292 demonstra·

266 3383 270 3392 ,
338 3319 425 3377 tivum
452 3336 560 3396 genus,
589 3319 759 3395 permittitur
786 3317 924 3377 adhibere
948 3317 1014 3397 plus
1041 3316 1134 3376 cultus
1157 3330 1330 3390 omnemque

338 3410 439 3477 artem,
456 3419 529 3480 quae
545 3402 637 3461 latere
649 3401 820 3480 plerumque
837 3403 864 3460 in
879 3402 992 3461 iudiciis
1008 3401 1106 3475 debet,
1122 3416 1179 3458 non
1196 3396 1330 3456 confiteri

297 3487 330 3542 12
338 3486 423 3545 modo
440 3484 492 3544 sed
508 3493 654 3544 ostentare
668 3486 753 3544 etiam
765 3485 924 3545 hominibus
938 3487 966 3544 in
977 3485 1034 3544 boc
1047 3484 1203 3544 advocatis.
1231 3479 1330 3554 Quare

339 3568 530 3643 declamatio,
557 3569 689 3647 quoniam
710 3578 755 3628 est
776 3569 945 3628 iudiciorum
961 3568 1203 3644 consiliorumque
1219 3565 1328 3640 imago,

338 3655 438 3714 similis
454 3671 521 3712 esse
539 3653 626 3712 debet
641 3653 768 3720 veritati;
793 3655 926 3731 quoniam
944 3663 1039 3712 autem
1055 3651 1160 3730 aliquid
1175 3651 1204 3707 in
1228 3665 1261 3706 se
1279 3647 1327 3706 ha·

297 3738 388 3800 l3bet
409 3728 617 3816 ἐπιδεικτικὸν,
636 3737 761 3796 nonnihil
784 3737 839 3796 sibi
860 3740 960 3798 nitoris
982 3754 1140 3796 assumere.
1177 3731 1262 3807 Quod
1287 3731 1328 3790 fa-
