<?xml version="1.0" encoding="UTF-8"?>
<!DOCTYPE html PUBLIC "-//W3C//DTD XHTML 1.0 Transitional//EN"
    "http://www.w3.org/TR/xhtml1/DTD/xhtml1-transitional.dtd">
<html xmlns="http://www.w3.org/1999/xhtml" xml:lang="en" lang="en">
 <head>
  <title>
</title>
<meta http-equiv="Content-Type" content="text/html;charset=utf-8" />
  <meta name='ocr-system' content='tesseract 3.04.00' />
  <meta name='ocr-capabilities' content='ocr_page ocr_carea ocr_par ocr_line ocrx_word'/>
</head>
<body>
  <div class='ocr_page' id='page_1' title='image "./mfabiiquintilia02quingoog_0243.png"; bbox 0 0 3184 4409; ppageno 0'>
   <div class='ocr_carea' id='block_1_1' title="bbox 541 446 1267 541">
    <p class='ocr_par' dir='ltr' id='par_1_1' title="bbox 541 446 1267 541">
     <span class='ocr_line' id='line_1_1' title="bbox 541 446 1267 541; baseline 0 -19"><span class='ocrx_word' id='word_1_1' title='bbox 541 473 630 523; x_wconf 68' lang='lat' dir='ltr'><strong><em>nior.</em></strong></span> <span class='ocrx_word' id='word_1_2' title='bbox 645 474 793 522; x_wconf 66' lang='lat' dir='ltr'><strong><em>crocco.</em></strong></span> <span class='ocrx_word' id='word_1_3' title='bbox 810 474 879 522; x_wconf 71' lang='lat' dir='ltr'><strong><em>unt.</em></strong></span> <span class='ocrx_word' id='word_1_4' title='bbox 896 473 986 541; x_wconf 87' lang='lat' dir='ltr'><strong><em>v‚1o.</em></strong></span> <span class='ocrx_word' id='word_1_5' title='bbox 1078 446 1082 451; x_wconf 70' lang='grc'><strong>’</strong></span> <span class='ocrx_word' id='word_1_6' title='bbox 1206 461 1267 522; x_wconf 83' lang='lat'><strong><em>215</em></strong></span> 
     </span>
    </p>
   </div>
   <div class='ocr_carea' id='block_1_2' title="bbox 265 625 1352 3816">
    <p class='ocr_par' dir='ltr' id='par_1_2' title="bbox 265 625 1352 3816">
     <span class='ocr_line' id='line_1_2' title="bbox 266 625 1267 708; baseline -0.006 -13"><span class='ocrx_word' id='word_1_7' title='bbox 266 643 348 695; x_wconf 74' lang='lat' dir='ltr'><strong><em>tuam</em></strong></span> <span class='ocrx_word' id='word_1_8' title='bbox 369 630 614 690; x_wconf 80' lang='lat' dir='ltr'><strong><em>confirmationem</em></strong></span> <span class='ocrx_word' id='word_1_9' title='bbox 642 627 856 708; x_wconf 75' lang='lat' dir='ltr'><strong>praestantibus</strong></span> <span class='ocrx_word' id='word_1_10' title='bbox 875 629 1016 688; x_wconf 84' lang='lat' dir='ltr'><strong><em>docuntur</em></strong></span> <span class='ocrx_word' id='word_1_11' title='bbox 1041 629 1136 707; x_wconf 83' lang='lat' dir='ltr'><strong><em>(quae</em></strong></span> <span class='ocrx_word' id='word_1_12' title='bbox 1157 625 1267 707; x_wconf 76' lang='lat' dir='ltr'><strong><em>proprii</em></strong></span> 
     </span>
     <span class='ocr_line' id='line_1_3' title="bbox 265 705 1266 795; baseline -0.003 -19"><span class='ocrx_word' id='word_1_13' title='bbox 265 717 389 795; x_wconf 78' lang='lat' dir='ltr'><strong><em>generis</em></strong></span> <span class='ocrx_word' id='word_1_14' title='bbox 408 714 500 774; x_wconf 86' lang='lat' dir='ltr'><strong><em>videri</em></strong></span> <span class='ocrx_word' id='word_1_15' title='bbox 522 713 635 792; x_wconf 83' lang='lat' dir='ltr'><strong><em>quidum</em></strong></span> <span class='ocrx_word' id='word_1_16' title='bbox 650 713 750 772; x_wconf 83' lang='lat' dir='ltr'><strong><em>volunt</em></strong></span> <span class='ocrx_word' id='word_1_17' title='bbox 770 721 800 771; x_wconf 88' lang='lat' dir='ltr'><strong><em>et</em></strong></span> <span class='ocrx_word' id='word_1_18' title='bbox 815 721 920 772; x_wconf 83' lang='lat' dir='ltr'><strong><em>vocant</em></strong></span> <span class='ocrx_word' id='word_1_19' title='bbox 940 711 1046 773; x_wconf 77' lang='grc' dir='ltr'><strong><em>ἐκτῶν</em></strong></span> <span class='ocrx_word' id='word_1_20' title='bbox 1060 705 1133 790; x_wconf 77' lang='grc' dir='ltr'><strong><em>πρὸς</em></strong></span> <span class='ocrx_word' id='word_1_21' title='bbox 1147 709 1266 791; x_wconf 69' lang='grc' dir='ltr'><em>ἄλληλα,</em></span> 
     </span>
     <span class='ocr_line' id='line_1_4' title="bbox 269 795 1268 876; baseline -0.003 -16"><span class='ocrx_word' id='word_1_22' title='bbox 269 799 378 861; x_wconf 82' lang='lat' dir='ltr'><strong><em>Cicero</em></strong></span> <span class='ocrx_word' id='word_1_23' title='bbox 393 817 432 858; x_wconf 84' lang='lat' dir='ltr'><strong><em>ex</em></strong></span> <span class='ocrx_word' id='word_1_24' title='bbox 447 796 534 857; x_wconf 84' lang='lat' dir='ltr'><strong><em>rebus</em></strong></span> <span class='ocrx_word' id='word_1_25' title='bbox 549 797 603 856; x_wconf 79' lang='lat' dir='ltr'><strong><em>cub</em></strong></span> <span class='ocrx_word' id='word_1_26' title='bbox 626 796 745 856; x_wconf 85' lang='lat' dir='ltr'><strong><em>eandem</em></strong></span> <span class='ocrx_word' id='word_1_27' title='bbox 767 798 907 855; x_wconf 81' lang='lat' dir='ltr'><strong><em>rationem</em></strong></span> <span class='ocrx_word' id='word_1_28' title='bbox 928 797 1128 876; x_wconf 86' lang='lat' dir='ltr'><strong><em>venientibus)</em></strong></span> <span class='ocrx_word' id='word_1_29' title='bbox 1153 795 1268 858; x_wconf 80' lang='lat' dir='ltr'><strong><em>sortiter</em></strong></span> 
     </span>
     <span class='ocr_line' id='line_1_5' title="bbox 269 878 1267 961; baseline -0.001 -17"><span class='ocrx_word' id='word_1_30' title='bbox 269 881 516 961; x_wconf 78' lang='lat' dir='ltr'>consequentibus</span> <span class='ocrx_word' id='word_1_31' title='bbox 531 882 686 940; x_wconf 84' lang='lat' dir='ltr'><strong><em>iunxerim:</em></strong></span> <span class='ocrx_word' id='word_1_32' title='bbox 718 878 755 940; x_wconf 83' lang='lat' dir='ltr'><strong><em>st</em></strong></span> <span class='ocrx_word' id='word_1_33' title='bbox 764 881 936 959; x_wconf 80' lang='lat' dir='ltr'><strong><em>portorium</em></strong></span> <span class='ocrx_word' id='word_1_34' title='bbox 950 879 1077 942; x_wconf 77' lang='lat' dir='ltr'><strong><em>Rhodiis</em></strong></span> <span class='ocrx_word' id='word_1_35' title='bbox 1092 883 1198 943; x_wconf 82' lang='lat' dir='ltr'><strong><em>locare</em></strong></span> <span class='ocrx_word' id='word_1_36' title='bbox 1214 883 1267 943; x_wconf 81' lang='lat' dir='ltr'><strong><em>ito-</em></strong></span> 
     </span>
     <span class='ocr_line' id='line_1_6' title="bbox 268 963 1268 1042; baseline -0.003 -12"><span class='ocrx_word' id='word_1_37' title='bbox 268 976 388 1030; x_wconf 78' lang='lat' dir='ltr'><strong><em>nectum</em></strong></span> <span class='ocrx_word' id='word_1_38' title='bbox 406 974 462 1042; x_wconf 81' lang='lat' dir='ltr'><strong><em>cot,</em></strong></span> <span class='ocrx_word' id='word_1_39' title='bbox 483 974 513 1027; x_wconf 89' lang='lat' dir='ltr'><strong><em>et</em></strong></span> <span class='ocrx_word' id='word_1_40' title='bbox 533 963 763 1026; x_wconf 77' lang='lat' dir='ltr'><strong><em>Hermocreonti</em></strong></span> <span class='ocrx_word' id='word_1_41' title='bbox 778 966 967 1040; x_wconf 78' lang='lat' dir='ltr'><strong><em>conducere,</em></strong></span> <span class='ocrx_word' id='word_1_42' title='bbox 994 973 1024 1024; x_wconf 95' lang='grc' dir='ltr'><strong><em>ει</em></strong></span> <span class='ocrx_word' id='word_1_43' title='bbox 1041 963 1130 1036; x_wconf 85' lang='lat' dir='ltr'><strong><em>Ouod</em></strong></span> <span class='ocrx_word' id='word_1_44' title='bbox 1145 967 1268 1027; x_wconf 81' lang='lat' dir='ltr'><strong><em>discere</em></strong></span> 
     </span>
     <span class='ocr_line' id='line_1_7' title="bbox 268 1048 1308 1126; baseline 0.003 -13"><span class='ocrx_word' id='word_1_45' title='bbox 268 1054 442 1126; x_wconf 78' lang='lat' dir='ltr'><strong><em>deuectum,</em></strong></span> <span class='ocrx_word' id='word_1_46' title='bbox 458 1058 487 1110; x_wconf 91' lang='lat' dir='ltr'><strong><em>et</em></strong></span> <span class='ocrx_word' id='word_1_47' title='bbox 503 1050 624 1111; x_wconf 89' lang='lat' dir='ltr'><strong><em>docere.</em></strong></span> <span class='ocrx_word' id='word_1_48' title='bbox 654 1048 736 1108; x_wconf 87' lang='lat' dir='ltr'><strong><em>Unde</em></strong></span> <span class='ocrx_word' id='word_1_49' title='bbox 757 1048 808 1108; x_wconf 85' lang='lat' dir='ltr'>illa</span> <span class='ocrx_word' id='word_1_50' title='bbox 828 1065 886 1107; x_wconf 88' lang='lat' dir='ltr'><strong><em>non</em></strong></span> <span class='ocrx_word' id='word_1_51' title='bbox 907 1049 963 1108; x_wconf 83' lang='lat' dir='ltr'><strong><em>huc</em></strong></span> <span class='ocrx_word' id='word_1_52' title='bbox 985 1049 1096 1107; x_wconf 83' lang='lat' dir='ltr'><strong><em>ratione</em></strong></span> <span class='ocrx_word' id='word_1_53' title='bbox 1118 1049 1194 1109; x_wconf 83' lang='lat' dir='ltr'><strong><em>dieta</em></strong></span> <span class='ocrx_word' id='word_1_54' title='bbox 1215 1051 1308 1115; x_wconf 77' lang='lat' dir='ltr'><strong><em>secto</em></strong></span> 
     </span>
     <span class='ocr_line' id='line_1_8' title="bbox 270 1128 1266 1210; baseline -0.001 -14"><span class='ocrx_word' id='word_1_55' title='bbox 270 1136 402 1196; x_wconf 81' lang='lat' dir='ltr'><strong><em>efficiens</em></strong></span> <span class='ocrx_word' id='word_1_56' title='bbox 422 1133 635 1193; x_wconf 82' lang='lat' dir='ltr'><strong><em>idem.lt0mitii</em></strong></span> <span class='ocrx_word' id='word_1_57' title='bbox 652 1132 715 1191; x_wconf 82' lang='lat' dir='ltr'><strong><em>Afri</em></strong></span> <span class='ocrx_word' id='word_1_58' title='bbox 735 1133 877 1192; x_wconf 80' lang='lat' dir='ltr'><strong><em>sententia</em></strong></span> <span class='ocrx_word' id='word_1_59' title='bbox 900 1141 946 1192; x_wconf 88' lang='lat' dir='ltr'><strong><em>est</em></strong></span> <span class='ocrx_word' id='word_1_60' title='bbox 963 1132 1098 1210; x_wconf 82' lang='lat' dir='ltr'><strong><em>pulchra:</em></strong></span> <span class='ocrx_word' id='word_1_61' title='bbox 1130 1128 1196 1210; x_wconf 74' lang='lat' dir='ltr'><strong><em>qu</em></strong></span> <span class='ocrx_word' id='word_1_62' title='bbox 1210 1151 1266 1195; x_wconf 89' lang='lat' dir='ltr'><strong><em>oc·</em></strong></span> 
     </span>
     <span class='ocr_line' id='line_1_9' title="bbox 269 1215 1267 1294; baseline -0.003 -13"><span class='ocrx_word' id='word_1_63' title='bbox 269 1220 398 1294; x_wconf 79' lang='lat' dir='ltr'><strong><em>curaui,</em></strong></span> <span class='ocrx_word' id='word_1_64' title='bbox 419 1236 473 1280; x_wconf 80' lang='lat' dir='ltr'><strong><em>coo</em></strong></span> <span class='ocrx_word' id='word_1_65' title='bbox 494 1218 672 1278; x_wconf 74' lang='lat' dir='ltr'><strong><em>damnastis.</em></strong></span> <span class='ocrx_word' id='word_1_66' title='bbox 720 1215 773 1276; x_wconf 82' lang='lat' dir='ltr'><strong><em>Est</em></strong></span> <span class='ocrx_word' id='word_1_67' title='bbox 794 1217 918 1275; x_wconf 88' lang='lat' dir='ltr'><strong><em>invicem</em></strong></span> <span class='ocrx_word' id='word_1_68' title='bbox 938 1233 1121 1294; x_wconf 85' lang='lat' dir='ltr'><strong><em>consequens</em></strong></span> <span class='ocrx_word' id='word_1_69' title='bbox 1144 1225 1174 1274; x_wconf 88' lang='lat' dir='ltr'><strong><em>et</em></strong></span> <span class='ocrx_word' id='word_1_70' title='bbox 1188 1217 1267 1293; x_wconf 87' lang='lat' dir='ltr'><strong><em>quod</em></strong></span> 
     </span>
     <span class='ocr_line' id='line_1_10' title="bbox 270 1300 1267 1378; baseline -0.002 -16"><span class='ocrx_word' id='word_1_71' title='bbox 270 1322 309 1362; x_wconf 87' lang='lat' dir='ltr'><strong><em>ex</em></strong></span> <span class='ocrx_word' id='word_1_72' title='bbox 324 1302 446 1361; x_wconf 82' lang='lat' dir='ltr'><strong><em>diversis</em></strong></span> <span class='ocrx_word' id='word_1_73' title='bbox 458 1301 534 1376; x_wconf 74' lang='lat' dir='ltr'><strong><em>idem</em></strong></span> <span class='ocrx_word' id='word_1_74' title='bbox 545 1300 684 1367; x_wconf 87' lang='lat' dir='ltr'><strong><em>ostendit;</em></strong></span> <span class='ocrx_word' id='word_1_75' title='bbox 699 1310 739 1374; x_wconf 81' lang='lat' dir='ltr'><strong><em>ut,</em></strong></span> <span class='ocrx_word' id='word_1_76' title='bbox 753 1301 801 1378; x_wconf 86' lang='lat' dir='ltr'><strong><em>qui</em></strong></span> <span class='ocrx_word' id='word_1_77' title='bbox 812 1300 945 1359; x_wconf 88' lang='lat' dir='ltr'><strong><em>mundum</em></strong></span> <span class='ocrx_word' id='word_1_78' title='bbox 956 1301 1036 1359; x_wconf 83' lang='lat' dir='ltr'><strong><em>nasci</em></strong></span> <span class='ocrx_word' id='word_1_79' title='bbox 1048 1300 1128 1375; x_wconf 86' lang='lat' dir='ltr'><strong><em>dicit,</em></strong></span> <span class='ocrx_word' id='word_1_80' title='bbox 1144 1318 1198 1378; x_wconf 86' lang='lat' dir='ltr'><strong><em>per</em></strong></span> <span class='ocrx_word' id='word_1_81' title='bbox 1209 1300 1267 1360; x_wconf 91' lang='lat' dir='ltr'><strong><em>hcc</em></strong></span> 
     </span>
     <span class='ocr_line' id='line_1_11' title="bbox 270 1384 1264 1466; baseline -0.005 -20"><span class='ocrx_word' id='word_1_82' title='bbox 270 1389 364 1466; x_wconf 86' lang='lat' dir='ltr'><strong><em>ipsum</em></strong></span> <span class='ocrx_word' id='word_1_83' title='bbox 386 1394 415 1446; x_wconf 89' lang='lat' dir='ltr'><strong><em>et</em></strong></span> <span class='ocrx_word' id='word_1_84' title='bbox 430 1386 557 1445; x_wconf 86' lang='lat' dir='ltr'><strong><em>deficere</em></strong></span> <span class='ocrx_word' id='word_1_85' title='bbox 574 1384 728 1461; x_wconf 74' lang='lat' dir='ltr'><strong><em>significet,</em></strong></span> <span class='ocrx_word' id='word_1_86' title='bbox 750 1385 815 1463; x_wconf 83' lang='lat' dir='ltr'><strong><em>quia</em></strong></span> <span class='ocrx_word' id='word_1_87' title='bbox 832 1384 930 1443; x_wconf 86' lang='lat' dir='ltr'><strong><em>deficit</em></strong></span> <span class='ocrx_word' id='word_1_88' title='bbox 941 1401 1025 1443; x_wconf 88' lang='lat' dir='ltr'><strong><em>omne</em></strong></span> <span class='ocrx_word' id='word_1_89' title='bbox 1041 1384 1264 1461; x_wconf 84' lang='lat' dir='ltr'><strong><em>quodnascitur.</em></strong></span> 
     </span>
     <span class='ocr_line' id='line_1_12' title="bbox 355 1468 1309 1546; baseline -0.006 -15"><span class='ocrx_word' id='word_1_90' title='bbox 355 1469 503 1531; x_wconf 85' lang='lat' dir='ltr'><strong><em>Simillima</em></strong></span> <span class='ocrx_word' id='word_1_91' title='bbox 526 1477 571 1528; x_wconf 87' lang='lat' dir='ltr'><strong><em>est</em></strong></span> <span class='ocrx_word' id='word_1_92' title='bbox 594 1468 637 1527; x_wconf 90' lang='lat' dir='ltr'><strong><em>his</em></strong></span> <span class='ocrx_word' id='word_1_93' title='bbox 657 1469 884 1544; x_wconf 74' lang='lat' dir='ltr'><strong>argumentatio,</strong></span> <span class='ocrx_word' id='word_1_94' title='bbox 915 1468 1209 1546; x_wconf 81' lang='lat' dir='ltr'><strong><em>quo-colligisolent</em></strong></span> <span class='ocrx_word' id='word_1_95' title='bbox 1229 1473 1309 1534; x_wconf 71' lang='lat' dir='ltr'><strong><em>exeo</em></strong></span> 
     </span>
     <span class='ocr_line' id='line_1_13' title="bbox 269 1550 1265 1632; baseline -0.004 -18"><span class='ocrx_word' id='word_1_96' title='bbox 269 1555 326 1631; x_wconf 84' lang='lat' dir='ltr'><strong><em>his,</em></strong></span> <span class='ocrx_word' id='word_1_97' title='bbox 343 1571 418 1632; x_wconf 79' lang='lat' dir='ltr'><strong><em>quae</em></strong></span> <span class='ocrx_word' id='word_1_98' title='bbox 432 1553 549 1628; x_wconf 81' lang='lat' dir='ltr'><strong><em>iaciunt,</em></strong></span> <span class='ocrx_word' id='word_1_99' title='bbox 566 1570 618 1627; x_wconf 83' lang='lat' dir='ltr'><strong><em>ea,</em></strong></span> <span class='ocrx_word' id='word_1_100' title='bbox 634 1569 708 1630; x_wconf 84' lang='lat' dir='ltr'><strong><em>quae</em></strong></span> <span class='ocrx_word' id='word_1_101' title='bbox 725 1551 903 1627; x_wconf 80' lang='lat' dir='ltr'><strong><em>efficiuntur,</em></strong></span> <span class='ocrx_word' id='word_1_102' title='bbox 922 1560 1103 1625; x_wconf 68' lang='lat' dir='ltr'><strong><em>cumcontra,</em></strong></span> <span class='ocrx_word' id='word_1_103' title='bbox 1120 1550 1198 1630; x_wconf 89' lang='lat' dir='ltr'><strong><em>quod</em></strong></span> <span class='ocrx_word' id='word_1_104' title='bbox 1213 1569 1265 1629; x_wconf 79' lang='lat' dir='ltr'><strong><em>ge·</em></strong></span> 
     </span>
     <span class='ocr_line' id='line_1_14' title="bbox 269 1634 1265 1711; baseline -0.003 -14"><span class='ocrx_word' id='word_1_105' title='bbox 269 1657 324 1698; x_wconf 88' lang='lat' dir='ltr'><strong><em>nus</em></strong></span> <span class='ocrx_word' id='word_1_106' title='bbox 346 1656 363 1697; x_wconf 83' lang='lat' dir='ltr'><strong><em>u</em></strong></span> <span class='ocrx_word' id='word_1_107' title='bbox 385 1637 512 1697; x_wconf 81' lang='lat' dir='ltr'><strong><em>causis</em></strong></span> <span class='ocrx_word' id='word_1_108' title='bbox 533 1644 648 1696; x_wconf 85' lang='lat' dir='ltr'><strong><em>vocant.</em></strong></span> <span class='ocrx_word' id='word_1_109' title='bbox 697 1634 778 1695; x_wconf 84' lang='lat' dir='ltr'><strong><em>Haec</em></strong></span> <span class='ocrx_word' id='word_1_110' title='bbox 798 1636 911 1694; x_wconf 79' lang='lat' dir='ltr'><strong><em>interim</em></strong></span> <span class='ocrx_word' id='word_1_111' title='bbox 933 1637 1102 1695; x_wconf 77' lang='lat' dir='ltr'><strong><em>necessario</em></strong></span> <span class='ocrx_word' id='word_1_112' title='bbox 1119 1636 1265 1711; x_wconf 85' lang='lat' dir='ltr'><strong><em>fiunt‚·io·</em></strong></span> 
     </span>
     <span class='ocr_line' id='line_1_15' title="bbox 269 1718 1265 1799; baseline -0.002 -18"><span class='ocrx_word' id='word_1_113' title='bbox 269 1723 355 1782; x_wconf 87' lang='lat' dir='ltr'><strong><em>terim</em></strong></span> <span class='ocrx_word' id='word_1_114' title='bbox 369 1721 539 1799; x_wconf 85' lang='lat' dir='ltr'><strong><em>plerumque</em></strong></span> <span class='ocrx_word' id='word_1_115' title='bbox 555 1719 607 1779; x_wconf 83' lang='lat' dir='ltr'><strong><em>sed</em></strong></span> <span class='ocrx_word' id='word_1_116' title='bbox 622 1737 679 1779; x_wconf 89' lang='lat' dir='ltr'><strong><em>non</em></strong></span> <span class='ocrx_word' id='word_1_117' title='bbox 695 1721 874 1779; x_wconf 83' lang='lat' dir='ltr'><strong><em>necessario.</em></strong></span> <span class='ocrx_word' id='word_1_118' title='bbox 908 1718 980 1778; x_wconf 83' lang='lat' dir='ltr'><strong><em>Nam</em></strong></span> <span class='ocrx_word' id='word_1_119' title='bbox 995 1736 1102 1797; x_wconf 77' lang='lat' dir='ltr'><strong><em>corpus</em></strong></span> <span class='ocrx_word' id='word_1_120' title='bbox 1116 1721 1145 1779; x_wconf 89' lang='lat' dir='ltr'><strong><em>in</em></strong></span> <span class='ocrx_word' id='word_1_121' title='bbox 1160 1719 1265 1779; x_wconf 88' lang='lat' dir='ltr'><strong><em>lumine</em></strong></span> 
     </span>
     <span class='ocr_line' id='line_1_16' title="bbox 269 1803 1265 1885; baseline -0.002 -20"><span class='ocrx_word' id='word_1_122' title='bbox 269 1808 370 1885; x_wconf 87' lang='lat' dir='ltr'><strong><em>utique</em></strong></span> <span class='ocrx_word' id='word_1_123' title='bbox 384 1804 511 1864; x_wconf 85' lang='lat' dir='ltr'><strong><em>umbram</em></strong></span> <span class='ocrx_word' id='word_1_124' title='bbox 526 1804 608 1880; x_wconf 76' lang='lat' dir='ltr'><strong><em>iacit,</em></strong></span> <span class='ocrx_word' id='word_1_125' title='bbox 628 1812 657 1863; x_wconf 90' lang='grc' dir='ltr'><strong><em>ει</em></strong></span> <span class='ocrx_word' id='word_1_126' title='bbox 672 1803 786 1878; x_wconf 82' lang='lat' dir='ltr'><strong><em>umbra,</em></strong></span> <span class='ocrx_word' id='word_1_127' title='bbox 802 1803 965 1881; x_wconf 86' lang='lat' dir='ltr'><strong><em>ubicunque</em></strong></span> <span class='ocrx_word' id='word_1_128' title='bbox 983 1811 1039 1879; x_wconf 81' lang='lat' dir='ltr'><strong><em>est,</em></strong></span> <span class='ocrx_word' id='word_1_129' title='bbox 1059 1803 1099 1862; x_wconf 91' lang='lat' dir='ltr'><strong><em>ibi</em></strong></span> <span class='ocrx_word' id='word_1_130' title='bbox 1118 1822 1185 1863; x_wconf 83' lang='lat' dir='ltr'><strong><em>esse</em></strong></span> <span class='ocrx_word' id='word_1_131' title='bbox 1201 1821 1265 1864; x_wconf 86' lang='lat' dir='ltr'><strong><em>cor·</em></strong></span> 
     </span>
     <span class='ocr_line' id='line_1_17' title="bbox 270 1887 1307 1969; baseline -0.004 -20"><span class='ocrx_word' id='word_1_132' title='bbox 270 1909 326 1969; x_wconf 84' lang='lat' dir='ltr'><strong><em>pus</em></strong></span> <span class='ocrx_word' id='word_1_133' title='bbox 341 1889 476 1948; x_wconf 77' lang='lat' dir='ltr'><strong>ostendit.</strong></span> <span class='ocrx_word' id='word_1_134' title='bbox 509 1887 575 1948; x_wconf 75' lang='lat' dir='ltr'><strong><em>Atta</em></strong></span> <span class='ocrx_word' id='word_1_135' title='bbox 598 1896 681 1964; x_wconf 79' lang='lat' dir='ltr'><strong><em>eunt,</em></strong></span> <span class='ocrx_word' id='word_1_136' title='bbox 699 1895 729 1946; x_wconf 90' lang='lat' dir='ltr'><strong><em>ut</em></strong></span> <span class='ocrx_word' id='word_1_137' title='bbox 744 1887 820 1962; x_wconf 83' lang='lat' dir='ltr'>dixi,</span> <span class='ocrx_word' id='word_1_138' title='bbox 834 1887 1091 1963; x_wconf 61' lang='lat' dir='ltr'><strong><em>conmentario,</em></strong></span> <span class='ocrx_word' id='word_1_139' title='bbox 1115 1887 1164 1948; x_wconf 87' lang='lat' dir='ltr'><strong><em>vel</em></strong></span> <span class='ocrx_word' id='word_1_140' title='bbox 1178 1889 1307 1952; x_wconf 77' lang='lat' dir='ltr'><strong><em>atrio-81</em></strong></span> 
     </span>
     <span class='ocr_line' id='line_1_18' title="bbox 270 1969 1287 2053; baseline 0 -21"><span class='ocrx_word' id='word_1_141' title='bbox 270 1992 327 2053; x_wconf 87' lang='lat' dir='ltr'><strong><em>que</em></strong></span> <span class='ocrx_word' id='word_1_142' title='bbox 341 1973 390 2035; x_wconf 88' lang='lat' dir='ltr'><strong><em>vel</em></strong></span> <span class='ocrx_word' id='word_1_143' title='bbox 405 1992 442 2033; x_wconf 89' lang='lat' dir='ltr'><strong><em>ex</em></strong></span> <span class='ocrx_word' id='word_1_144' title='bbox 464 1971 555 2032; x_wconf 83' lang='lat' dir='ltr'><strong><em>alteru</em></strong></span> <span class='ocrx_word' id='word_1_145' title='bbox 574 1980 673 2050; x_wconf 83' lang='lat' dir='ltr'><strong><em>parte:</em></strong></span> <span class='ocrx_word' id='word_1_146' title='bbox 695 1969 751 2034; x_wconf 86' lang='lat' dir='ltr'><strong><em>Sol</em></strong></span> <span class='ocrx_word' id='word_1_147' title='bbox 774 1972 911 2041; x_wconf 83' lang='lat' dir='ltr'><strong><em>coiorot‚·</em></strong></span> <span class='ocrx_word' id='word_1_148' title='bbox 931 1989 992 2032; x_wconf 84' lang='lat' dir='ltr'><strong><em>uou</em></strong></span> <span class='ocrx_word' id='word_1_149' title='bbox 1005 1972 1125 2049; x_wconf 77' lang='lat' dir='ltr'><strong><em>utique,</em></strong></span> <span class='ocrx_word' id='word_1_150' title='bbox 1147 1973 1200 2048; x_wconf 81' lang='lat' dir='ltr'><strong><em>qui</em></strong></span> <span class='ocrx_word' id='word_1_151' title='bbox 1221 1979 1287 2033; x_wconf 78' lang='lat' dir='ltr'><strong><em>est·</em></strong></span> 
     </span>
     <span class='ocr_line' id='line_1_19' title="bbox 271 2054 1267 2134; baseline -0.005 -14"><span class='ocrx_word' id='word_1_152' title='bbox 271 2060 434 2132; x_wconf 78' lang='lat' dir='ltr'><strong><em>coloratur,</em></strong></span> <span class='ocrx_word' id='word_1_153' title='bbox 450 2074 471 2117; x_wconf 87' lang='lat' dir='ltr'><strong><em>o</em></strong></span> <span class='ocrx_word' id='word_1_154' title='bbox 484 2057 616 2119; x_wconf 70' lang='lat' dir='ltr'><strong><em>role&#39;ect.</em></strong></span> <span class='ocrx_word' id='word_1_155' title='bbox 646 2054 712 2116; x_wconf 84' lang='lat' dir='ltr'><strong><em>Iter</em></strong></span> <span class='ocrx_word' id='word_1_156' title='bbox 724 2056 965 2133; x_wconf 78' lang='lat' dir='ltr'><strong><em>pulverulentum</em></strong></span> <span class='ocrx_word' id='word_1_157' title='bbox 977 2055 1076 2134; x_wconf 62' lang='lat' dir='ltr'><strong><em>facin</em></strong></span> <span class='ocrx_word' id='word_1_158' title='bbox 1098 2057 1155 2116; x_wconf 80' lang='lat' dir='ltr'><strong><em>red</em></strong></span> <span class='ocrx_word' id='word_1_159' title='bbox 1168 2071 1267 2132; x_wconf 78' lang='lat' dir='ltr'><strong><em>neque</em></strong></span> 
     </span>
     <span class='ocr_line' id='line_1_20' title="bbox 270 2139 1265 2219; baseline -0.003 -16"><span class='ocrx_word' id='word_1_160' title='bbox 270 2161 358 2204; x_wconf 84' lang='lat' dir='ltr'><strong><em>omne</em></strong></span> <span class='ocrx_word' id='word_1_161' title='bbox 372 2141 596 2219; x_wconf 83' lang='lat' dir='ltr'><strong><em>iterpuicerem</em></strong></span> <span class='ocrx_word' id='word_1_162' title='bbox 607 2146 720 2214; x_wconf 83' lang='lat' dir='ltr'><strong><em>movet,</em></strong></span> <span class='ocrx_word' id='word_1_163' title='bbox 737 2158 805 2214; x_wconf 78' lang='lat' dir='ltr'><strong><em>uec,</em></strong></span> <span class='ocrx_word' id='word_1_164' title='bbox 823 2141 962 2216; x_wconf 77' lang='lat' dir='ltr'><strong><em>quicquic</em></strong></span> <span class='ocrx_word' id='word_1_165' title='bbox 972 2148 1018 2200; x_wconf 79' lang='lat' dir='ltr'><strong><em>ert</em></strong></span> <span class='ocrx_word' id='word_1_166' title='bbox 1024 2139 1265 2216; x_wconf 73' lang='lat' dir='ltr'><strong><em>pulverulentus,</em></strong></span> 
     </span>
     <span class='ocr_line' id='line_1_21' title="bbox 270 2220 1309 2301; baseline 0 -15"><span class='ocrx_word' id='word_1_167' title='bbox 270 2244 310 2287; x_wconf 82' lang='lat' dir='ltr'><strong><em>ec</em></strong></span> <span class='ocrx_word' id='word_1_168' title='bbox 323 2226 435 2286; x_wconf 80' lang='lat' dir='ltr'><strong><em>itinere</em></strong></span> <span class='ocrx_word' id='word_1_169' title='bbox 451 2232 505 2285; x_wconf 79' lang='lat' dir='ltr'><strong><em>ert.</em></strong></span> <span class='ocrx_word' id='word_1_170' title='bbox 536 2222 618 2297; x_wconf 79' lang='lat' dir='ltr'><strong><em>Quae</em></strong></span> <span class='ocrx_word' id='word_1_171' title='bbox 632 2225 731 2300; x_wconf 87' lang='lat' dir='ltr'><strong><em>utique</em></strong></span> <span class='ocrx_word' id='word_1_172' title='bbox 747 2223 830 2299; x_wconf 75' lang='lat' dir='ltr'><strong><em>liunt,</em></strong></span> <span class='ocrx_word' id='word_1_173' title='bbox 849 2231 879 2282; x_wconf 90' lang='lat' dir='ltr'><strong><em>et</em></strong></span> <span class='ocrx_word' id='word_1_174' title='bbox 894 2222 962 2282; x_wconf 82' lang='lat' dir='ltr'><strong><em>talia</em></strong></span> <span class='ocrx_word' id='word_1_175' title='bbox 977 2232 1059 2281; x_wconf 83' lang='lat' dir='ltr'><strong><em>sunt:</em></strong></span> <span class='ocrx_word' id='word_1_176' title='bbox 1087 2220 1124 2283; x_wconf 81' lang='lat' dir='ltr'><strong><em>st</em></strong></span> <span class='ocrx_word' id='word_1_177' title='bbox 1142 2224 1309 2301; x_wconf 71' lang='lat' dir='ltr'><strong><em>sapien-82</em></strong></span> 
     </span>
     <span class='ocr_line' id='line_1_22' title="bbox 270 2307 1265 2390; baseline -0.006 -19"><span class='ocrx_word' id='word_1_178' title='bbox 270 2311 314 2378; x_wconf 82' lang='lat' dir='ltr'><strong><em>tio</em></strong></span> <span class='ocrx_word' id='word_1_179' title='bbox 329 2307 441 2390; x_wconf 73' lang='lat' dir='ltr'><strong><em>bortum</em></strong></span> <span class='ocrx_word' id='word_1_180' title='bbox 454 2310 555 2368; x_wconf 86' lang='lat' dir='ltr'><strong><em>cirum</em></strong></span> <span class='ocrx_word' id='word_1_181' title='bbox 567 2309 655 2388; x_wconf 74' lang='lat' dir='ltr'><strong><em>fucit,</em></strong></span> <span class='ocrx_word' id='word_1_182' title='bbox 671 2308 768 2368; x_wconf 73' lang='lat' dir='ltr'><strong><em>bouus</em></strong></span> <span class='ocrx_word' id='word_1_183' title='bbox 780 2308 830 2368; x_wconf 84' lang='lat' dir='ltr'><strong><em>cir</em></strong></span> <span class='ocrx_word' id='word_1_184' title='bbox 843 2315 888 2368; x_wconf 77' lang='grc' dir='ltr'><strong><em>εει</em></strong></span> <span class='ocrx_word' id='word_1_185' title='bbox 902 2309 1006 2384; x_wconf 82' lang='lat' dir='ltr'><strong><em>utique</em></strong></span> <span class='ocrx_word' id='word_1_186' title='bbox 1019 2308 1165 2384; x_wconf 64' lang='lat' dir='ltr'><strong><em>rupium</em></strong></span> <span class='ocrx_word' id='word_1_187' title='bbox 1184 2307 1265 2366; x_wconf 88' lang='lat' dir='ltr'><strong><em>ideo·</em></strong></span> 
     </span>
     <span class='ocr_line' id='line_1_23' title="bbox 271 2388 1266 2472; baseline -0.001 -20"><span class='ocrx_word' id='word_1_188' title='bbox 271 2411 328 2472; x_wconf 87' lang='lat' dir='ltr'><strong><em>quc</em></strong></span> <span class='ocrx_word' id='word_1_189' title='bbox 343 2390 422 2454; x_wconf 80' lang='lat' dir='ltr'><strong><em>Boni</em></strong></span> <span class='ocrx_word' id='word_1_190' title='bbox 436 2401 481 2453; x_wconf 77' lang='lat' dir='ltr'><strong><em>&#39;ert</em></strong></span> <span class='ocrx_word' id='word_1_191' title='bbox 496 2393 618 2453; x_wconf 78' lang='lat' dir='ltr'><strong><em>ioueste</em></strong></span> <span class='ocrx_word' id='word_1_192' title='bbox 634 2392 752 2471; x_wconf 80' lang='lat' dir='ltr'><strong><em>fucere,</em></strong></span> <span class='ocrx_word' id='word_1_193' title='bbox 773 2392 847 2452; x_wconf 86' lang='lat' dir='ltr'><strong><em>mcii</em></strong></span> <span class='ocrx_word' id='word_1_194' title='bbox 857 2392 987 2470; x_wconf 79' lang='lat' dir='ltr'><strong><em>turpiter</em></strong></span> <span class='ocrx_word' id='word_1_195' title='bbox 992 2413 1006 2460; x_wconf 88' lang='lat'><strong><em>,·</em></strong></span> <span class='ocrx_word' id='word_1_196' title='bbox 1026 2401 1056 2450; x_wconf 87' lang='lat' dir='ltr'><strong><em>et</em></strong></span> <span class='ocrx_word' id='word_1_197' title='bbox 1071 2388 1131 2463; x_wconf 78' lang='lat' dir='ltr'><strong><em>Oui</em></strong></span> <span class='ocrx_word' id='word_1_198' title='bbox 1144 2391 1266 2452; x_wconf 77' lang='lat' dir='ltr'><strong><em>iouectc</em></strong></span> 
     </span>
     <span class='ocr_line' id='line_1_24' title="bbox 268 2473 1264 2556; baseline -0.006 -18"><span class='ocrx_word' id='word_1_199' title='bbox 268 2477 406 2556; x_wconf 75' lang='lat' dir='ltr'><strong><em>fuciunt,</em></strong></span> <span class='ocrx_word' id='word_1_200' title='bbox 429 2476 500 2537; x_wconf 85' lang='lat' dir='ltr'><strong><em>boui</em></strong></span> <span class='ocrx_word' id='word_1_201' title='bbox 507 2518 516 2551; x_wconf 80' lang='grc'><em>,</em></span> <span class='ocrx_word' id='word_1_202' title='bbox 541 2477 593 2553; x_wconf 76' lang='lat' dir='ltr'><strong><em>q‘ui</em></strong></span> <span class='ocrx_word' id='word_1_203' title='bbox 609 2476 755 2554; x_wconf 76' lang='lat' dir='ltr'><strong><em>turpiter,</em></strong></span> <span class='ocrx_word' id='word_1_204' title='bbox 776 2477 850 2536; x_wconf 83' lang='lat' dir='ltr'><strong><em>maii</em></strong></span> <span class='ocrx_word' id='word_1_205' title='bbox 870 2476 1071 2543; x_wconf 75' lang='lat' dir='ltr'><strong><em>iudicantur,-</em></strong></span> <span class='ocrx_word' id='word_1_206' title='bbox 1092 2484 1184 2534; x_wconf 88' lang='lat' dir='ltr'><strong><em>recte.</em></strong></span> <span class='ocrx_word' id='word_1_207' title='bbox 1215 2473 1264 2549; x_wconf 82' lang='lat' dir='ltr'><strong><em>At,</em></strong></span> 
     </span>
     <span class='ocr_line' id='line_1_25' title="bbox 270 2559 1264 2639; baseline -0.001 -19"><span class='ocrx_word' id='word_1_208' title='bbox 270 2559 462 2622; x_wconf 70' lang='lat' dir='ltr'><strong><em>Exercitatio</em></strong></span> <span class='ocrx_word' id='word_1_209' title='bbox 481 2563 663 2639; x_wconf 80' lang='lat' dir='ltr'><strong><em>plerumque</em></strong></span> <span class='ocrx_word' id='word_1_210' title='bbox 687 2560 845 2620; x_wconf 78' lang='lat' dir='ltr'><strong><em>robustum</em></strong></span> <span class='ocrx_word' id='word_1_211' title='bbox 860 2577 974 2638; x_wconf 78' lang='lat' dir='ltr'><strong><em>corpus</em></strong></span> <span class='ocrx_word' id='word_1_212' title='bbox 987 2560 1085 2639; x_wconf 62' lang='lat' dir='ltr'><strong><em>sucin</em></strong></span> <span class='ocrx_word' id='word_1_213' title='bbox 1117 2560 1174 2620; x_wconf 78' lang='lat' dir='ltr'><strong><em>red</em></strong></span> <span class='ocrx_word' id='word_1_214' title='bbox 1193 2577 1264 2634; x_wconf 82' lang='lat' dir='ltr'><strong><em>ooo,</em></strong></span> 
     </span>
     <span class='ocr_line' id='line_1_26' title="bbox 271 2643 1283 2723; baseline -0.008 -17"><span class='ocrx_word' id='word_1_215' title='bbox 271 2645 411 2723; x_wconf 75' lang='lat' dir='ltr'><strong><em>quisquis</em></strong></span> <span class='ocrx_word' id='word_1_216' title='bbox 428 2652 473 2705; x_wconf 80' lang='lat' dir='ltr'><strong><em>eut</em></strong></span> <span class='ocrx_word' id='word_1_217' title='bbox 486 2645 637 2721; x_wconf 78' lang='lat' dir='ltr'><strong><em>robustus,</em></strong></span> <span class='ocrx_word' id='word_1_218' title='bbox 656 2645 863 2719; x_wconf 70' lang='lat' dir='ltr'><strong><em>coercitionis,</em></strong></span> <span class='ocrx_word' id='word_1_219' title='bbox 890 2663 966 2721; x_wconf 77' lang='lat' dir='ltr'><strong><em>uec,</em></strong></span> <span class='ocrx_word' id='word_1_220' title='bbox 991 2645 1129 2721; x_wconf 76' lang='lat' dir='ltr'><strong><em>quisquis</em></strong></span> <span class='ocrx_word' id='word_1_221' title='bbox 1143 2643 1283 2704; x_wconf 66' lang='lat' dir='ltr'><strong><em>exerui.</em></strong></span> 
     </span>
     <span class='ocr_line' id='line_1_27' title="bbox 271 2726 1266 2805; baseline -0.004 -14"><span class='ocrx_word' id='word_1_222' title='bbox 271 2738 365 2805; x_wconf 77' lang='lat' dir='ltr'><strong><em>tutuo,</em></strong></span> <span class='ocrx_word' id='word_1_223' title='bbox 380 2728 525 2789; x_wconf 73' lang='lat' dir='ltr'><strong><em>robustus</em></strong></span> <span class='ocrx_word' id='word_1_224' title='bbox 530 2751 544 2798; x_wconf 87' lang='lat'><strong><em>,·</em></strong></span> <span class='ocrx_word' id='word_1_225' title='bbox 558 2746 634 2804; x_wconf 85' lang='lat' dir='ltr'><strong><em>uec,</em></strong></span> <span class='ocrx_word' id='word_1_226' title='bbox 659 2729 733 2805; x_wconf 81' lang='lat' dir='ltr'><strong><em>quio</em></strong></span> <span class='ocrx_word' id='word_1_227' title='bbox 749 2726 907 2789; x_wconf 79' lang='lat' dir='ltr'><strong><em>Fortitudo</em></strong></span> <span class='ocrx_word' id='word_1_228' title='bbox 918 2737 1069 2805; x_wconf 80' lang='lat' dir='ltr'><strong><em>procetur,</em></strong></span> <span class='ocrx_word' id='word_1_229' title='bbox 1086 2747 1125 2788; x_wconf 85' lang='lat' dir='ltr'><strong><em>ue</em></strong></span> <span class='ocrx_word' id='word_1_230' title='bbox 1141 2735 1266 2788; x_wconf 86' lang='lat' dir='ltr'><strong><em>mortem</em></strong></span> 
     </span>
     <span class='ocr_line' id='line_1_28' title="bbox 271 2811 1266 2890; baseline -0.005 -16"><span class='ocrx_word' id='word_1_231' title='bbox 271 2816 448 2887; x_wconf 78' lang='lat' dir='ltr'><strong><em>timeamus,</em></strong></span> <span class='ocrx_word' id='word_1_232' title='bbox 476 2814 614 2890; x_wconf 76' lang='lat' dir='ltr'><strong><em>quicquic</em></strong></span> <span class='ocrx_word' id='word_1_233' title='bbox 635 2822 760 2873; x_wconf 86' lang='lat' dir='ltr'><strong><em>mortem</em></strong></span> <span class='ocrx_word' id='word_1_234' title='bbox 779 2830 840 2872; x_wconf 75' lang='lat' dir='ltr'><strong><em>riou</em></strong></span> <span class='ocrx_word' id='word_1_235' title='bbox 859 2813 1007 2886; x_wconf 79' lang='lat' dir='ltr'><strong><em>timuerit,</em></strong></span> <span class='ocrx_word' id='word_1_236' title='bbox 1028 2813 1078 2872; x_wconf 86' lang='lat' dir='ltr'><strong><em>cir</em></strong></span> <span class='ocrx_word' id='word_1_237' title='bbox 1097 2812 1187 2890; x_wconf 77' lang='lat' dir='ltr'><strong><em>fortio</em></strong></span> <span class='ocrx_word' id='word_1_238' title='bbox 1207 2811 1266 2871; x_wconf 89' lang='lat' dir='ltr'><strong><em>erit</em></strong></span> 
     </span>
     <span class='ocr_line' id='line_1_29' title="bbox 270 2894 1264 2974; baseline -0.001 -17"><span class='ocrx_word' id='word_1_239' title='bbox 270 2895 513 2965; x_wconf 53' lang='lat' dir='ltr'><strong><em>existimandum</em></strong></span> <span class='ocrx_word' id='word_1_240' title='bbox 536 2915 610 2971; x_wconf 77' lang='lat' dir='ltr'><strong><em>uec,</em></strong></span> <span class='ocrx_word' id='word_1_241' title='bbox 634 2897 663 2956; x_wconf 79' lang='grc' dir='ltr'><strong><em>εἰ</em></strong></span> <span class='ocrx_word' id='word_1_242' title='bbox 679 2897 790 2973; x_wconf 83' lang='lat' dir='ltr'><strong><em>capitio</em></strong></span> <span class='ocrx_word' id='word_1_243' title='bbox 807 2894 941 2956; x_wconf 88' lang='lat' dir='ltr'><strong><em>dolorem</em></strong></span> <span class='ocrx_word' id='word_1_244' title='bbox 959 2896 1052 2974; x_wconf 80' lang='lat' dir='ltr'><strong><em>fucit,</em></strong></span> <span class='ocrx_word' id='word_1_245' title='bbox 1073 2897 1189 2957; x_wconf 81' lang='lat' dir='ltr'><strong><em>iuutitio</em></strong></span> <span class='ocrx_word' id='word_1_246' title='bbox 1211 2894 1264 2956; x_wconf 86' lang='lat' dir='ltr'><strong><em>to-</em></strong></span> 
     </span>
     <span class='ocr_line' id='line_1_30' title="bbox 271 2978 1307 3057; baseline -0.001 -16"><span class='ocrx_word' id='word_1_247' title='bbox 271 2981 457 3042; x_wconf 81' lang='lat' dir='ltr'><strong><em>roiuiburooi</em></strong></span> <span class='ocrx_word' id='word_1_248' title='bbox 467 2987 521 3041; x_wconf 78' lang='lat' dir='ltr'><strong><em>ert.</em></strong></span> <span class='ocrx_word' id='word_1_249' title='bbox 546 2978 626 3038; x_wconf 81' lang='lat' dir='ltr'><strong><em>Haec</em></strong></span> <span class='ocrx_word' id='word_1_250' title='bbox 638 2978 674 3038; x_wconf 81' lang='lat' dir='ltr'><strong><em>od</em></strong></span> <span class='ocrx_word' id='word_1_251' title='bbox 685 2978 857 3039; x_wconf 83' lang='lat' dir='ltr'><strong><em>hortativum</em></strong></span> <span class='ocrx_word' id='word_1_252' title='bbox 868 2979 990 3039; x_wconf 73' lang='lat' dir='ltr'><strong><em>maxime</em></strong></span> <span class='ocrx_word' id='word_1_253' title='bbox 1001 2980 1307 3057; x_wconf 66' lang='lat' dir='ltr'><strong><em>genuspertinentzffl</em></strong></span> 
     </span>
     <span class='ocr_line' id='line_1_31' title="bbox 274 3061 1265 3143; baseline -0.003 -18"><span class='ocrx_word' id='word_1_254' title='bbox 274 3063 379 3125; x_wconf 78' lang='lat' dir='ltr'><strong><em>Virtus</em></strong></span> <span class='ocrx_word' id='word_1_255' title='bbox 397 3064 476 3143; x_wconf 80' lang='lat' dir='ltr'><strong><em>fucit</em></strong></span> <span class='ocrx_word' id='word_1_256' title='bbox 498 3064 638 3138; x_wconf 81' lang='lat' dir='ltr'><strong><em>taudem,</em></strong></span> <span class='ocrx_word' id='word_1_257' title='bbox 661 3064 820 3139; x_wconf 77' lang='lat' dir='ltr'><strong><em>sequendo</em></strong></span> <span class='ocrx_word' id='word_1_258' title='bbox 835 3066 948 3140; x_wconf 65' lang='lat' dir='ltr'><strong><em>icitur5</em></strong></span> <span class='ocrx_word' id='word_1_259' title='bbox 968 3071 1002 3124; x_wconf 88' lang='lat' dir='ltr'><strong><em>ct</em></strong></span> <span class='ocrx_word' id='word_1_260' title='bbox 1025 3065 1166 3139; x_wconf 79' lang='lat' dir='ltr'><strong><em>coiuptur</em></strong></span> <span class='ocrx_word' id='word_1_261' title='bbox 1180 3061 1265 3140; x_wconf 82' lang='lat' dir='ltr'><strong><em>iufu-</em></strong></span> 
     </span>
     <span class='ocr_line' id='line_1_32' title="bbox 270 3146 1266 3227; baseline -0.007 -17"><span class='ocrx_word' id='word_1_262' title='bbox 270 3150 374 3220; x_wconf 85' lang='lat' dir='ltr'><strong><em>mium‚</em></strong></span> <span class='ocrx_word' id='word_1_263' title='bbox 390 3148 539 3227; x_wconf 75' lang='lat' dir='ltr'><strong><em>fuqieudu</em></strong></span> <span class='ocrx_word' id='word_1_264' title='bbox 554 3149 656 3226; x_wconf 63' lang='lat' dir='ltr'><strong><em>icitur.</em></strong></span> <span class='ocrx_word' id='word_1_265' title='bbox 688 3146 781 3206; x_wconf 85' lang='lat' dir='ltr'><strong><em>Recte</em></strong></span> <span class='ocrx_word' id='word_1_266' title='bbox 797 3155 891 3206; x_wconf 80' lang='lat' dir='ltr'><strong><em>autem</em></strong></span> <span class='ocrx_word' id='word_1_267' title='bbox 907 3164 1069 3220; x_wconf 85' lang='lat' dir='ltr'><strong><em>monemur,</em></strong></span> <span class='ocrx_word' id='word_1_268' title='bbox 1087 3154 1192 3204; x_wconf 81' lang='lat' dir='ltr'><strong><em>cousus</em></strong></span> <span class='ocrx_word' id='word_1_269' title='bbox 1207 3161 1266 3203; x_wconf 84' lang='lat' dir='ltr'><strong><em>noo</em></strong></span> 
     </span>
     <span class='ocr_line' id='line_1_33' title="bbox 269 3227 1308 3309; baseline -0.001 -18"><span class='ocrx_word' id='word_1_270' title='bbox 269 3233 371 3309; x_wconf 86' lang='lat' dir='ltr'><strong><em>utique</em></strong></span> <span class='ocrx_word' id='word_1_271' title='bbox 394 3231 430 3290; x_wconf 83' lang='lat' dir='ltr'><strong><em>ab</em></strong></span> <span class='ocrx_word' id='word_1_272' title='bbox 451 3232 551 3291; x_wconf 90' lang='lat' dir='ltr'><strong><em>ultimo</em></strong></span> <span class='ocrx_word' id='word_1_273' title='bbox 571 3248 639 3291; x_wconf 84' lang='lat' dir='ltr'><strong><em>esse</em></strong></span> <span class='ocrx_word' id='word_1_274' title='bbox 653 3230 846 3308; x_wconf 84' lang='lat' dir='ltr'><strong><em>repetendos,</em></strong></span> <span class='ocrx_word' id='word_1_275' title='bbox 862 3239 893 3290; x_wconf 88' lang='lat' dir='ltr'><strong><em>ut</em></strong></span> <span class='ocrx_word' id='word_1_276' title='bbox 908 3229 1027 3304; x_wconf 76' lang='lat' dir='ltr'><strong><em>Medea,</em></strong></span> <span class='ocrx_word' id='word_1_277' title='bbox 1045 3227 1165 3290; x_wconf 71' lang='lat' dir='ltr'><strong><em>[iduum</em></strong></span> <span class='ocrx_word' id='word_1_278' title='bbox 1179 3247 1218 3290; x_wconf 80' lang='lat' dir='ltr'><strong><em>rte</em></strong></span> <span class='ocrx_word' id='word_1_279' title='bbox 1232 3231 1308 3291; x_wconf 72' lang='lat' dir='ltr'><strong><em>infit</em></strong></span> 
     </span>
     <span class='ocr_line' id='line_1_34' title="bbox 269 3314 1265 3394; baseline -0.001 -17"><span class='ocrx_word' id='word_1_280' title='bbox 269 3335 394 3377; x_wconf 82' lang='lat' dir='ltr'><strong><em>nemore</em></strong></span> <span class='ocrx_word' id='word_1_281' title='bbox 410 3314 512 3384; x_wconf 77' lang='lat' dir='ltr'><strong><em>Pelio,-</em></strong></span> <span class='ocrx_word' id='word_1_282' title='bbox 529 3316 698 3394; x_wconf 82' lang='lat' dir='ltr'><strong><em>quasivero</em></strong></span> <span class='ocrx_word' id='word_1_283' title='bbox 713 3315 820 3374; x_wconf 85' lang='lat' dir='ltr'><strong><em>ideam</em></strong></span> <span class='ocrx_word' id='word_1_284' title='bbox 835 3314 938 3375; x_wconf 86' lang='lat' dir='ltr'><strong><em>iecerit</em></strong></span> <span class='ocrx_word' id='word_1_285' title='bbox 950 3314 1084 3373; x_wconf 80' lang='lat' dir='ltr'><strong><em>miserum</em></strong></span> <span class='ocrx_word' id='word_1_286' title='bbox 1095 3322 1143 3372; x_wconf 81' lang='lat' dir='ltr'><strong><em>aut</em></strong></span> <span class='ocrx_word' id='word_1_287' title='bbox 1157 3329 1265 3376; x_wconf 85' lang='lat' dir='ltr'><strong><em>nocen-</em></strong></span> 
     </span>
     <span class='ocr_line' id='line_1_35' title="bbox 269 3399 1266 3478; baseline -0.004 -18"><span class='ocrx_word' id='word_1_288' title='bbox 269 3409 345 3475; x_wconf 76' lang='lat' dir='ltr'><strong><em>tem,</em></strong></span> <span class='ocrx_word' id='word_1_289' title='bbox 373 3399 450 3478; x_wconf 87' lang='lat' dir='ltr'><strong><em>quod</em></strong></span> <span class='ocrx_word' id='word_1_290' title='bbox 473 3399 533 3460; x_wconf 91' lang='lat' dir='ltr'><strong><em>illic</em></strong></span> <span class='ocrx_word' id='word_1_291' title='bbox 558 3399 697 3459; x_wconf 85' lang='lat' dir='ltr'><strong><em>ceciderit</em></strong></span> <span class='ocrx_word' id='word_1_292' title='bbox 719 3399 852 3477; x_wconf 73' lang='lat' dir='ltr'><strong><em>obiequo</em></strong></span> <span class='ocrx_word' id='word_1_293' title='bbox 879 3399 923 3459; x_wconf 89' lang='lat' dir='ltr'><strong><em>od</em></strong></span> <span class='ocrx_word' id='word_1_294' title='bbox 947 3405 1062 3459; x_wconf 75' lang='grc' dir='ltr'><strong>ιειταηι</strong></span> <span class='ocrx_word' id='word_1_295' title='bbox 1086 3399 1209 3468; x_wconf 60' lang='lat' dir='ltr'><strong><em>trohen</em></strong></span> <span class='ocrx_word' id='word_1_296' title='bbox 1235 3405 1266 3457; x_wconf 89' lang='grc' dir='ltr'><strong><em>ει</em></strong></span> 
     </span>
     <span class='ocr_line' id='line_1_36' title="bbox 270 3482 1266 3561; baseline -0.001 -18"><span class='ocrx_word' id='word_1_297' title='bbox 270 3484 433 3544; x_wconf 85' lang='lat' dir='ltr'><strong><em>Philocteta</em></strong></span> <span class='ocrx_word' id='word_1_298' title='bbox 448 3484 560 3559; x_wconf 84' lang='lat' dir='ltr'><strong><em>Paridi,</em></strong></span> <span class='ocrx_word' id='word_1_299' title='bbox 580 3482 616 3544; x_wconf 68' lang='lat' dir='ltr'><strong><em>se·</em></strong></span> <span class='ocrx_word' id='word_1_300' title='bbox 629 3485 732 3561; x_wconf 70' lang='lat' dir='ltr'><strong><em>impar</em></strong></span> <span class='ocrx_word' id='word_1_301' title='bbox 746 3501 830 3544; x_wconf 76' lang='grc' dir='ltr'><strong>εεεεε</strong></span> <span class='ocrx_word' id='word_1_302' title='bbox 843 3483 911 3558; x_wconf 84' lang='lat' dir='ltr'><strong><em>tibi,</em></strong></span> <span class='ocrx_word' id='word_1_303' title='bbox 927 3499 982 3560; x_wconf 72' lang='lat' dir='ltr'><strong><em>eoo</em></strong></span> <span class='ocrx_word' id='word_1_304' title='bbox 999 3500 1080 3543; x_wconf 79' lang='lat' dir='ltr'><strong><em>nuuc</em></strong></span> <span class='ocrx_word' id='word_1_305' title='bbox 1093 3500 1154 3543; x_wconf 80' lang='lat' dir='ltr'><strong><em>uon</em></strong></span> <span class='ocrx_word' id='word_1_306' title='bbox 1169 3500 1266 3543; x_wconf 78' lang='lat' dir='ltr'><strong><em>eorem</em></strong></span> 
     </span>
     <span class='ocr_line' id='line_1_37' title="bbox 269 3565 1352 3646; baseline -0.008 -17"><span class='ocrx_word' id='word_1_307' title='bbox 269 3570 382 3639; x_wconf 63' lang='lat' dir='ltr'><strong><em>mirem·</em></strong></span> <span class='ocrx_word' id='word_1_308' title='bbox 397 3585 453 3646; x_wconf 90' lang='lat' dir='ltr'><strong><em>quo</em></strong></span> <span class='ocrx_word' id='word_1_309' title='bbox 470 3568 554 3627; x_wconf 88' lang='lat' dir='ltr'><strong><em>modo</em></strong></span> <span class='ocrx_word' id='word_1_310' title='bbox 572 3569 726 3645; x_wconf 82' lang='lat' dir='ltr'><strong><em>pervenire</em></strong></span> <span class='ocrx_word' id='word_1_311' title='bbox 741 3566 873 3643; x_wconf 85' lang='lat' dir='ltr'><strong><em>quolibet</em></strong></span> <span class='ocrx_word' id='word_1_312' title='bbox 886 3574 974 3626; x_wconf 85' lang='lat' dir='ltr'><strong><em>retro</em></strong></span> <span class='ocrx_word' id='word_1_313' title='bbox 984 3583 1085 3626; x_wconf 81' lang='lat' dir='ltr'><strong><em>causus</em></strong></span> <span class='ocrx_word' id='word_1_314' title='bbox 1096 3565 1264 3642; x_wconf 32' lang='lat' dir='ltr'><strong><em>*legentibus</em></strong></span> <span class='ocrx_word' id='word_1_315' title='bbox 1347 3610 1352 3620; x_wconf 77' lang='grc'>.</span> 
     </span>
     <span class='ocr_line' id='line_1_38' title="bbox 270 3648 1305 3728; baseline -0.004 -15"><span class='ocrx_word' id='word_1_316' title='bbox 270 3653 351 3717; x_wconf 85' lang='lat' dir='ltr'><strong><em>licet.</em></strong></span> <span class='ocrx_word' id='word_1_317' title='bbox 389 3651 464 3712; x_wconf 90' lang='lat' dir='ltr'><strong><em>Illud</em></strong></span> <span class='ocrx_word' id='word_1_318' title='bbox 487 3652 531 3711; x_wconf 85' lang='lat' dir='ltr'><strong><em>his</em></strong></span> <span class='ocrx_word' id='word_1_319' title='bbox 556 3651 682 3711; x_wconf 82' lang='lat' dir='ltr'><strong><em>adiicere</em></strong></span> <span class='ocrx_word' id='word_1_320' title='bbox 703 3649 853 3711; x_wconf 87' lang='lat' dir='ltr'><strong><em>ridiculum</em></strong></span> <span class='ocrx_word' id='word_1_321' title='bbox 868 3659 1014 3728; x_wconf 83' lang='lat' dir='ltr'><strong><em>potarem,</em></strong></span> <span class='ocrx_word' id='word_1_322' title='bbox 1037 3650 1090 3708; x_wconf 88' lang='lat' dir='ltr'><strong><em>nisi</em></strong></span> <span class='ocrx_word' id='word_1_323' title='bbox 1106 3667 1142 3708; x_wconf 89' lang='lat' dir='ltr'><strong><em>eo</em></strong></span> <span class='ocrx_word' id='word_1_324' title='bbox 1158 3648 1305 3709; x_wconf 73' lang='lat' dir='ltr'><strong><em>ctc&#39;emttc</em></strong></span> 
     </span>
     <span class='ocr_line' id='line_1_39' title="bbox 270 3731 1262 3816; baseline -0.004 -18"><span class='ocrx_word' id='word_1_325' title='bbox 270 3745 417 3815; x_wconf 82' lang='lat' dir='ltr'><strong><em>uteretur,</em></strong></span> <span class='ocrx_word' id='word_1_326' title='bbox 441 3736 519 3816; x_wconf 87' lang='lat' dir='ltr'><strong><em>quod</em></strong></span> <span class='ocrx_word' id='word_1_327' title='bbox 534 3735 766 3814; x_wconf 79' lang='lat' dir='ltr'><strong><em>coniugatum</em></strong></span> <span class='ocrx_word' id='word_1_328' title='bbox 780 3743 904 3815; x_wconf 83' lang='lat' dir='ltr'><strong><em>vocant,</em></strong></span> <span class='ocrx_word' id='word_1_329' title='bbox 921 3743 953 3797; x_wconf 85' lang='lat' dir='ltr'><strong><em>ut</em></strong></span> <span class='ocrx_word' id='word_1_330' title='bbox 973 3731 1053 3812; x_wconf 77' lang='lat' dir='ltr'><strong><em>Eoo,</em></strong></span> <span class='ocrx_word' id='word_1_331' title='bbox 1069 3736 1200 3814; x_wconf 80' lang='lat' dir='ltr'><strong><em>quirem</em></strong></span> <span class='ocrx_word' id='word_1_332' title='bbox 1214 3733 1262 3794; x_wconf 90' lang='lat' dir='ltr'><strong><em>iu-</em></strong></span> 
     </span>
    </p>
   </div>
   <div class='ocr_carea' id='block_1_3' title="bbox 0 0 1599 4409">
    <p class='ocr_par' dir='ltr' id='par_1_3' title="bbox 0 0 1599 4409">
     <span class='ocr_line' id='line_1_40' title="bbox 0 0 1599 4409; baseline 0 0"><span class='ocrx_word' id='word_1_333' title='bbox 0 0 1599 4409; x_wconf 95' lang='lat' dir='ltr'><strong><em> </em></strong></span> 
     </span>
    </p>
   </div>
  </div>
 </body>
</html>
