3184 4409
575 477 664 527 mss.
678 478 827 530 osunen.
841 478 970 543 n1s01x,
983 475 1010 529 3.
1156 447 1158 453 ’
1232 464 1289 528 121

296 635 433 696 transitus
451 633 487 693 ad
503 632 617 693 diversa
634 640 665 691 ut
679 633 795 692 similia:
817 664 860 681 -
879 630 991 696 Brevis
1007 652 1073 696 ease
1089 634 1213 713 laboro,
1231 632 1292 697 Ob·

295 738 408 782 ceurae
421 717 471 796 fio,
489 726 517 776 et
533 734 606 794 quae
623 726 789 796 sequuntur.

381 802 507 864 Tertium
523 809 569 860 est
583 818 675 876 genus
690 800 861 878 figurarum,
887 800 965 880 quod
982 809 1029 860 aut
1044 802 1226 863 similitudine
1241 803 1335 872 ali-66

298 905 353 965 qua
373 904 478 947 uocum
496 894 545 944 aut
568 884 685 963 paribus
710 893 758 944 aut
779 886 930 944 contrariis
952 887 1102 957 convertit,
1114 888 1142 944 in
1157 904 1190 944 se
1206 905 1292 946 aures

297 980 328 1035 et
342 972 459 1030 excitat.
490 968 562 1029 Hinc
574 978 620 1029 est
633 969 851 1047 παρονομασία,
870 987 945 1048 quae
960 969 1064 1028 dicitur
1083 972 1222 1029 annomi
1232 989 1293 1031 na·

296 1056 359 1115 tio.
395 1053 438 1113 Ea
466 1069 524 1111 non
547 1070 603 1112 uno
624 1053 711 1112 modo
741 1053 804 1112 lieri
823 1053 900 1112 solet
919 1054 972 1113 sed
991 1071 1028 1112 ax
1047 1055 1151 1112 vicinia
1172 1054 1293 1132 quadam

295 1138 437 1218 praedicti
452 1137 573 1195 nominis
592 1137 677 1198 ducta
700 1136 814 1198 casibus
830 1137 1003 1196 declinatur:
1019 1146 1049 1195 ut
1065 1136 1205 1196 Domitius
1220 1137 1294 1198 dier

296 1241 351 1301 pro
371 1220 528 1296 Domitilla,
546 1217 657 1282 Mulier
670 1222 801 1283 cummium
815 1240 921 1282 rerum
940 1222 1097 1299 impetite,
1108 1222 1144 1280 'im
1158 1222 1294 1283 ommibus

297 1308 391 1368 rebus
404 1306 520 1385 infelix.
558 1303 596 1364 Et
610 1323 675 1365 cum
689 1304 780 1365 verbo
795 1305 871 1364 idem
885 1304 1004 1364 verbum
1020 1305 1085 1383 plus
1094 1304 1335 1382 significantem?

298 1390 494 1466 subiungitur:
517 1385 648 1461 Quaado
668 1389 753 1450 homo
769 1389 874 1464 doctis,
890 1389 984 1450 domo.
1022 1386 1132 1462 Quibus
1153 1389 1293 1467 exemplis

297 1492 361 1534 suun
375 1475 404 1532 in
419 1472 495 1533 aliud
509 1491 589 1548 usus,
605 1471 659 1533 sed
674 1474 704 1532 in
719 1489 775 1532 uno
792 1473 886 1533 facilis
901 1481 947 1533 est
964 1473 1128 1549 geminatio.
1158 1473 1292 1552 Παρονα·

298 1559 390 1641 μασία
406 1559 433 1618 ci
448 1557 620 1617 contrarium
640 1565 701 1633 est,
718 1557 796 1634 quod
811 1558 915 1617 eodem
928 1557 1019 1616 verbo
1037 1557 1118 1634 quasi
1132 1556 1234 1616 falsum
1248 1573 1293 1616 ar·

298 1644 408 1720 guitur:
431 1639 518 1714 Quae
538 1642 589 1702 lec
604 1643 738 1720 privatis
759 1642 1076 1704 monuissemus
1091 1659 1151 1701 mcc
1166 1641 1296 1701 cidebu-

298 1736 359 1788 tur.
390 1723 443 1785 (lui
459 1725 579 1785 caulinis
597 1735 642 1786 est
659 1715 887 1802 αἰντανάκλασις,
909 1725 1038 1785 eiusdem
1053 1723 1135 1784 verbi
1150 1726 1337 1789 contraria68

297 1809 480 1886 significatio.
518 1807 588 1868 (lum
610 1810 779 1869 Proculeius
803 1818 975 1888 quereretur
1001 1809 1038 1869 de
1062 1808 1140 1883 filio,
1172 1808 1247 1886 quod
1268 1810 1293 1867 is
1347 1809 1349 1813 ’

298 1902 418 1952 mortem
440 1910 519 1952 suam
537 1901 730 1972 expectaret,
752 1903 781 1954 et
803 1894 854 1953 ille
874 1893 1011 1966 dixisset,
1031 1911 1067 1952 se
1080 1910 1152 1953 cero
1168 1912 1228 1953 nott
1243 1909 1294 1954 ea·

297 1984 442 2055 pectere:
464 1975 574 2051 Immo,
591 1978 697 2054 inquit,
713 1996 787 2056 rope
802 1985 954 2056 expectes.
990 1974 1055 2034 Non
1071 1994 1108 2034 ax
1125 1975 1227 2035 eodem
1242 1976 1295 2035 sed

300 2079 338 2121 ex
352 2059 468 2120 diuerso
486 2061 610 2119 vicinum
623 2061 778 2138 accipitur,
800 2079 863 2120 cum
882 2060 1032 2139 supplicio
1053 2058 1233 2118 alliciendum
1253 2058 1294 2118 dl·

299 2162 366 2220 cas,
391 2161 475 2221 quem
496 2144 719 2222 supplicatione.
735 2144 849 2221 dignum
872 2144 1016 2204 iudicaris.
1065 2141 1159 2201 Aliter
1180 2150 1336 2220 quoquefiil

299 2245 390 2287 voces
405 2237 453 2287 aut
470 2227 590 2287 eaedem
607 2227 721 2288 diversa
738 2228 766 2286 in
783 2227 991 2305 significatione
1007 2235 1150 2304 ponuntur
1164 2234 1213 2285 aut
1226 2242 1293 2304 pro·

246 2378 250 2399 Ι
300 2312 435 2371 ductione
448 2319 555 2370 tantum
568 2310 617 2371 vet
635 2313 820 2389 correptione
835 2321 971 2380 mutatam
988 2311 1064 2389 quod
1080 2311 1164 2370 etlam
1175 2311 1204 2369 in
1219 2311 1294 2369 iocis

299 2395 433 2472 frigidum
461 2393 594 2472 equidem
621 2394 694 2455 tradi
721 2396 796 2455 inter
823 2404 981 2474 praecepta
1007 2396 1110 2469 miror,
1136 2411 1293 2473 eorumque

301 2479 435 2557 exempla
456 2478 561 2538 vitandi
583 2479 679 2557 potius
702 2496 785 2556 quam
808 2479 932 2538 imitandi
953 2481 1044 2557 gratia
1065 2494 1159 2556 pono:
1187 2475 1344 2540 amanto·

298 2563 466 2625 iucundum
481 2570 536 2639 cst,
551 2565 579 2624 αἱ
596 2569 730 2639 curmae,
745 2582 784 2624 me
794 2564 952 2642 puidrlmct‘t
966 2564 1074 2623 amari.
1102 2558 1212 2624 Acium
1226 2563 1294 2625 uut-

301 2649 380 2710 cedo
395 2647 438 2709 ud
451 2649 552 2708 dolum
567 2649 669 2717 deum
684 2656 714 2707 et
728 2647 804 2725 apud
818 2645 947 2707 Ovidium
963 2646 1126 2707 ludentem:

431 2773 433 2777 ψ
473 2729 537 2791 Cur
550 2750 605 2811 epo
618 2750 680 2793 com
695 2733 807 2808 dicum,
822 2728 929 2806 Furio,
943 2738 972 2791 tc
986 2731 1122 2810 furiam?

302 2813 474 2874 Cornificius
500 2814 573 2874 hanc
595 2815 865 2875 traductionem
888 2824 989 2890 vocat,
1015 2813 1154 2874 videlicet
1175 2813 1335 2875 alterius'll

301 2897 467 2957 intellectus
483 2899 518 2959 ad
535 2899 666 2958 alterum.
699 2900 757 2960 Sed
771 2899 949 2977 elegantius,
970 2897 1047 2976 qnod
1068 2908 1113 2959 est
1130 2900 1254 2977 positum
1268 2899 1297 2958 iu

301 2982 502 3058 distinguenda
514 2985 556 3042 rei
569 2984 762 3062 proprietate:
776 2981 867 3046 Hunc
879 2984 926 3044 ret
934 2984 1077 3062 publicae
1087 2991 1202 3059 pestem
1216 2999 1297 3058 puu-

300 3067 398 3142 la'sper
412 3068 549 3143 reprimi,
564 3086 623 3128 mon
638 3069 670 3128 ia
682 3075 862 3146 perpetuam
871 3068 1028 3145 comprimi
1040 3083 1141 3144 posce.
1173 3063 1211 3124 Et
1223 3081 1297 3146 qnae

301 3150 566 3228 praepositionibus
587 3152 615 3210 in
638 3152 811 3212 contrarium
831 3160 990 3211 mutantur:
1021 3147 1090 3212 Nea
1110 3149 1238 3209 caestus
1257 3164 1298 3210 ec·

302 3233 381 3295 urbe
396 3235 453 3295 aed
465 3236 617 3296 immissus
637 3235 670 3295 in
694 3236 801 3298 urbem
814 3255 882 3298 esce
894 3235 1045 3296 videmur.
1085 3230 1188 3292 llelius
1209 3239 1296 3311 atque

301 3317 409 3391 acrius,
426 3319 503 3395 quod
519 3337 582 3378 cum
597 3319 688 3396 ligura
705 3319 855 3379 iucundum
870 3327 915 3378 est
930 3325 987 3377 tum
1004 3317 1089 3376 etiam
1100 3333 1187 3375 sensu
1201 3315 1296 3377 valet:

302 3397 385 3461 Emit
399 3409 493 3463 morte
505 3403 766 3466 immortalitatem.
791 3401 846 3464 Illa
861 3402 987 3463 leviora:
1004 3399 1070 3462 Non
1086 3396 1229 3462 Pisonum
1244 3400 1338 3463 cedit

300 3486 451 3563 pistorum
475 3494 504 3545 et
522 3483 574 3546 Ec
594 3495 717 3549 oratore
737 3495 852 3549 erutor.
890 3486 1048 3564 Pessimum
1066 3501 1155 3544 vero:
1176 3481 1223 3545 Ne
1236 3501 1296 3560 pa·

300 3577 368 3631 tres
384 3572 549 3648 cermeripta'
566 3572 730 3633 videantur
754 3571 980 3647 circumscripti
984 3591 998 3642 ,·
1020 3567 1106 3631 Rure
1125 3569 1222 3630 esest
1242 3568 1299 3629 ted

301 3652 598 3716 velamentorum.
625 3655 675 3715 Sic
691 3655 840 3732 contingit,
855 3663 886 3714 ut
900 3653 1003 3731 aliquis
1022 3670 1125 3713 sensus
1140 3652 1297 3712 vehemens

303 3745 335 3798 et
352 3753 422 3799 acer
434 3745 615 3800 venustatem
629 3738 768 3820 aliquem,
791 3755 850 3800 uon
871 3737 974 3800 eodem
994 3756 1032 3799 ex
1043 3736 1153 3814 verbo,
1168 3752 1227 3814 non
1241 3735 1298 3798 dis·
