3184 4409
561 473 650 522 suasu.
668 473 816 522 onnnon.
829 475 898 522 nnn.
910 475 960 541 111,
976 471 1002 526 o.
1224 464 1282 525 145

297 630 348 691 sed
363 627 450 688 modo
465 635 587 688 constat.
617 625 689 686 Nam
704 618 734 686 dt
748 627 777 686 in
794 627 922 687 consiliis
938 627 1108 706 plerumque
1126 629 1284 709 simplicior

299 713 427 793 quaestio
444 721 507 788 est,
526 713 565 771 ita
588 728 678 788 saepe
701 713 729 770 iu
751 712 845 771 causis
865 713 965 770 minor.
1002 710 1083 784 Quae
1101 716 1194 774 omnia
1213 734 1282 775 vera

299 815 362 858 esse
377 797 469 870 sciet,
493 796 518 854 si
538 795 601 873 quis
622 811 679 853 non
699 796 845 853 orationes
862 795 947 854 modo
968 795 1020 854 sed
1035 795 1170 857 historias
1186 801 1283 874 etiam,

298 897 418 958 namque
441 881 470 937 in
493 879 538 938 his
561 880 711 951 contiones
733 887 820 956 atque
842 880 1001 939 sententiae
1026 879 1196 959 plerumque
1218 901 1283 942 sua·

298 963 379 1025 deudi
393 980 430 1022 ac
445 961 627 1026 dissuadendi
642 962 796 1038 iunguntur
811 961 919 1037 officio,
936 962 1036 1039 legere
1053 964 1185 1024 maluerit
1200 985 1283 1044 quam

298 1048 324 1107 in
339 1047 551 1106 commentariis
567 1045 714 1104 rhetorum
729 1062 961 1105 consenescere..
990 1046 1118 1107 inveniet
1139 1051 1212 1108 enim
1227 1051 1326 1109 neohtt

297 1131 324 1190 in
346 1129 478 1190 consiliis
494 1128 613 1207 abrupta
635 1129 714 1188 initia
735 1137 764 1187 et
782 1131 951 1188 concitatius
967 1148 1056 1208 saepe
1072 1131 1100 1189 iu
1115 1131 1226 1191 iudiciis
1242 1134 1283 1193 di-

298 1222 371 1273 ctum
395 1221 426 1274 et
444 1212 536 1272 verba
558 1221 625 1290 apta
647 1211 734 1271 rebus
755 1213 784 1270 in
805 1221 927 1290 utroque
950 1232 1059 1289 genere
1083 1224 1113 1273 et
1132 1215 1283 1275 breviores

298 1296 450 1376 aliquando
472 1314 623 1356 causarum
644 1297 790 1355 orationes
813 1314 896 1372 quam
918 1299 1131 1357 sententiarum.
1167 1298 1211 1358 Ne
1232 1300 1283 1360 illa
1292 1301 1325 1355 69

298 1381 411 1459 quidem
425 1383 455 1439 in
468 1379 512 1438 his
523 1381 592 1438 vitia
607 1379 814 1458 deprehendet,
830 1379 932 1458 quibus
950 1383 1062 1459 quidam
1075 1382 1284 1442 declamatores

298 1462 445 1539 laborant,
465 1463 543 1540 quod
560 1472 589 1522 et
604 1472 703 1523 contra
721 1463 908 1522 sentientibus
924 1465 1073 1525 inhumane
1090 1468 1285 1525 conviciantur

298 1557 325 1609 et
339 1551 378 1609 ita
396 1547 568 1626 plerumque
586 1547 697 1621 dicunt,
717 1555 850 1624 tanquam
869 1547 904 1606 ab
925 1547 968 1606 his
992 1550 1039 1626 qui
1057 1549 1217 1609 deliberant
1230 1551 1283 1609 uti·

299 1651 352 1712 que
367 1633 553 1704 dissentiant,
576 1631 701 1708 ideoque
719 1630 934 1707 obiurgantibus
952 1632 1104 1691 similiores
1120 1643 1184 1693 sunt
1202 1652 1285 1713 quam

299 1710 493 1777 suadentibus.
523 1713 602 1774 Haec
620 1713 824 1773 adolescentes
841 1714 895 1774 sibi
911 1717 1018 1793 scripta
1033 1718 1135 1791 sciant,
1150 1736 1187 1776 ue
1202 1718 1286 1777 aliter
1294 1721 1328 1776 to

301 1817 380 1877 quarn
402 1799 506 1859 dicturi
523 1807 589 1857 sunt
603 1801 735 1857 exerceri
752 1799 842 1857 velint
858 1807 887 1857 et
908 1799 935 1857 in
953 1797 1159 1870 desuescendis
1174 1818 1286 1860 moren-

299 1892 351 1942 tur.
378 1880 531 1957 Geterum,
548 1900 612 1940 cum
627 1883 762 1941 advocari
777 1878 927 1958 coep'erint
942 1883 970 1940 in
985 1884 1105 1943 consilia
1121 1886 1286 1960 amicorum,

301 1966 396 2027 dicere
413 1967 585 2030 seutentiam
600 1966 630 2023 in
644 1975 764 2043 senatu,
780 1965 920 2039 suadere,
941 1966 965 2023 si
981 1967 1048 2042 quid
1064 1968 1196 2027 consulet
1211 1970 1286 2045 prin·

301 2068 385 2131 ceps:
403 2048 482 2130 quod
494 2050 659 2128 praeceptis
671 2048 797 2108 fortasse
812 2065 869 2106 non
885 2046 1014 2123 credunt,
1029 2068 1082 2108 usu
1098 2049 1286 2109 docebuntur.

470 2201 513 2251 DE
530 2200 689 2253 PARTIBUS
708 2199 886 2252 CAUSARUM
903 2200 1112 2252 IUDIGIALIUM.

379 2295 432 2357 IX.
467 2297 549 2357 Nunc
565 2296 600 2356 de
615 2295 742 2356 iudiciali
757 2314 877 2372 genere,
894 2295 970 2373 quod
987 2304 1031 2355 est
1046 2296 1202 2374 praecipue
1217 2298 1287 2356 mul·

246 2438 248 2447 ,
293 2366 390 2459 dplex
414 2381 468 2441 sed
485 2381 590 2440 oliiciis
609 2389 722 2439 constat
738 2379 850 2439 duobus
866 2380 1028 2438 intentionis
1049 2398 1083 2439 ac
1099 2379 1287 2458 depulsionis.

246 2523 249 2533 ,
300 2461 385 2525 Cuius
401 2473 545 2543 partes,
561 2474 592 2523 ut
606 2464 735 2542 plurimis
751 2463 917 2523 auctoribus
931 2463 1050 2541 placuit,
1067 2465 1192 2542 quinque
1207 2474 1287 2524 sunt:

246 2592 249 2632 Ξ
302 2542 542 2626 prooemium,
564 2549 751 2622 narratio,
774 2547 965 2624 probatio,
986 2547 1182 2624 refutatio,
1205 2567 1288 2626 per·

303 2633 431 2693 oratio.
462 2630 512 2691 His
528 2633 695 2692 adiecerunt
712 2631 826 2709 quidam
841 2633 1033 2710 partitionem,
1049 2633 1288 2709 propositionem,

302 2731 470 2793 excessum
487 2734 605 2794 quarum
620 2716 733 2793 priores
750 2715 823 2774 duae
840 2714 1004 2793 probationi
1021 2717 1189 2776 succedunt.
1219 2715 1317 2776 Namt

246 2841 250 2880 ἒ
301 2816 468 2879 proponere
490 2799 620 2877 quidem,
643 2817 717 2877 quae
739 2800 779 2856 sis
800 2797 990 2876 probaturus,
1013 2817 1137 2858 necesse
1155 2808 1216 2876 est,
1238 2799 1291 2859 sed

246 2926 250 2963 3
302 2891 328 2942 et
340 2883 538 2951 concludere;
558 2901 610 2942 cur
624 2883 710 2958 igitur
725 2883 749 2940 si
762 2881 811 2941 illa
827 2901 895 2961 pars
911 2901 1017 2942 causae
1033 2893 1087 2958 est,
1104 2901 1161 2942 nou
1173 2892 1202 2942 et
1217 2883 1291 2942 haec

246 3008 248 3035 ,
300 2963 353 3027 siti
388 2967 509 3026 Partitio
530 2983 602 3025 vero
626 2965 823 3044 dispositionis
845 2975 890 3025 est
906 2968 1039 3044 species,
1060 2967 1123 3045 ipsa
1138 2968 1290 3044 dispositio

299 3068 363 3128 pars
378 3049 546 3110 rhetorices
564 3059 593 3110 et
614 3067 668 3127 per
683 3067 782 3108 omnes
799 3051 933 3109 materias
948 3059 1096 3129 totumque
1113 3068 1209 3110 earum
1227 3067 1290 3108 cor·

298 3151 350 3212 pus
365 3133 532 3212 aequaliter
547 3133 629 3208 fusa,
652 3135 726 3192 sicut
740 3134 883 3208 inventio,
905 3133 1042 3193 elocutio.
1077 3133 1207 3212 ideoque
1228 3138 1316 3194 eam3

295 3234 354 3277 non
377 3218 520 3277 orationis
541 3217 628 3276 totius
651 3226 763 3294 partem
783 3236 868 3277 unam
887 3235 955 3291 esse
978 3217 1152 3277 credendum
1173 3226 1218 3276 est
1238 3218 1291 3277 sed

295 3301 501 3381 quaestionum
517 3302 602 3360 etiam
619 3299 804 3378 singularum.
844 3300 925 3374 Quae
941 3310 986 3360 est
1001 3302 1075 3359 euim
1091 3303 1241 3378 quaestio,
1263 3303 1292 3360 iu

293 3402 353 3464 qua
367 3400 429 3443 non
445 3386 612 3461 promittere
630 3385 723 3462 possit
738 3393 848 3460 orator,
864 3384 931 3463 quid
945 3385 1049 3462 primo,
1068 3385 1135 3461 quid
1152 3385 1291 3461 secundo,

292 3468 364 3549 quid
387 3468 475 3526 tertio
490 3469 527 3526 sit
548 3468 616 3527 loco
632 3466 772 3536 dicturus;
796 3469 873 3547 quod
894 3476 939 3526 est
954 3469 1101 3547 proprium
1120 3470 1290 3547 partitionis.

290 3552 390 3628 Quam
409 3568 481 3627 ergo
497 3551 646 3631 ridiculum
662 3560 722 3625 est,
741 3554 938 3629 quaestionem
953 3551 1066 3630 quidem
1081 3553 1209 3629 speciem
1225 3570 1292 3611 esse

289 3635 494 3716 probationis;
510 3636 693 3712 partitionem
708 3644 814 3710 autem,
830 3653 904 3714 quae
919 3636 956 3693 sit
971 3637 1087 3713 species
1104 3636 1291 3712 quaestionis,

246 3744 248 3749 ·
289 3729 412 3800 partem
426 3721 515 3777 totius
531 3718 668 3778 orationis
684 3715 803 3778 vocari'l
824 3719 964 3796 Egressio
979 3737 1050 3779 vero
1065 3718 1126 3794 vel,
1142 3719 1223 3800 quod
1234 3718 1324 3778 usi-4

332 3821 367 3863 ss.
389 3823 416 3860 r.
440 3821 554 3871 oomnn.
1099 3803 1142 3866 'lb
