3184 4409
557 462 1008 533 msu.onuuon.nrn.1u,s.
1221 455 1277 515 141

246 626 248 677 ἑ
294 619 421 682 Bonum
439 637 482 681 aa
503 615 684 695 Fidenates,
704 621 818 683 Graeci
833 639 874 680 an
895 620 1039 696 barbari,
1062 621 1133 679 etin
1148 620 1278 697 singulis,

246 684 248 783 l
295 702 404 765 Catoni
414 703 563 781 petendos
580 704 709 764 bonores
725 706 911 765 suadeamus
927 722 968 762 aa
984 701 1017 763 C.
1035 702 1151 780 diario,
1174 706 1212 765 de
1228 724 1278 765 ra·

294 789 369 848 done
387 787 459 849 belii
476 785 580 864 Scipio
595 789 684 864 prior
704 806 746 848 aa
766 785 881 849 Fabios
902 788 1055 848 deliberet.
1098 787 1219 847 Proinde
1238 790 1278 846 in·
1287 791 1321 845 38

294 870 396 930 tuenda
413 887 516 945 sexus,
538 870 676 946 dignitas,
698 880 788 930 aetas.
826 870 883 930 Sed
898 886 993 929 mores
1009 872 1166 949 praecipue
1180 871 1279 931 discri-

293 953 487 1014 mandabunt.
516 951 554 1012 Et
570 952 691 1012 honesta
707 954 820 1031 quidem
834 953 963 1013 honestis
978 954 1100 1013 suadere
1116 955 1280 1014 facillimum

294 1047 348 1106 est3
374 1038 490 1096 sivero
512 1036 588 1120 apud
609 1045 708 1114 turpes
728 1046 808 1096 recta
832 1038 961 1096 obtinere
984 1036 1162 1112 conabimur,
1186 1057 1222 1097 ne
1237 1040 1278 1096 vi·
1317 1084 1318 1087 ,

294 1121 410 1182 deamur
426 1120 606 1198 exprobrare
631 1120 773 1180 diversam
794 1122 871 1180 vitae
887 1131 1011 1195 sectam,
1035 1122 1201 1180 cavendum.
1242 1121 1320 1180 Et39

293 1206 400 1265 animus
430 1203 615 1264 deliberantis
645 1221 703 1262 non
732 1206 794 1283 ipsa
824 1204 936 1263 honesti
965 1213 1082 1279 natura,
1117 1223 1200 1281 quam
1228 1205 1278 1279 ille

292 1305 347 1347 non
365 1289 504 1366 respicit,
527 1288 754 1365 permovendas,
772 1287 833 1348 ¹sed
851 1287 951 1362 laude,
974 1288 1054 1364 vulgi
1075 1289 1224 1366 opinione,
1250 1297 1279 1347 et

262 1370 267 1377 '
292 1373 315 1430 si
334 1389 437 1450 pamm
461 1371 594 1450 proliciet
617 1370 690 1430 haec
710 1372 839 1447 vanitas,
867 1380 1000 1431 secutura
1022 1389 1059 1430 ex
1079 1371 1123 1429 bis
1144 1372 1277 1446 utilitate,

292 1456 438 1534 aliquanto
460 1472 532 1514 vero
555 1456 646 1531 magis
671 1454 833 1514 obiiciendo
860 1454 987 1532 aliquos,
1016 1456 1039 1512 si
1065 1455 1178 1515 diversa
1199 1456 1277 1515 iece-

292 1540 360 1615 rint,
384 1547 488 1597 metus.
523 1537 653 1615 Namque
668 1547 784 1616 praeter
804 1539 849 1613 id,
872 1537 947 1616 quod
965 1539 1008 1598 his
1029 1539 1166 1598 levissimi
1185 1540 1321 1598 cuius-40

293 1640 346 1700 que
369 1623 479 1682 animus
505 1621 640 1681 facillime
662 1631 803 1696 terretur,
831 1623 930 1681 nescio
952 1624 1092 1681 auectam
1113 1621 1279 1683 naturaliter

293 1705 365 1784 apud
386 1705 525 1783 plurimos
543 1704 608 1784 plus
623 1704 720 1765 valeat
734 1706 873 1765 malorum
889 1707 973 1765 timor
995 1724 1078 1783 quam
1100 1724 1168 1784 spes
1189 1706 1278 1766 bono-

268 1792 367 1865 irum,
390 1790 466 1848 sicut
482 1788 596 1848 facilior
617 1790 724 1849 eisdem
741 1791 864 1867 turpium
885 1808 969 1867 quam
990 1790 1175 1849 honestorum
1195 1789 1318 1849 intel-41

294 1871 385 1933 lectus
407 1881 462 1931 est.
505 1871 667 1950 Aliquando
691 1872 773 1932 bonis
796 1890 911 1951 quoque
933 1874 1088 1934 suadentur
1107 1891 1205 1952 parum
1229 1874 1278 1933 de·

294 1973 376 2032 cora,
406 1955 508 2015 dautur
529 1974 629 2035 parum
651 1956 734 2016 bonis
755 1957 891 2032 consilia,
914 1958 942 2014 in
965 1958 1066 2033 quibus
1086 1959 1213 2036 ipsorum
1231 1959 1278 2033 qui

294 2039 446 2117 consulunt
474 2049 621 2118 spectatur
651 2041 768 2100 utilitas.
814 2038 876 2099 Nec
899 2058 944 2098 me
968 2040 1057 2115 fallit,
1088 2058 1161 2118 quae
1185 2042 1278 2099 statim

292 2124 432 2200 cogitatio
455 2123 551 2183 subire
573 2125 666 2202 possit
686 2122 846 2199 legentem:
876 2122 939 2181 Hoc
960 2140 1031 2199 ergo
1054 2120 1218 2201 praecipis?
1249 2132 1277 2181 et
1309 2154 1313 2164 ι

293 2205 347 2267 boc
369 2206 415 2266 fas
438 2204 543 2284 putas?
571 2207 687 2266 Poterat
707 2225 752 2266 me
774 2206 898 2266 liberare
915 2204 1035 2281 Cicero,
1058 2208 1105 2283 qui
1121 2209 1159 2266 ita
1179 2205 1320 2270 scribit42

292 2290 326 2350 ed
338 2289 474 2366 Brutum,
491 2292 665 2368 praepositis
681 2290 827 2369 plurimis,
850 2308 923 2367 quae
938 2289 1060 2349 honeste
1075 2290 1189 2350 suaderi
1206 2287 1277 2348 Gae-

293 2375 348 2434 sari
377 2375 506 2452 possint:
538 2373 642 2436 Simne
663 2375 758 2436 bonas
776 2375 841 2451 air,
868 2376 896 2434 si
916 2375 993 2435 baec
1012 2375 1183 2435 suadeam?
1220 2371 1278 2432 lili-

292 2459 380 2518 nime.
420 2455 663 2519 Sacramenta
683 2459 753 2536 pinis
774 2466 818 2518 est
842 2459 955 2518 utititas
977 2459 1059 2533 cias,
1082 2459 1133 2519 cai
1153 2459 1279 2535 quisque

292 2543 411 2603 suadet.
443 2537 484 2601 At
503 2550 590 2603 recta
610 2549 688 2606 sant.
722 2539 797 2614 Quis
814 2544 926 2619 nepot?
946 2543 1003 2602 scd
1016 2561 1075 2601 non
1094 2550 1139 2602 est
1159 2559 1280 2619 semper

292 2627 385 2687 rectis
400 2624 435 2686 in
451 2627 611 2686 suadendo
632 2625 726 2689 locas.
763 2625 822 2685 Sed
837 2626 902 2702 quia
914 2633 962 2684 est
977 2625 1062 2683 altior
1077 2626 1208 2702 quaestio
1224 2642 1279 2682 nec

293 2716 400 2769 tautum
415 2706 452 2767 ad
469 2709 614 2768 suasorias
630 2711 771 2786 pertinet,
793 2709 954 2768 destinatus
973 2719 1018 2768 est
1039 2708 1106 2767 mihi
1128 2709 1174 2768 lric
1195 2708 1278 2768 locus

294 2791 483 2867 duodecimo,
506 2794 554 2870 qui
578 2811 701 2851 summus
717 2793 827 2852 iuturus
843 2801 903 2868 est,
927 2791 1011 2851 libro.
1047 2791 1110 2851 Nec
1126 2809 1182 2869 ego
1201 2791 1321 2869 quid-43

295 2893 376 2954 quam
393 2875 456 2934 lieri
471 2877 592 2954 turpiter
605 2876 702 2935 velim.
740 2876 847 2935 Verum
862 2877 972 2934 interim
986 2876 1059 2935 baec
1073 2876 1120 2934 vel
1141 2876 1176 2935 ad
1193 2875 1278 2934 scho-

294 2958 382 3020 larum
401 2959 623 3019 exercitationes
640 2961 786 3038 pertinere
808 2961 976 3035 credantur,
997 2978 1062 3019 nam
1077 2969 1106 3018 et
1120 2961 1279 3037 iniquorum

293 3044 362 3104 ratio
393 3042 540 3102 noscenda
562 3052 622 3121 est,
653 3052 683 3103 ut
700 3043 805 3103 melius
825 3060 916 3120 aequa
940 3052 1078 3102 tueamur.
1120 3041 1234 3101 Interim
1256 3041 1322 3100 sill

295 3129 353 3205 quis
376 3125 456 3186 bono
478 3125 627 3187 inhonesta
650 3127 795 3186 suadebit:
819 3127 978 3187 meminerit
997 3144 1054 3186 non
1075 3126 1198 3185 suadere
1219 3134 1279 3186 lan·

294 3229 376 3288 quam
394 3199 569 3286 inhonesta,
580 3220 611 3271 ut
628 3211 740 3288 qnidam
755 3210 965 3291 declamatores
981 3212 1098 3271 Sextum
1115 3209 1281 3286 Pompeium

293 3295 326 3356 ad
348 3295 518 3374 piraticam,
539 3303 660 3373 propter
681 3292 737 3354 hoc
759 3296 865 3372 ipsum,
887 3295 963 3373 quod
983 3296 1074 3371 turpis
1099 3301 1128 3351 et
1154 3291 1281 3359 crudelis

293 3379 342 3454 sit,
357 3376 526 3456 impellunt;
543 3378 594 3437 sed
612 3378 720 3439 dandus
734 3379 791 3437 illis
807 3378 981 3438 deformibus
998 3377 1080 3436 color
1096 3377 1181 3454 idque
1196 3378 1282 3436 etiam

293 3461 367 3540 apud
383 3456 487 3520 malos.
516 3460 619 3539 Neque
635 3463 708 3521 enim
725 3463 873 3541 quisquam
891 3471 936 3520 est
952 3471 1008 3521 tam
1024 3460 1127 3535 malus,
1145 3469 1175 3520 ut
1189 3460 1281 3519 videri

292 3545 373 3606 velit.
408 3545 459 3604 Sic
471 3542 597 3605 'Catilina
619 3546 694 3624 apud
708 3546 874 3606 Sallustium
898 3541 1039 3622 loquitur,
1062 3553 1092 3603 ut
1111 3563 1171 3603 rem
1187 3542 1323 3603 coele-45

292 3627 465 3688 ratissimam
479 3645 536 3687 non
550 3629 655 3690 malitia
671 3629 724 3689 sed
739 3629 932 3706 indignatione
945 3628 1076 3687 videatur
1091 3629 1207 3687 audere.
1231 3625 1281 3685 Sic

293 3711 401 3774 Auens
422 3711 498 3792 apud
516 3712 647 3773 Varium:
670 3745 713 3760 -·
739 3712 808 3775 lam
824 3714 893 3791 sero
914 3713 1034 3792 (inquit)
1054 3711 1283 3792 infandissima,
