3184 4409
348 453 389 514 40
665 462 1026 523 murmurmurmur

348 638 441 698 usque
470 620 505 684 ad
527 619 646 680 Accium
668 628 697 678 et
724 618 799 678 ultra
823 616 1130 697 porrectassvllahas-
1139 619 1284 695 geminis,
1311 629 1343 680 ut

306 705 422 778 15dixi,
451 704 601 763 vocalibus
628 706 817 781 scripserunt.
856 701 968 762 Diutius
991 701 1117 777 duravit,
1146 711 1177 762 ut
1198 702 1223 762 E
1244 703 1258 763 1
1278 705 1339 764 iuu-

347 788 449 865 gendis
471 787 571 847 eadem
592 790 703 847 ratione
725 804 781 865 qua
804 784 906 846 Graeci
929 806 954 846 ει
973 795 1136 853 uterentur;
1167 804 1202 846 ea
1223 787 1340 848 casibus

346 873 530 949 numerisque
548 872 673 930 discreta
692 879 753 946 est,
774 879 805 928 ut
821 869 945 929 Lucilius
962 871 1118 948 praecipit:
1146 868 1214 932 lum
1229 872 1342 950 puerei

346 974 468 1032 necere,
484 952 512 1014 Ε
527 964 709 1035 postremum
724 955 820 1033 facito
832 962 924 1031 utque
934 952 961 1030 l,
977 952 1014 1014 Ut
1024 955 1115 1032 pueri
1125 955 1233 1032 plures
1243 955 1340 1034 fiam

347 1058 382 1099 ac
403 1040 540 1118 deinceps
560 1040 650 1100 idem:
678 1037 822 1099 Menducc'
839 1039 964 1117 furique
984 1039 1083 1099 addes
1101 1035 1145 1113 E,
1169 1058 1238 1100 cum
1260 1040 1340 1101 dare

306 1127 339 1181 16
344 1126 427 1202 sorel
445 1122 587 1185 lasseris.
627 1123 711 1196 Quod
732 1122 845 1200 quidem
866 1140 929 1181 cum
949 1140 1158 1199 supervacuum
1183 1131 1244 1198 est,
1273 1125 1339 1201 quia

346 1208 359 1267 Ι
377 1217 433 1266 tam
446 1208 555 1286 longae
573 1225 658 1285 quam
673 1207 770 1266 brevis
787 1214 914 1264 naturam
931 1205 1033 1278 habet,
1054 1215 1111 1265 tum
1129 1207 1339 1266 incommodum

346 1291 509 1368 aliquando.
544 1291 616 1351 Nam
636 1293 665 1349 in
685 1293 736 1366 iis,
764 1308 838 1367 quae
860 1292 1016 1367 proximam
1037 1289 1073 1349 ab
1095 1290 1191 1349 ultima
1213 1290 1339 1351 litteram

346 1372 375 1434 Ε
394 1373 538 1434 habebunt
565 1373 633 1436 etl
653 1375 739 1451 longa
764 1373 1003 1449 terminabuntur,
1030 1374 1108 1433 illam
1128 1376 1270 1434 rationem
1291 1393 1337 1435 se·

347 1469 468 1536 quentes
489 1469 601 1518 utemur
618 1455 646 1517 Ε
662 1460 788 1536 gemina,
812 1458 906 1536 qualia
927 1466 992 1517 sunt
1012 1457 1086 1518 haec
1102 1461 1205 1535 aurei,
1226 1478 1338 1538 cryeo-

305 1545 385 1603 lltec'
409 1542 502 1603 ethis
525 1542 636 1601 similia.
678 1542 768 1620 quue
791 1544 825 1601 iis
851 1543 1026 1621 praecipue,
1052 1544 1100 1620 qui
1125 1543 1338 1603 adlectionem

346 1628 545 1702 instituentur,
568 1628 652 1685 etiam
669 1626 871 1704 impedimento
891 1629 959 1694 erit;
982 1628 1056 1686 sicut
1073 1628 1101 1684 in
1119 1627 1239 1687 Graecis
1260 1627 1336 1688 acci·

347 1710 387 1769 dit
404 1710 566 1770 adiectione
586 1733 596 1769 ι
613 1710 743 1785 litterae,
766 1729 849 1787 quam
865 1727 922 1769 non
943 1710 1035 1770 solum
1057 1710 1158 1770 dativis
1178 1710 1337 1771 casibusiu

346 1803 428 1871 parte
450 1794 547 1853 ultima
566 1794 711 1854 ascribunt
730 1796 782 1854 sed
800 1795 965 1871 quibusdam
983 1796 1067 1854 etiam
1085 1797 1286 1873 interponunt,
1307 1802 1337 1853 ut

346 1879 375 1936 in
394 1881 592 1954 ΛΗΙΣΤΗΙ,
621 1880 685 1956 quia
707 1879 883 1955 etymologia
905 1897 943 1938 ex
964 1880 1104 1939 divisione
1126 1880 1153 1937 in
1175 1881 1227 1938 tris
1248 1878 1335 1953 sylla·

275 2007 278 2026 ι
305 1961 398 2021 lShas
420 1963 496 2021 iacta
516 1961 662 2021 desideret
685 1980 747 2022 eam
768 1963 901 2023 litteram.
939 1959 984 2024 Ac
1005 1962 1163 2037 syllabam,
1187 1965 1269 2022 cuius
1290 1980 1335 2022 se·

347 2046 465 2106 condam
486 2064 560 2105 nunc
577 2046 611 2106 Ε
627 2047 750 2106 litteram
771 2049 920 2125 ponimus,
943 2049 1022 2106 varie
1042 2043 1135 2125 perpA
1153 2045 1216 2105 etl
1232 2047 1335 2106 elfere·

345 2129 426 2198 bant;
450 2130 561 2208 quidam
577 2148 693 2208 semper
710 2140 740 2190 ut
758 2130 875 2206 Graeci,
893 2131 1005 2209 quidam
1022 2131 1205 2208 singulariter
1218 2139 1334 2205 tantum,

346 2233 409 2274 oum
430 2216 458 2274 in
480 2208 602 2275 dat'ivum
623 2215 671 2274 vel
693 2217 849 2291 genitivum
871 2234 967 2274 casum
986 2214 1169 2289 incidissent,
1191 2215 1267 2274 unde
1285 2216 1334 2294 pi·

346 2300 408 2359 ctai
428 2301 519 2360 vestis
541 2308 569 2358 et
591 2301 687 2376 aquai
701 2299 849 2375 Vergilius
870 2300 1076 2358 amantissimus
1100 2301 1252 2358 vetustatis
1274 2316 1334 2358 car·

304 2391 336 2444 19
344 2383 464 2442 minibus
486 2385 614 2442 inseruit.
653 2382 684 2440 In
701 2383 802 2442 iisdem
819 2383 922 2460 plurali
939 2400 1056 2442 numero
1074 2383 1098 2443 E
1117 2381 1284 2458 utebantur,
1306 2381 1336 2442 1ιί

345 2464 465 2544 Syllae,
486 2467 611 2526 Galbae.
655 2465 708 2524 Est
729 2467 757 2524 iu
778 2466 832 2525 hac
854 2483 969 2544 quoque
990 2476 1071 2544 parte
1092 2467 1192 2526 Lucilii
1214 2483 1334 2544 praece·

346 2557 442 2628 ptum,
466 2548 542 2625 quod
565 2550 629 2625 quia
650 2549 778 2626 pluribus
802 2550 963 2627 explicatur
982 2551 1131 2625 versibus,
1154 2553 1178 2608 si
1200 2553 1263 2627 quis
1285 2567 1334 2628 pa·

303 2641 405 2693 lorum
425 2632 637 2709 credet,.apud
655 2635 747 2710 ipsum
764 2634 792 2691 iu
811 2651 887 2692 nono
905 2636 1041 2711 requirat.
1075 2631 1170 2708 Quid?
1193 2634 1269 2711 quod
1289 2631 1335 2693 Gi·

347 2719 461 2775 ceronis
478 2715 654 2793 temporibus
673 2717 845 2795 paulumque
862 2717 950 2793 inira,
974 2718 1036 2778 iere
1053 2720 1185 2795 quotiens
1201 2719 1220 2777 S
1240 2717 1336 2777 littera

345 2801 437 2859 media
454 2799 598 2860 vocalium
619 2800 768 2877 longarum
788 2802 837 2861 vel
857 2801 987 2862 subiecta
1010 2802 1104 2879 longis
1127 2810 1222 2877 esset,
1244 2803 1335 2878 gemi-

344 2883 480 2958 nabatur,
493 2892 524 2942 ut
536 2902 677 2960 caussae,
692 2904 811 2960 coesus,
826 2887 1026 2947 dioisciooes?
1044 2885 1188 2964 quomodo
1202 2895 1231 2945 et
1242 2889 1336 2963 ipsum

302 2979 334 3031 al
345 2976 373 3026 et
387 2967 545 3044 Vergilium
563 2985 678 3046 quoque
699 2971 854 3046 scripsisse
870 2989 968 3029 manus
986 2988 1085 3030 eorum
1103 2971 1217 3030 docent.
1247 2969 1336 3048 Atqui

344 3050 458 3129 paulum
475 3053 641 3129 superiores
661 3054 744 3112 etiam
760 3052 847 3128 illud,
870 3055 947 3131 quod
966 3073 1019 3113 nos
1036 3056 1184 3131 geminas
1203 3054 1335 3128 dicimus,

343 3136 435 3210 iussi,
458 3153 512 3195 uua
535 3136 675 3195 dixerunt.
708 3137 801 3196 Etiam
822 3140 952 3216 optimus
970 3141 1138 3215 mamimus,
1160 3147 1191 3196 ut
1212 3138 1336 3198 mediam

343 3217 356 3276 l
373 3219 510 3293 litteram,
534 3238 607 3297 quae
622 3221 769 3280 veteribus
788 3219 814 3280 U
830 3221 940 3297 luerat,
963 3224 1144 3300 acciperent,
1168 3219 1201 3281 G.
1215 3223 1338 3300 primum

302 3311 336 3364 22
346 3300 480 3362 Caesaris
499 3305 685 3382 inscriptione
706 3304 825 3364 traditur
846 3305 960 3365 iactum.
992 3305 1074 3368 Here
1094 3324 1169 3364 nuuc
1190 3305 1214 3364 Ε
1238 3306 1336 3365 littera

344 3388 540 3461 terminamus,
558 3396 586 3446 at
598 3398 727 3447 veterum
742 3390 915 3448 comicorum
931 3389 1022 3449 adhuc
1037 3390 1116 3450 libris
1131 3391 1245 3449 invenio
1259 3388 1337 3449 Heri

343 3471 387 3530 ud
397 3489 443 3529 me
455 3472 553 3539 cenit;
572 3473 648 3548 quod
661 3472 735 3531 idem
747 3474 776 3530 in
789 3473 921 3550 epistolis
935 3474 1075 3550 Augusti,
1096 3492 1165 3552 quas
1181 3492 1232 3532 sua
1251 3491 1336 3532 manu

301 3554 458 3632 asscripsit
476 3564 523 3612 aut
537 3556 712 3630 emendavit,
732 3554 963 3633 deprehenditur.
988 3554 1084 3630 Quid?
1102 3576 1159 3616 non
1172 3555 1244 3616 Cato
1260 3555 1335 3616 Gen·

342 3640 436 3696 sorius
459 3639 561 3698 dicum
578 3639 738 3716 etfaciam
756 3641 854 3700 dicem
869 3649 898 3699 et
913 3641 1026 3719 faciem
1043 3643 1176 3720 scripsit,
1199 3641 1334 3700 eundem·

343 3738 399 3800 que
420 3724 448 3782 in
470 3723 592 3801 ceteris,
613 3740 687 3802 quae
705 3723 835 3785 similiter
854 3722 973 3802 cadunt,
995 3727 1108 3785 modum
1128 3728 1236 3802 tenuit,
1257 3722 1335 3804 quod
