3184 4409
592 463 681 532 ms'n.
694 483 1019 553 aaaron.mm.1t⁷,2
1237 471 1295 536 181

246 682 254 731 Ι
308 641 422 737 gutum
436 637 605 698 intentione
624 637 801 699 stomachum
825 640 925 700 iudicis
953 641 1075 701 relicere
1091 643 1296 718 dissuaserim,

246 777 250 797 ,
307 723 432 783 maxime
446 723 561 800 quidem
578 722 659 782 brevi
674 724 884 800 interiectione,
898 725 991 802 qualis
1007 735 1052 785 est
1066 725 1133 786 illa
1148 726 1299 788 Fecerunt

246 805 249 877 J
306 826 389 870 saror
384 804 544 883 Milonis,
566 808 647 883 quod
660 825 732 868 suos
748 809 893 885 quisque
886 827 991 869 seruos
1010 811 1042 870 in
1059 811 1114 871 tali
1133 829 1168 871 re
1188 812 1296 890 lacere

246 894 247 898 ’
305 891 469 960 uoluisset·
489 891 601 950 interim
613 889 700 968 paulo
715 890 868 966 liberiore,
885 891 977 968 qualis
992 901 1036 951 est
1050 892 1114 952 illa:
1134 892 1226 956 Nubit
1242 915 1296 974 qe-

305 993 382 1037 nero
400 974 527 1050 socrus,
542 976 637 1035 nullis
652 976 839 1053 auspicibus,
860 978 952 1037 nullis
966 978 1150 1051 auctoribus,
1171 981 1298 1056 funestis

305 1058 457 1122 ominibus
473 1059 630 1123 omnium·
651 1057 734 1131 Quod
756 1077 820 1118 cum
841 1061 877 1118 sit
898 1060 1003 1118 lactum
1022 1060 1066 1120 his
1089 1079 1204 1140 quoque
1227 1071 1355 1126 tem-122

304 1141 445 1222 poribus,
468 1141 570 1221 quibus
592 1143 682 1201 omnis
703 1141 739 1201 ad
758 1143 908 1202 utilitatem
925 1145 1021 1221 potius
1045 1162 1127 1221 qnam
1150 1146 1185 1205 ad
1201 1155 1296 1204 osten-

303 1227 446 1297 tationem
461 1225 687 1303 componebatur
702 1226 815 1302 oratio,
838 1235 867 1286 et
883 1235 963 1286 erant
979 1227 1071 1287 adbuc
1091 1230 1239 1288 severiora
1256 1231 1297 1288 iu·

304 1310 402 1370 dicia:
423 1318 528 1386 quanto
540 1309 790 1369 nuno‘laciendnm
808 1312 916 1387 magis,
933 1329 996 1370 oum
1011 1313 1040 1369 in
1056 1313 1118 1390 ipsa
1133 1315 1234 1390 capitis
1250 1321 1298 1372 aut

302 1394 482 1454 fortunarum
494 1393 624 1471 pericula
639 1391 739 1472 irrupit
754 1391 916 1472 voluptas?
939 1396 983 1454 cui
998 1393 1138 1454 hominum
1153 1397 1297 1460 desiderio

303 1484 442 1555 quantum
462 1477 523 1536 dari
545 1476 665 1552 debeat,
691 1477 748 1536 alio
769 1477 838 1537 loco
859 1479 959 1538 dicam.
997 1478 1111 1538 Interim
1133 1480 1239 1558 aliquid
1254 1481 1295 1538 in·

302 1560 480 1636 dulgendum
504 1578 570 1619 esse
602 1560 752 1620 coniiteor.
799 1561 917 1621 Multum
943 1560 1054 1622 confert
1080 1563 1191 1624 adiecta
1217 1565 1294 1623 veris
1303 1570 1353 1627 123

303 1642 453 1706 credibilis
468 1661 562 1702 rerum
579 1646 691 1720 imago,
716 1662 789 1722 quae
810 1646 890 1705 velut
913 1647 941 1703 in
960 1664 1020 1705 rem
1036 1656 1215 1724 praesentem
1230 1666 1296 1726 per·

303 1729 416 1789 ducere
434 1727 580 1789 audientes
596 1728 723 1804 videtur,
746 1729 838 1806 qualis
856 1737 901 1788 est
922 1729 971 1790 illa
991 1729 1028 1788 Μ.
1047 1729 1138 1791 Caelii
1158 1732 1186 1790 in
1207 1731 1296 1791 Anto·

303 1814 382 1872 nium
398 1813 570 1891 descriptio:
586 1812 725 1891 Namque
737 1815 836 1891 ipsum
850 1813 1002 1896 offendunt
1018 1817 1175 1876 temulento
1188 1834 1297 1894 sopore

300 1893 507 1976 profliqatum,
530 1899 598 1959 totis
614 1898 810 1975 praecordiis
823 1904 1004 1973 stertentem,
1025 1907 1183 1961 ructuosos
1203 1901 1296 1978 spiri-

303 1990 356 2043 tus
378 1982 551 2059 qeminarc,
572 1982 820 2060 praeclarasque
846 1981 1074 2042 contubernales
1095 1982 1135 2043 ab
1161 1984 1296 2044 omnibus

303 2065 433 2144 mandis
470 2074 666 2127 transuersas
685 2066 835 2126 incubare
859 2073 888 2125 ct
909 2065 1045 2142 reliquas
1073 2067 1295 2127 circumiacere

303 2150 431 2227 passim.
458 2145 545 2220 Quae
558 2157 658 2211 tamen
672 2151 866 2211 coanimatae
878 2156 1007 2224 terrore,
1024 2148 1151 2209 bostium
1165 2151 1295 2210 aduentu
1301 2161 1353 2213 124

301 2239 459 2312 percepto,
482 2234 620 2295 excitare
633 2229 793 2294 Antonium
808 2231 1007 2308 conabantur,
1025 2250 1131 2294 nomen
1149 2232 1294 2294 inclama·

305 2318 390 2392 bant,
410 2317 540 2397 frustra
545 2335 566 2377 a
580 2318 749 2378 cornubus
764 2316 923 2391 tollebant,
945 2317 1087 2377 blandius
1100 2319 1164 2378 alia
1177 2317 1221 2377 ad
1240 2335 1294 2377 au·

304 2420 369 2462 rem
383 2394 557 2499 invocabat,
579 2401 781 2462 venementius
795 2402 891 2460 etiam
896 2397 1040 2484 nonnulla
1047 2400 1206 2478 semeiam
1221 2416 1294 2478 qua·

305 2504 375 2546 rum
389 2503 458 2545 cum
471 2486 601 2545 omnium
619 2502 723 2547 uocem
744 2493 916 2563 tactumque
935 2486 1114 2567 nosciturct,
1133 2487 1296 2562 proximae

306 2571 453 2646 cuiusque
472 2569 579 2631 collum
593 2569 735 2647 ampleau
749 2569 889 2651 petebat,
908 2585 1006 2646 neque
1024 2570 1157 2630 dormire
1177 2570 1294 2631 cacita-

246 2661 249 2731 ᾗ
306 2661 352 2714 tus
373 2669 471 2730 neque
490 2653 620 2730 oiqilara
640 2653 744 2714 ebrius
762 2661 898 2731 poterat,
912 2654 977 2714 sed
992 2654 1169 2714 semisomno
1187 2671 1295 2730 sopore

246 2789 250 2803 ι
304 2739 385 2797 inter·
398 2754 507 2797 manus
518 2738 722 2798 centurionum
734 2737 1028 2814 concubinarumque
1040 2738 1224 2799 iactabatur.
1245 2735 1293 2795 Ni·

246 2817 251 2917 ἑ
301 2820 344 2902 ΙΙιίΙ
361 2820 405 2880 bis
421 2838 515 2898 neque
531 2820 696 2880 credibilius
712 2819 779 2898 fingi
794 2839 888 2898 neque
909 2818 1105 2882 vehementius
1125 2819 1294 2899 exprobrari

246 2976 251 2984 Ι
305 2922 402 2982 neque
417 2905 593 2964 manifestius
610 2905 722 2964 ostendi
737 2912 844 2983 potest.

246 3060 251 3068 Ι
350 3013 368 3028 ·>
389 2987 491 3066 Neque
512 2988 581 3048 illud
604 2987 718 3066 quidem
738 2987 920 3066 praeteribo,
942 2996 1074 3066 quantam
1095 2989 1196 3049 aderat
1211 2985 1350 3046 fidemlut

246 3114 251 3149 ἱ
305 3073 482 3149 expositioni
496 3074 635 3132 narrantis
650 3075 822 3141 auctoritas;
846 3089 928 3148 quam
948 3075 1052 3132 mereri
1070 3073 1206 3132 debemus
1227 3079 1293 3129 ante
1346 3103 1348 3107 ·

246 3158 253 3252 i
306 3157 400 3214 omnia
420 3157 533 3234 quidem
552 3159 610 3216 rita
630 3155 683 3215 sed
703 3164 732 3215 et
750 3158 816 3234 ipso
835 3173 944 3232 genere
965 3157 1118 3231 orationis,
1144 3153 1220 3233 qnod
1235 3171 1291 3231 quo

305 3240 391 3298 luerit
415 3243 530 3323 gravius
554 3258 588 3300 ac
609 3240 751 3314 sanctius,
773 3239 830 3299 hoc
850 3239 914 3317 plus
936 3239 1040 3299 habeat
1059 3257 1181 3298 necesse
1204 3239 1292 3297 est-iu

246 3315 473 3383 affirmando
489 3319 625 3402 ponderis
642 3340 766 3401 quoque
793 3322 964 3422 Effugienda
986 3324 1072 3399 igitur
1092 3325 1119 3380 in
1140 3322 1194 3382 bac
1208 3339 1291 3399 prae·
1281 3330 1350 3383 -126

246 3409 391 3500 cipue
407 3417 489 3485 parte
501 3410 590 3467 omnis
603 3407 765 3467 calliditatis
777 3408 916 3484 suspicio,
930 3424 1024 3484 neque
1040 3408 1112 3465 enim
1127 3423 1160 3464 se
1174 3423 1293 3482 usquam

246 3464 432 3585 sscustodit
446 3493 537 3568 magis
551 3479 659 3576 iudex3
681 3490 750 3550 nihil
763 3490 894 3550 videatur
908 3489 1018 3565 lictum,
1041 3488 1109 3548 nibil
1123 3489 1291 3557 sollicitum

308 3575 401 3634 omnia
420 3576 516 3653 potius
535 3593 552 3635 a
573 3592 659 3660 causa
677 3592 764 3652 qnam
783 3573 820 3634 ab
840 3582 956 3633 oratore
975 3573 1107 3652 prolecta
1131 3573 1290 3633 credantur

308 3657 345 3717 dt
358 3657 416 3718 boc
430 3658 488 3736 pati
502 3674 558 3716 uon
572 3675 740 3742 possumus,
756 3666 785 3717 et
799 3659 895 3757 perire
911 3666 999 3716 artem
1014 3666 1159 3735 putamus,
1174 3658 1228 3716 nisi
1242 3673 1291 3734 ap·
1280 3662 1349 3718 -lt'l

246 3751 401 3840 ·,paret
424 3759 489 3801 cum
504 3741 620 3804 desinat
629 3758 675 3802 ars
692 3757 777 3819 esse,
784 3742 810 3800 si
823 3749 953 3822 apparet.
983 3740 1142 3802 Pendemus
1158 3739 1297 3801 extende

246 3631 260 3669 1

246 3706 264 3753 i
