3184 4409
591 485 1003 555 rusmonunomnrmqt.
1254 478 1294 540 39

298 651 402 704 verunt
422 642 472 703 illa
496 637 613 722 quoque
635 643 776 704 servanda
797 644 975 719 discrimina,
997 653 1028 704 ut
1044 663 1085 706 ee
1101 647 1293 724 praepositio·

298 747 379 803 nem,
403 729 429 788 si
450 728 570 788 verbum
591 738 764 807 sequeretur
788 736 909 807 specto,
930 728 1042 789 adiecta
1067 732 1212 791 secundae
1235 731 1293 806 syl·

299 812 383 873 labae
396 831 414 873 a
428 812 540 888 littera,
566 814 590 871 si
609 822 714 891 pecto,
735 821 854 871 remota
868 812 1071 871 scriberemus.
1105 814 1158 874 llla
1178 820 1317 894 quoque5

300 905 414 956 servata
437 904 516 956 esta
537 896 633 956 multis
650 896 828 970 differentia,
849 905 879 955 ut
900 896 959 972 od,
983 914 1045 956 cum
1068 907 1147 958 esset
1168 914 1292 977 praepo·

301 982 382 1056 sitio,
406 980 583 1056 dilueram,
607 999 670 1040 cum
686 990 779 1040 autem
796 981 976 1056 coniunctio,
999 983 1189 1059 tacciperet;
1212 986 1292 1042 item·

303 1081 355 1142 que
370 1083 456 1140 mm,
477 1067 502 1124 si
518 1074 630 1143 tempus
645 1065 835 1140 significaret,
858 1082 912 1142 per
928 1062 968 1139 Q,
991 1065 1015 1122 si
1031 1068 1179 1142 comitem,
1203 1065 1291 1145 perG

303 1161 335 1208 ac
349 1149 420 1208 duas
438 1158 595 1228 sequentes
611 1148 797 1208 scriberetur.
831 1146 991 1225 Frigidiora
1008 1147 1138 1224 bisalta,
1157 1160 1187 1210 ut
1203 1154 1317 1230 quid-6

304 1233 374 1310 quid
393 1251 412 1293 c
430 1243 559 1310 quartam
578 1231 717 1308 haberet,
739 1251 776 1291 ne
795 1233 977 1308 interrogare
999 1232 1043 1291 bis
1064 1234 1240 1303 videremur;
1263 1245 1292 1295 et

305 1317 432 1394 quotidie
452 1334 509 1376 non
526 1319 654 1393 cotidie,
675 1325 706 1375 ut
727 1319 764 1376 sit
781 1326 852 1395 quot
873 1316 990 1377 diebus.
1023 1316 1129 1376 Verum
1149 1318 1222 1377 haec
1237 1321 1291 1378 iam

306 1401 382 1458 etiam
396 1401 473 1461 inter
485 1403 564 1479 ipsas
582 1402 705 1479 ineptias
721 1410 906 1460 evanuerunt.
941 1398 1048 1473 Quaeri
1064 1401 1157 1478 solet,
1176 1405 1204 1461 in
1220 1405 1315 1462 scri-'t

305 1481 392 1544 hendo
407 1487 641 1563 praepositiones
657 1501 768 1560 sonum,
782 1503 866 1563 quem
879 1487 992 1543 iunctae
1008 1485 1144 1561 efficiunt,
1158 1504 1193 1545 an
1207 1505 1291 1564 quem

306 1576 466 1646 separatae,
490 1569 648 1629 observare
669 1571 836 1628 conveniat:
859 1577 906 1644 ut,
925 1586 988 1627 cum
1003 1569 1068 1629 dico
1084 1571 1225 1647 obtinuit,
1244 1591 1289 1630 se·

307 1653 417 1714 cundum
435 1655 539 1715 enimb
557 1653 680 1712 litteram
698 1655 771 1713 ratio
788 1655 901 1730 poscit,
921 1670 1005 1712 aures
1017 1654 1108 1731 magis
1125 1655 1239 1715 audiunt
1248 1675 1290 1735 pe

307 1744 331 1794 et
342 1737 501 1816 immanis,
519 1737 589 1798 illud
609 1739 698 1812 enim,
720 1738 797 1815 quod
814 1739 922 1796 veritas
937 1737 1042 1814 exigit,
1066 1741 1214 1816 sequentis
1232 1740 1315 1815 syl-8

305 1817 380 1881 labae
402 1838 476 1881 sono
499 1822 605 1881 victum
626 1841 655 1882 m
675 1823 789 1898 gemina
812 1829 1008 1880 commutatur.
1045 1821 1099 1881 Est
1121 1832 1149 1882 et
1170 1826 1198 1882 in
1219 1825 1314 1884 divi-9

304 1903 395 1964 iendis
407 1905 506 1965 verbis
520 1905 702 1981 observatio,
715 1906 836 1965 mediam
848 1905 971 1966 litteram
979 1916 1189 1966 consonantem
1200 1909 1290 1986 priori

302 2005 330 2047 an
341 1992 476 2067 sequenti
489 1990 620 2065 syllabae
632 1990 786 2066 adiungas:
807 2007 945 2067 aruspec
957 1991 1046 2066 euim,
1066 1993 1131 2067 quia
1148 2009 1215 2068 pars
1228 1993 1290 2050 eius

300 2076 442 2150 posterior
461 2091 478 2133 a
498 2076 666 2152 spectando
688 2083 748 2148 est,
770 2094 788 2135 s
806 2073 929 2132 litteram
949 2075 1051 2132 tertiae
1073 2074 1165 2142 dahit;
1187 2076 1290 2137 obete-

299 2158 388 2234 ma'us‚
407 2160 475 2237 quia
491 2177 528 2216 ex
544 2158 714 2218 abstinentia
728 2159 828 2218 temeti
847 2157 1005 2235 composita
1024 2175 1083 2216 vox
1103 2167 1162 2231 est,
1181 2160 1289 2236 primae

297 2243 449 2319 relinquet.
489 2240 560 2301 Nam
581 2242 741 2320 liquidem
768 2244 797 2301 in
818 2241 905 2300 nullis
927 2239 1024 2299 verbis
1046 2241 1179 2299 utendum
1208 2251 1288 2319 puto,
1297 2245 1332 2296 lo

246 2336 250 2345 ’
295 2327 346 2385 nisi
373 2343 448 2404 quae
477 2327 638 2403 significat,
669 2328 754 2385 etiam
780 2335 812 2385 ut
834 2324 897 2384 sola
919 2332 1050 2402 ponatur.
1087 2325 1150 2384 lloc
1172 2343 1208 2384 eo
1232 2343 1289 2384 non

294 2411 394 2485 omisi,
415 2411 493 2487 quod
508 2410 620 2488 quidam
640 2428 719 2485 eam,
740 2412 873 2488 quotiens
887 2408 913 2467 Α
927 2416 1080 2487 sequatur,
1095 2412 1289 2469 necessariam

294 2494 431 2570 credunt,
451 2512 514 2554 cum
525 2496 563 2553 sit
576 2493 598 2554 G
613 2495 724 2570 littera,
743 2512 817 2572 quae
835 2493 871 2553 ad
888 2510 988 2554 omnes
1004 2493 1123 2553 vocales
1140 2495 1197 2553 vim
1209 2511 1289 2553 suam

291 2578 433 2656 perierat.

375 2661 485 2720 Verum
508 2661 713 2740 orthographia
730 2679 846 2740 quoque
863 2661 1062 2722 consuetudini
1079 2663 1183 2736 servit,
1207 2661 1286 2720 ideo·
1296 2667 1327 2719 11

290 2764 349 2824 que
373 2763 464 2824 saepe
482 2754 588 2805 mutata
610 2754 663 2805 est.
703 2745 775 2805 Nam
796 2746 847 2806 illa
866 2747 1060 2805 vetustissima
1080 2754 1196 2804 transeo
1218 2755 1288 2804 tem-

290 2847 383 2908 pora,
411 2829 514 2907 quihus
538 2838 566 2888 et
590 2832 744 2908 pauciores
771 2829 886 2890 litterae
907 2848 963 2889 nec
984 2828 1093 2888 similes
1115 2829 1159 2888 his
1181 2831 1287 2887 nostris

290 2932 392 2974 earum
418 2912 533 2972 formae
554 2913 668 2973 fuerunt
697 2923 726 2972 et
747 2915 791 2972 vis
815 2931 931 2992 quoque
956 2914 1087 2988 diversa,
1118 2915 1192 2973 sicut
1213 2912 1288 2990 apud

291 2997 424 3058 Graecos
450 2995 475 3058 0
495 2998 625 3072 litterae,
648 2998 855 3076 quae'interim
877 2998 965 3074 longa
987 3015 1021 3058 ac
1041 2995 1139 3056 brevis
1162 3005 1192 3056 ut
1213 2995 1287 3074 apud

289 3099 364 3156 nos,
387 3083 501 3139 interim
518 3098 571 3159 pro
593 3081 705 3156 syllaba
725 3099 808 3159 quarn
828 3083 941 3142 nomine
963 3099 1016 3141 suo
1039 3082 1172 3159 exprimit
1192 3083 1287 3158 posita

290 3174 353 3233 cst;
373 3173 405 3224 ut
423 3164 528 3224 Latinis
550 3166 698 3225 veteribus
714 3165 743 3225 D
762 3166 892 3243 plurimis
913 3167 941 3225 in
962 3165 1060 3226 verbis
1083 3164 1224 3224 adiectum
1244 3163 1286 3223 ul·
1294 3171 1328 3224 12

288 3250 406 3323 timum,
421 3250 498 3325 quod
511 3250 691 3308 manifestum
704 3259 748 3308 est
761 3250 847 3309 etiam
860 3247 1041 3311 ex'columna
1053 3255 1193 3324 rostrata,
1212 3266 1286 3327 quae

290 3341 337 3392 est
353 3331 472 3391 Duellio
495 3335 522 3391 in
544 3334 609 3392 loro
630 3335 743 3412 posita;
765 3334 878 3394 interim
898 3335 1072 3413 unoque,
1095 3334 1173 3392 utin
1194 3333 1286 3410 pulvi-

289 3417 353 3475 nari
367 3417 462 3490 Solis,
484 3418 531 3494 qui
549 3418 654 3476 colitur
666 3419 745 3477 iuxta
765 3418 867 3477 aedem
880 3416 1007 3493 Quirini,
1024 3435 1191 3494 vesperam,
1209 3416 1287 3495 quod

288 3502 520 3579 uesperuqt'oem
548 3503 714 3579 accipimus.
755 3500 801 3560 De
829 3503 985 3561 mutatione
1007 3500 1285 3574 etiam'litterarum,
1294 3503 1329 3558 13

289 3585 327 3644 de
350 3602 407 3664 qua
425 3602 512 3661 supra
534 3585 607 3660 dixi,
630 3584 698 3644 nibil
715 3594 852 3662 repetere
869 3586 916 3644 hic
933 3603 1057 3645 necesse
1078 3592 1139 3660 est,
1160 3584 1286 3644 fortasse

289 3670 366 3728 enim
388 3670 462 3726 sicut
484 3669 649 3729 scribebant
671 3670 755 3728 etiam
780 3669 981 3746 loquebantur.
1016 3667 1212 3730 semivocales
1234 3683 1285 3743 ge·
1293 3671 1328 3725 14

288 3753 398 3812 minare
427 3751 474 3811 diu
496 3755 553 3812 non
579 3753 633 3813 luit
653 3754 830 3813 usitatissimi
855 3755 960 3833 moris,
989 3763 1114 3834 atquae
1141 3751 1285 3811 contrario
