3184 4409
466 472 470 492 '
554 485 643 532 msn.
660 484 808 533 oasnon.
825 486 893 533 nra.
909 486 958 551 111,
976 481 1003 534 a.
1219 474 1279 537 139
1335 434 1347 451 ι

295 639 356 700 nihil
380 639 496 707 iacere;
526 638 561 698 de
583 639 716 699 iaciendo
738 648 833 699 autem
855 637 1040 699 deliberatur.
1075 640 1184 714 Quodsi
1207 640 1322 705 hanct3

294 732 393 783 vocant
413 723 626 798 necessitatem,
651 725 679 781 in
700 742 783 801 quam
800 724 928 782 homines
946 727 1109 800 graviorum
1131 735 1207 784 metu
1231 744 1279 786 co-

294 817 402 885 guntur,
417 807 545 867 utilitatis
570 809 624 865 erit
647 809 792 884 quaestio:
823 816 854 866 ut
873 809 897 865 si
919 807 1033 866 obsessi
1055 817 1084 867 et
1107 811 1230 887 impares
1252 819 1281 870 et

294 909 361 970 aqua
387 891 513 969 ciboque
538 891 645 950 delecti
665 891 701 950 de
723 891 854 951 iacienda
876 891 911 950 ad
934 891 1045 950 hostem
1063 893 1208 952 deditione
1230 894 1279 953 de·
1304 948 1309 957 .

293 976 414 1034 liberent
441 983 470 1033 et
491 974 619 1048 dicatur,
637 994 762 1036 neeesse
782 982 841 1042 εει;
868 993 971 1052 nempe
994 978 1140 1053 sequitur,
1168 985 1198 1036 ut
1224 977 1281 1036 boc

274 1114 276 1118 Α
292 1059 464 1133 subiciatur,
483 1060 596 1135 alioqui
607 1061 797 1135 pereundum
814 1068 871 1119 cst:
891 1060 928 1117 ita
941 1068 1061 1137 propter
1075 1059 1104 1119 id
1117 1062 1209 1137 ipsum
1223 1078 1280 1119 non

292 1153 332 1202 est
353 1159 496 1216 necesse,
520 1143 585 1218 quia
612 1145 708 1220 perire
729 1144 825 1220 potius
850 1143 927 1202 lieet.
967 1143 1100 1221 Denique
1122 1160 1179 1201 uon
1199 1144 1278 1204 iece-

291 1236 351 1286 runt
373 1227 523 1302 Saguntini
553 1228 658 1285 necin
684 1236 747 1286 nate
770 1225 938 1304 Opitergina
961 1228 1155 1286 circumventi.
1189 1225 1321 1304 Igiturtl

291 1312 316 1368 in
336 1311 382 1370 his
406 1326 522 1387 quoque
544 1311 637 1368 causis
666 1319 713 1368 aut
735 1311 771 1369 dc
800 1311 863 1370 sola
888 1310 1010 1370 utilitate
1032 1310 1208 1387 ambigetur,
1233 1320 1280 1370 aut

292 1395 422 1472 quaestio
444 1396 519 1453 inter
533 1394 602 1452 utile
625 1402 711 1471 atque
733 1393 884 1452 honestum
912 1397 1060 1454 consistet.
1099 1395 1137 1454 At
1159 1397 1233 1453 enim
1255 1394 1279 1453 si

292 1479 350 1556 quis
364 1477 476 1537 liberos
493 1494 649 1554 procreare
668 1476 758 1553 volet,
781 1496 905 1536 necesse
921 1477 1008 1537 habet
1026 1480 1133 1538 ducere
1148 1496 1278 1538 uxorem.

292 1561 358 1635 Quis
378 1557 514 1621 dubitat?
536 1561 642 1637 sedai,
671 1563 718 1639 qui
740 1571 824 1639 pater
845 1562 906 1620 vult
928 1562 1005 1637 fieri,
1029 1562 1137 1641 liqueat
1155 1579 1279 1622 necesse
1353 1569 1355 1573 ’

292 1654 343 1720 εει,
368 1662 492 1704 uxorem
507 1663 574 1704 esse
596 1646 763 1705 ducendam.
798 1645 898 1724 ltaque
914 1647 980 1705 mihi
998 1665 1034 1705 ne
1053 1647 1203 1707 consilium
1219 1648 1321 1725 qui-25

292 1728 352 1788 dem
372 1728 497 1803 videtur,
519 1728 567 1787 uhi
583 1732 742 1789 necessitas
765 1739 826 1805 εει,
848 1747 906 1788 non
927 1732 1016 1806 magis
1039 1749 1122 1807 quam
1142 1730 1190 1790 ubi
1212 1747 1279 1789 oon·

293 1821 355 1889 stat,
378 1813 449 1890 quid
469 1812 531 1870 fieri
553 1829 610 1871 non
631 1815 733 1890 possit.
774 1813 869 1872 Omnis
892 1816 964 1872 enim
986 1812 1157 1873 deliberatio
1176 1815 1212 1874 de
1229 1815 1279 1872 du·

291 1894 341 1955 biis
359 1905 416 1956 est.
445 1894 547 1955 illelius
567 1897 667 1973 igitur,
686 1899 734 1974 qui
746 1899 857 1956 tertiam
872 1907 981 1974 partem
999 1898 1130 1957 dixerunt
1142 1888 1279 1972 δυνατὸν,

293 1980 364 2058 qnod
388 1981 480 2039 nostri
500 1982 646 2058 possibile
664 1983 824 2055 nominant,
849 1999 922 2058 quae
940 1990 969 2039 ut
991 1981 1061 2039 dura
1080 1981 1210 2040 videatur
1230 1999 1279 2058 ap·

292 2064 421 2141 pellatio‚
441 2072 534 2122 tamen
552 2064 615 2124 sola
633 2072 686 2122 εει.
722 2062 799 2136 Quas
817 2073 915 2141 partes
933 2080 990 2121 nou
1007 2081 1106 2122 omues
1125 2066 1154 2122 in
1171 2073 1321 2128 omuem26

292 2148 395 2207 cadere
415 2150 573 2207 suasoriam
598 2148 774 2206 manifestius
797 2155 858 2221 εει,
890 2165 972 2225 quam
1001 2156 1031 2205 ut
1050 2147 1210 2206 docendum
1231 2148 1277 2205 sit.

292 2229 395 2291 Tamen
417 2231 493 2308 apud
514 2232 671 2310 plerosque
701 2249 796 2290 earum
817 2248 949 2289 numerus
972 2240 1109 2306 augetur,
1136 2247 1152 2288 a
1177 2229 1279 2307 quihus

291 2323 433 2391 ponuntur
452 2323 480 2372 et
500 2325 614 2392 partes,
646 2332 720 2392 quae
741 2315 857 2391 species
879 2323 944 2372 sunt
964 2316 1094 2391 partium.
1127 2313 1198 2372 Nam
1222 2313 1277 2389 las,

291 2399 402 2472 iustum,
425 2399 517 2476 pium,
545 2417 682 2478 aequum,
704 2407 880 2458 mansuetum
903 2415 1018 2476 quoque
1042 2397 1099 2475 (sio
1119 2399 1192 2456 enim
1215 2405 1279 2456 sunt

291 2483 469 2562 interpretati
490 2475 661 2562 τὸῆμερον)
684 2491 712 2541 ει
734 2484 759 2541 si
780 2500 835 2559 qua
856 2482 948 2541 adhuc
969 2482 1096 2541 adiicere
1119 2482 1181 2560 quis
1204 2483 1278 2540 eius·

293 2565 350 2624 dem
373 2567 494 2642 generis
516 2567 597 2642 velit,
621 2566 722 2626 subiici
744 2574 864 2644 possunt
882 2565 1034 2624 honestati.
1069 2565 1114 2623 An
1131 2568 1167 2624 sit
1185 2572 1320 2627 autema?

293 2648 391 2724 facile,
414 2644 563 2725 magnum,
581 2651 748 2725 iucundum,
774 2651 836 2708 sine
858 2649 1006 2726 periculo,
1024 2649 1060 2708 ad
1083 2651 1280 2726 quaestionem

293 2735 414 2810 pertinet
429 2733 567 2792 utilitatis.
597 2732 652 2806 Qui
669 2734 727 2794 loci
750 2735 878 2792 oriuntur
894 2751 932 2792 ex
949 2733 1191 2792 contradictione:
1217 2734 1278 2807 Est

292 2819 410 2894 qudem
425 2818 497 2877 utile
510 2818 568 2878 sed
584 2818 723 2895 difficile,
739 2837 883 2896 peronem,
898 2818 1113 2890 iniucundum,
1126 2818 1278 2895 periculo·

292 2919 361 2962 rum.
405 2899 514 2960 Tamen
536 2901 703 2979 quibusdam
732 2903 933 2960 videturesse
961 2918 1159 2978 nonuunquam
1182 2901 1218 2961 de
1239 2901 1321 2961 iu·28

294 2985 437 3044 eunditate
459 2985 522 3044 sola
546 2985 729 3060 consultatio,
746 2994 776 3043 ut
793 2987 818 3042 si
842 2985 878 3044 de
897 2984 1075 3045 aedificando
1090 2985 1219 3057 theatro,
1236 2985 1276 3041 in-

291 3068 441 3131 stituendis
470 3067 544 3128 ludis
574 3067 760 3129 deliberetur.
804 3068 863 3128 Sed
890 3070 1029 3128 neminem
1058 3069 1132 3129 adeo
1155 3066 1279 3126 solutum

292 3151 353 3212 luxu
376 3160 461 3230 puto,
482 3161 513 3210 ut
533 3152 602 3212 nihil
624 3153 652 3210 in
673 3171 759 3212 causa
776 3152 914 3211 suadendi
933 3162 1068 3230 sequatur
1090 3161 1207 3230 praeter
1226 3167 1277 3209 vo-

291 3235 438 3316 luptatem.
478 3235 637 3296 Praecedat
659 3238 732 3294 enim
753 3254 869 3314 semper
890 3236 995 3314 aliquid
1017 3253 1140 3294 necesse
1163 3243 1225 3309 εει,
1247 3243 1321 3300 ut29

290 3320 413 3381 inludis
433 3319 527 3379 honor
549 3320 682 3395 deorum,
706 3321 734 3379 in
756 3320 869 3378 theatro
890 3337 947 3378 non
962 3320 1068 3378 inutilis
1084 3317 1215 3377 laborum
1231 3337 1279 3379 res

289 3405 398 3478 missio,
426 3403 562 3463 deformis
584 3413 612 3462 et
632 3403 810 3462 incommoda
828 3401 945 3477 turbae,
964 3405 988 3461 si
1009 3402 1037 3462 id
1059 3403 1188 3478 nonsit,
1211 3419 1278 3462 eon-

289 3486 423 3562 diotatio‚
456 3496 486 3546 et
507 3487 685 3547 nihilominus
710 3487 812 3546 eadem
833 3486 882 3545 illa
904 3486 1026 3562 religio,
1056 3504 1119 3544 eum
1138 3486 1279 3546 theatrum

289 3572 377 3632 veluti
392 3572 537 3650 quoddam
554 3572 631 3631 illius
650 3573 724 3630 sacri
741 3570 879 3648 templum
893 3569 1070 3628 vocabimus.
1099 3571 1195 3648 Saepe
1207 3576 1331 3632 verodtt'

290 3664 316 3714 et
327 3655 485 3726 utilitatem
497 3654 713 3733 despiciendam
728 3673 794 3713 esse
808 3655 937 3727 dicimus,
955 3662 986 3712 ut
996 3652 1117 3714 honesta
1129 3654 1276 3728 faciamus,

291 3747 317 3799 ut
334 3757 401 3801 cnm
416 3739 476 3800 illis
498 3736 681 3819 Opiterpiuic
701 3740 810 3800 domur
830 3740 1002 3816 caecilium,
1027 3757 1068 3802 aa
1092 3757 1126 3802 oe
1149 3737 1287 3800 hostibus
