3184 4409
311 441 369 500 176
609 484 611 487 v
635 451 992 511 uranonmmmm

309 607 463 666 solitudine
482 608 613 683 reperire
635 623 692 664 non
714 601 888 683 possumus?
921 603 1044 682 Propter
1071 625 1152 684 quae
1176 608 1257 668 idem
1276 609 1318 669 illc

309 699 404 749 tantus
420 700 529 748 amator
545 690 652 748 secreti
669 689 882 748 Demosthenes
897 690 926 749 in
940 687 1036 765 litore,
1059 691 1167 769 inquo
1185 711 1221 751 se
1237 695 1317 752 maxi·

309 791 355 832 mo
373 792 435 831 cnm
451 791 524 832 sono
540 773 642 832 lluctus
663 773 797 848 illideret,
817 772 956 831 meditans
970 775 1196 835 consuescebat
1213 779 1316 836 contio·

309 876 374 916 num
391 857 519 915 fremitus
535 875 591 915 non
608 875 817 935 expavescere.

267 966 300 1019 31
396 955 447 1016 llla
461 972 577 1032 quoque
594 957 703 1013 minora
720 955 787 1032 (sed
804 954 873 1013 nihil
892 956 919 1012 iu
931 955 1031 1013 studiis
1042 972 1169 1031 parrum
1186 960 1253 1037 est)
1269 975 1316 1016 non

310 1050 374 1098 sunt
391 1040 578 1098 transeunda:
594 1038 710 1097 scribi
727 1041 834 1115 optime
853 1040 939 1110 ceris,
956 1037 1100 1114 inquibus
1118 1040 1266 1100 facillima
1279 1051 1316 1100 est

310 1125 382 1182 ratio
401 1123 528 1189 delendi;
550 1125 603 1181 nisi
626 1122 701 1181 forte
723 1125 801 1180 visus
820 1123 956 1181 inlirmior
972 1121 1208 1182 membranarum
1225 1128 1314 1203 potius

309 1226 389 1265 usum
414 1209 532 1282 exiget,
556 1224 629 1283 quae
658 1215 688 1264 ut
712 1208 807 1264 iuvant
828 1207 936 1279 aciem,
963 1207 1001 1263 ita
1028 1206 1132 1266 crebra
1160 1209 1314 1281 relatione,

311 1291 404 1368 quoad
420 1292 595 1366 intinguitur,
616 1290 716 1349 calami
732 1298 877 1347 morantur
892 1306 1003 1347 manum
1017 1298 1046 1347 et
1061 1293 1255 1366 cogitationis
1272 1297 1314 1352 in·

266 1384 405 1453 32petum
429 1374 571 1450 frangunt.
612 1373 830 1451 Relinquendae
858 1382 952 1431 autem
979 1374 1006 1431 iu
1031 1373 1174 1434 utrolibet
1209 1394 1314 1452 genere

310 1468 410 1518 contra
428 1468 510 1516 erunt
531 1475 639 1516 vacuae
658 1457 802 1529 tabellae,
823 1459 852 1515 in
872 1456 974 1534 quibus
993 1455 1085 1516 libera
1101 1458 1263 1520 adiiciendi
1283 1462 1315 1519 sit

309 1543 454 1601 excursio.
487 1541 558 1600 Nam
574 1543 686 1600 interim
704 1542 847 1618 pigritiam
859 1541 1026 1599 emendandi
1041 1543 1197 1616 angustiae
1212 1545 1314 1603 faciunt

311 1636 358 1685 aut
375 1635 454 1684 certe
472 1642 612 1683 novorum
626 1626 847 1704 interpositione
859 1626 957 1702 priora
968 1625 1154 1684 confundant.
1184 1627 1231 1686 Ne
1246 1628 1314 1688 latas

310 1709 422 1787 quidem
444 1709 518 1768 ultra
545 1708 657 1766 modum
685 1727 751 1767 esse
767 1708 862 1767 'ceras
884 1708 987 1782 uelim,
1016 1719 1157 1786 expertus
1184 1714 1312 1771 iuvenem

309 1792 467 1850 studiosum
486 1792 593 1868 alloqui
610 1792 788 1870 praelongos
807 1791 941 1851 habuisse
963 1809 1132 1867 sermones,
1157 1797 1228 1872 quia
1250 1796 1311 1854 illos

308 1892 426 1934 numero
449 1895 584 1935 versuum
608 1877 795 1950 metiebatur,
817 1876 903 1953 idque
924 1876 1039 1950 uitium,
1062 1878 1142 1954 quod
1169 1879 1311 1957 frequenti

308 1961 500 2018 admonitione
520 1962 626 2036 corrigi
641 1978 697 2018 non
715 1969 859 2037 potuerat,
875 1959 1150 2020 mutatiscodicibns
1164 1981 1236 2022 esse
1252 1963 1310 2022 sub·

267 2044 405 2104 331atum.
436 2043 532 2103 Debet
546 2063 651 2102 vacare
669 2046 752 2102 etiam
771 2044 863 2116 locus,
880 2045 908 2101 in
924 2060 981 2120 quo
997 2052 1132 2103 notentur
1151 2064 1231 2124 quae
1248 2049 1311 2106 scri·

308 2128 440 2187 bentibus
457 2129 552 2188 solent
569 2138 649 2188 extra
666 2129 804 2201 ordinem,
826 2128 854 2186 id
875 2136 920 2186 est
938 2145 974 2184 ex
990 2127 1063 2201 aliis,
1082 2145 1170 2205 quam
1188 2134 1310 2208 quisunt

307 2213 477 2272 inmanibus
494 2215 570 2287 loci,
592 2231 757 2273 occurrere.
796 2211 957 2290 Inrumpunt
980 2213 1053 2272 euim
1070 2215 1172 2288 optimi
1190 2233 1309 2275 nonnun-

309 2316 392 2373 quam
408 2317 520 2371 sensns,
539 2316 612 2375 quos
628 2316 721 2375 neque
738 2300 868 2356 inserere
887 2307 1003 2374 oportet
1018 2314 1114 2376 neque
1137 2298 1261 2362 differre
1274 2312 1308 2362 tu·

308 2391 364 2438 tum
381 2391 435 2456 est,
454 2384 519 2458 quia
536 2384 647 2439 iuterim
664 2382 824 2455 elabuntur,
841 2383 951 2441 interim
964 2386 1119 2442 memoriae
1139 2405 1214 2446 suae
1228 2391 1307 2446 inten-

308 2473 353 2520 tos
370 2465 405 2522 ab
425 2465 480 2524 alia
496 2468 660 2524 inventione
684 2466 829 2525 declinant
851 2466 976 2544 ideoque
1000 2469 1107 2545 optime
1130 2481 1199 2530 sunt
1224 2475 1253 2530 in
1267 2471 1309 2531 de·

309 2549 414 2623 posito.

607 2666 761 2725 QUOMODO
775 2667 1012 2718 EMENDANDUM.

393 2774 441 2835 lv.
473 2779 608 2854 Sequitur
633 2781 857 2854 emendatio,
882 2799 949 2858 pars
971 2779 1130 2839 studiorum
1147 2780 1240 2858 longe
1261 2783 1308 2842 uti·

309 2862 424 2920 lissima.
474 2861 577 2939 Neque
600 2865 673 2921 enim
695 2867 756 2922 sine
787 2883 871 2923 causa
896 2864 1034 2923 creditum
1060 2872 1105 2921 est
1135 2865 1234 2924 stilum
1257 2884 1308 2932 non

307 2947 397 3003 minus
413 2963 514 3021 agere,
534 2964 596 3003 oum
613 2946 700 3005 delet.
732 2947 820 3006 Huius
837 2958 930 3006 autem
948 2950 1046 3025 operis
1065 2956 1109 3005 est
1123 2948 1307 3023 adiicere,

307 3029 522 3102 detrahere,
541 3040 693 3089 mutare.
730 3031 788 3089 Sed
804 3031 916 3091 facilius
934 3033 1011 3090 iniis
1027 3030 1251 3111 simpliciusque
1272 3036 1308 3092 iu·

308 3112 428 3187 dicium,
454 3132 527 3191 quae
551 3114 689 3191 replenda
710 3115 758 3174 vel
785 3115 943 3174 deiicienda
966 3124 1046 3179 sunt:
1075 3132 1214 3192 premere
1242 3134 1309 3176 vero

307 3200 453 3272 tumentia,
472 3198 584 3257 humilia
602 3199 755 3272 extollere,
775 3199 943 3258 luxuriantia
957 3201 1131 3273 astringere,
1148 3202 1308 3260 inordinata

307 3277 459 3354 digerere,
481 3283 575 3340 soluta
601 3300 790 3359 componere,
819 3282 973 3342 exultantia
997 3300 1157 3359 coercere,
1185 3284 1309 3362 duplicis

279 3368 426 3435 toperae.
450 3364 520 3422 Nam
535 3376 563 3423 et
574 3367 729 3425 damnanda
742 3375 806 3424 sunt
819 3385 893 3443 quae
905 3367 1084 3444 placuerunt,
1095 3375 1124 3424 et
1136 3368 1309 3428 invenienda

308 3460 383 3520 quae
409 3446 551 3522 ingerant.
601 3449 662 3508 Nec
688 3449 802 3508 dubium
826 3459 871 3508 est
892 3452 1027 3528 optimum
1050 3469 1116 3508 esse
1138 3451 1309 3513 emendandi

307 3545 410 3602 genus,
424 3533 448 3587 si
465 3534 571 3608 scripta
589 3534 615 3590 iu
634 3534 749 3610 aliquod
765 3542 876 3611 tempus
892 3543 1076 3611 reponantur,
1094 3543 1124 3592 ut
1140 3536 1176 3594 ad
1195 3555 1232 3596 ea
1246 3544 1310 3616 post

306 3612 487 3672 intervallum
503 3615 582 3673 velut
601 3634 674 3676 nova
690 3627 776 3693 atque
795 3617 889 3676 aliena
906 3618 1071 3691 redeamus,
1086 3637 1122 3677 ne
1135 3619 1223 3678 nobis
1240 3621 1309 3680 scri·

273 3702 355 3773 3pta
375 3704 472 3765 nostra
493 3706 624 3774 tanquam
645 3710 779 3759 recentes
800 3701 876 3761 letus
904 3701 1092 3762 blandiantur.
1132 3702 1194 3763 Sed
1212 3719 1309 3785 neque
