3184 4409
553 470 990 537 msu.0nnuon.n1n.x1‚a
1213 456 1275 519 207

268 642 338 693 sus3
360 622 389 682 in
406 632 488 701 parte
503 625 592 684 iuvari
612 634 727 702 potest,
749 625 844 702 quod,
869 645 933 686 oum
948 625 1039 685 semel
1055 635 1102 687 aut
1117 625 1161 685 bis
1177 608 1274 687 a'udie·

264 711 320 783 uit,
336 710 471 768 continuo
486 708 527 767 illi
542 710 708 768 memoriam
720 711 800 768 suam
815 711 942 787 experiri
958 710 1027 769 licet
1039 721 1143 770 etcum
1157 711 1275 788 legente

268 792 459 852 contendere.
491 791 561 851 Nam
579 801 608 852 et
623 793 731 870 alioqui
747 794 775 853 id
793 795 915 853 maxime
930 794 1091 854 faciendum
1107 804 1162 870 est,
1178 805 1208 853 ut
1222 813 1275 855 nos

268 876 392 936 subinde
419 885 604 954 temptemus:
634 878 700 955 quia
723 878 856 936 continua
879 866 1020 937 lectio‘et
1042 897 1116 956 quae
1135 881 1225 955 magis
1247 889 1276 940 et

269 977 348 1038 quae
376 958 469 1021 minus
497 960 617 1020 haerent
639 961 800 1037 aequaliter
827 963 937 1021 transit.
976 961 1008 1020 ln
1028 963 1207 1040 experiendo
1233 971 1317 1033 ιιι-35

268 1062 395 1120 neasne,
417 1053 452 1116 ,et
473 1044 565 1104 maior
587 1046 706 1104 intentio
728 1053 773 1104 est
797 1054 828 1105 et
851 1045 919 1104 nihil
941 1047 1112 1123 supervacui
1136 1049 1274 1124 temporis

268 1130 365 1207 perit,
386 1144 444 1206 quo
461 1129 545 1188 etiam
562 1145 636 1206 quae
651 1138 782 1187 tenemus
798 1131 892 1206 repeti
910 1130 1020 1199 solent;
1045 1133 1083 1189 ita
1099 1130 1181 1206 sola,
1201 1149 1275 1208 quae

269 1212 451 1286 exciderunt,
468 1221 668 1287 retractantur,
685 1222 716 1273 ut
730 1212 833 1272 crebra
849 1215 1000 1273 iteratione
1015 1215 1171 1290 firmentur,
1188 1232 1275 1293 quan·

269 1312 357 1373 quam
372 1295 467 1355 solent
485 1296 542 1355 hoc
557 1297 621 1374 ipso
639 1299 760 1356 maxime
777 1296 915 1373 haerere,
933 1299 1009 1376 quod
1024 1299 1202 1358 exciderunt.
1237 1299 1275 1359 ll·

268 1379 322 1440 lud
336 1377 493 1438 ediscendo
509 1379 723 1457 scribendoque
743 1398 891 1440 commune
907 1391 968 1458 est,
994 1385 1108 1460 utrique
1124 1383 1275 1461 plurimum

269 1462 408 1522 conferre
428 1462 532 1523 bonam
548 1464 758 1540 valetudinem,
785 1466 929 1542 digestum
950 1467 1059 1542 eibum,
1081 1469 1202 1528 animum
1224 1484 1274 1527 co·

267 1546 455 1625 gitationibus
481 1548 544 1607 aliis
565 1548 696 1608 liberum.
727 1549 835 1609 Verum
855 1560 884 1609 et
905 1552 933 1610 in
953 1552 988 1610 iis
1011 1569 1085 1628 quae
1106 1553 1317 1629 scripsimus36

269 1629 501 1708 complectendis
516 1632 633 1691 multum
646 1633 757 1709 valent,
777 1643 806 1693 et
822 1635 850 1693 in
865 1635 900 1692 iis
916 1652 990 1711 qnae
1006 1637 1166 1712 cogitamus
1183 1638 1274 1696 couti·

268 1713 373 1773 nendis
394 1731 487 1793 prope
511 1715 592 1774 solae
616 1717 773 1795 (excepta,
798 1735 872 1796 quae
888 1721 1086 1796 potentissima
1104 1729 1165 1796 est,
1189 1738 1272 1780 exer·

269 1798 425 1876 citatione)
449 1800 582 1859 divisio
610 1810 645 1860 et
673 1804 905 1879 compositio.
943 1802 1015 1862 Nam
1038 1805 1184 1881 quireete
1202 1805 1271 1865 divi·

268 1883 358 1961 serit,
382 1900 524 1964 nunquam
546 1886 654 1964 poterit
674 1887 702 1943 in
722 1903 818 1944 rerum
839 1885 939 1944 ordine
955 1905 1064 1947 errare.
1104 1886 1190 1949 Certa
1210 1898 1316 1954 suntal

269 1971 347 2028 enim
369 1987 426 2028 non
449 1971 543 2029 solum
570 1972 599 2028 in
626 1966 789 2046 digerendis
817 1971 1032 2046 quaestionibus
1057 1971 1110 2031 sed
1136 1975 1220 2032 etiam
1243 1976 1272 2033 in

270 2054 467 2130 exequendis,
497 2054 630 2114 simodo
655 2062 738 2112 recte
759 2052 896 2128 dicimus,
924 2056 1014 2132 prima
1038 2073 1072 2114 ao
1094 2056 1221 2116 secunda
1244 2067 1273 2119 et

270 2138 425 2216 deinceps;
446 2137 642 2214 cohaeretque
657 2138 747 2203 omnis
763 2155 859 2196 rerum
875 2138 1033 2216 copulatio,
1050 2147 1080 2197 ut
1097 2141 1124 2198 ei
1139 2140 1208 2199 nihil
1223 2159 1273 2200 ne·

270 2239 328 2299 que
340 2221 468 2280 subtrahi
483 2222 544 2280 sine
560 2221 711 2281 manifesto
727 2221 878 2280 intellectu
889 2240 984 2299 neque
998 2223 1086 2281 inseri
1101 2225 1202 2301 possit.
1225 2225 1272 2285 Αιι
1282 2232 1319 2289 38

269 2322 342 2363 vero
360 2305 504 2364 Scaevola
528 2307 556 2364 in
577 2304 641 2364 lusu
657 2305 808 2365 duodecim
823 2306 1012 2384 scriptorum,
1036 2325 1099 2365 oum
1120 2309 1200 2385 prior
1215 2309 1274 2368 cal·

272 2388 367 2448 culum
382 2389 576 2466 promovisset
591 2399 728 2467 essetque
743 2391 854 2461 victus,
874 2390 939 2450 dum
954 2409 1002 2448 ms
1017 2390 1124 2466 tendit,
1146 2394 1273 2470 repetito

271 2475 360 2532 totius
377 2474 539 2532 certaminis
556 2473 667 2549 ordine,
684 2491 742 2552 quo
758 2474 825 2534 dato
841 2482 969 2533 errasset
983 2475 1172 2551 reeordatus,
1189 2477 1275 2536 rediit

272 2558 308 2618 ad
324 2575 399 2631 eum,
415 2573 539 2632 quocum
555 2558 674 2633 luserat,
690 2559 773 2635 isque
787 2559 827 2618 ita
842 2558 948 2617 iactum
963 2576 1030 2617 esse
1047 2559 1198 2619 confessus
1215 2570 1274 2620 est:

273 2643 364 2699 minus
381 2641 456 2699 idem
472 2641 543 2700 ordo
559 2640 667 2701 valebit
683 2643 711 2701 in
726 2644 875 2716 oratione,
895 2645 1065 2720 praesertim
1081 2652 1158 2702 totus
1174 2653 1274 2704 nostro

273 2725 391 2784 arbitrio
408 2727 596 2800 constitutus,
621 2744 685 2786 cum
700 2734 807 2786 tantum
824 2725 875 2785 ille
891 2725 987 2786 valeat
1004 2725 1155 2787 alternus?
1179 2727 1273 2789 Etiam
1283 2739 1318 2793 39

273 2826 347 2885 quae
358 2807 433 2868 bene
450 2811 610 2887 composita
626 2819 718 2886 erunt,
737 2813 901 2870 memoriam
912 2813 990 2870 serie
1002 2829 1054 2871 sua
1066 2811 1180 2872 ducent.
1202 2810 1276 2872 Nam

273 2894 347 2951 sicut
369 2892 482 2952 iacilius
503 2912 605 2953 versus
630 2895 784 2954 ediscimus
802 2912 887 2973 quam
902 2912 1018 2973 prosam
1039 2898 1215 2971 orationem:
1237 2898 1276 2956 ita

272 2991 380 3052 prosae
394 2979 489 3036 vineta
513 2995 598 3056 quam
619 2978 768 3039 dissoluta.
805 2979 855 3038 Sic
877 2980 1032 3056 contingit,
1054 2989 1085 3039 ιιι
1100 2982 1184 3039 etiam
1200 2996 1275 3056 quae

274 3077 311 3118 ex
326 3068 457 3138 tempore
473 3057 644 3122 videbantur
659 3063 760 3137 eflusa,
784 3061 954 3123 adverbum
969 3066 1093 3142 repetita
1108 3063 1274 3123 reddantur.

274 3142 358 3215 Quod
378 3163 460 3205 meae
479 3163 595 3223 quoque
612 3149 767 3207 memoriae
782 3146 1010 3206 mediocritatem
1032 3146 1227 3225 sequebatur,
1251 3147 1276 3206 si

274 3226 386 3302 quando
401 3229 578 3289 interventus
594 3231 763 3308 aliquorum,
781 3233 829 3308 qui
841 3230 916 3289 hunc
931 3230 1071 3290 honorem
1085 3239 1275 3306 mererentur,

273 3313 378 3369 iterare
398 3311 616 3374 declamationis
639 3323 750 3392 partem
772 3316 931 3391 coegisset.
969 3314 1033 3374 Nec
1056 3322 1102 3374 est
1124 3315 1275 3376 mendacio

274 3394 374 3468 locus,
393 3394 482 3455 salvis
499 3399 547 3474 qui
562 3397 762 3465 interluemnt.

357 3479 388 3537 Si
404 3481 467 3557 quis
483 3489 578 3540 tamen
590 3500 675 3542 unam
689 3483 896 3561 maximamque
917 3500 994 3542 ame
1009 3490 1100 3542 artem
1119 3484 1318 3562 memoriaedo

274 3571 409 3640 quaerat:
433 3567 666 3625 exercitatio
684 3575 774 3626 estet
790 3565 910 3634 labor;
925 3567 1013 3627 multa
1028 3567 1171 3643 ediscere,
1187 3566 1275 3627 multa

273 3649 420 3723 cogitare,
445 3658 474 3709 et
498 3650 523 3708 si
541 3650 603 3710 lieri
624 3659 722 3728 potest
744 3652 866 3726 cotidie,
890 3652 1117 3728 potentissimum
1140 3660 1194 3711 est.
1226 3649 1275 3709 ut

272 3730 313 3790 hil
330 3749 423 3811 aeque
442 3734 490 3794 vel
508 3744 630 3812 augetur
645 3752 714 3796 eura
734 3735 783 3795 vel
801 3735 977 3814 negligentia
991 3735 1144 3797 intercidit.
1177 3733 1317 3808 Quare4l
