3184 4409
320 477 381 538 270
638 487 675 535 u.
687 484 767 534 aaa.
780 484 1000 546 summram

320 643 446 705 sissima
469 659 509 703 ea
535 641 639 702 intima
662 639 794 718 artificia
823 640 1076 719 deprompsisset,
1104 639 1261 720 Respicite
1282 643 1318 707 0.

320 726 457 790 Fabricii
470 733 671 793 senectutem,⁸
689 743 757 785 cura
767 727 834 800 boc,
850 723 1015 802 Respicite,
1031 727 1193 786 uuandae
1203 731 1318 791 matio·

320 814 368 872 nis
390 826 487 872 causa
507 827 600 886 saepe
620 810 765 869 dixisset:
788 809 925 886 respemit
945 809 1030 886 ipse:
1055 817 1089 869 at
1109 807 1276 872 Fabricius
1297 833 1319 875 a

319 895 471 956 subselliis
485 895 616 954 demisso
635 894 736 970 capite
750 893 951 967 discesserat,
973 899 1003 950 et
1018 900 1131 968 cetera,
1148 910 1222 970 quae
1238 897 1318 957 adie-

320 981 373 1055 cit:
388 996 450 1036 nam
470 985 514 1036 est
529 985 613 1035 notus
629 976 725 1043 locus;
751 994 813 1035 oum
834 976 862 1034 in
876 992 908 1033 re
924 973 981 1034 hoc
995 975 1088 1035 solum
1105 984 1200 1053 esset,
1216 977 1318 1040 Fabri·

278 1074 309 1128 41
321 1064 394 1121 cium
417 1080 432 1121 a
453 1062 557 1121 iudicio
579 1061 750 1119 recessisse.
793 1058 831 1118 Et
851 1057 967 1118 Caelius
983 1077 1047 1118 cum
1062 1061 1156 1119 omnia
1170 1067 1318 1123 venustis·

320 1148 390 1204 sime
420 1146 499 1204 finxit
525 1153 583 1203 tum
608 1143 679 1202 illud
708 1144 850 1218 ultimum,
877 1140 936 1204 Hic
961 1144 1140 1205 subsecutus
1167 1149 1319 1223 quontodo

299 1255 300 1259 ¹
319 1231 485 1303 transierit,
500 1237 601 1289 atram
616 1236 684 1288 rate
700 1246 742 1289 art
754 1228 924 1305 piscatorio
936 1228 1074 1306 navigio,
1086 1247 1172 1290 nemo
1186 1232 1317 1293 sciebat.

319 1312 418 1374 Siculi
436 1314 573 1390 quidem,
595 1320 628 1373 ut
647 1317 719 1372 suat
738 1311 848 1372 lascivi
861 1315 891 1370 et
904 1312 1045 1387 dicaces,
1063 1312 1188 1374 aiebant
1200 1316 1234 1374 in
1249 1317 1318 1377 dcl-

277 1399 409 1476 4‘tpbiao
421 1398 538 1457 sedisse
554 1403 584 1456 et
602 1398 648 1456 sic
664 1402 811 1474 tanquam
824 1390 942 1454 Ariona
956 1402 1171 1456 transvectum.
1201 1396 1234 1457 ln
1251 1418 1319 1459 nar·

321 1481 409 1541 rando
427 1489 520 1539 autern
537 1477 640 1538 Cicero
657 1481 820 1538 consistere
838 1478 958 1539 facetias
974 1486 1069 1555 putat,
1090 1479 1273 1542 dicacitatem
1289 1484 1320 1542 in

320 1565 461 1624 iaciendo.
496 1562 568 1621 Mire
590 1563 642 1625 luit
662 1565 690 1621 in
715 1563 772 1622 hoc
791 1580 903 1640 genere
917 1571 1054 1620 venustus
1074 1562 1147 1621 Ales
1160 1563 1318 1642 Domitius,

322 1651 401 1708 cuius
423 1645 597 1706 orationibus
620 1647 784 1725 complures
807 1647 968 1706 huiusmodi
988 1648 1167 1706 narrationes
1187 1650 1318 1710 insertae

321 1734 516 1809 reperiuntur:
542 1730 595 1790 sed
627 1731 767 1790 dictorum
800 1747 916 1808 quoque
937 1729 973 1789 ab
997 1731 1100 1790 eodem
1120 1730 1228 1792 urbane
1251 1745 1320 1795 sunt

278 1828 313 1881 43
321 1816 388 1874 editi
404 1814 478 1874 libri.
507 1813 582 1873 lllud
595 1832 711 1892 quoqne
729 1833 822 1891 genus
837 1823 883 1873 est
897 1816 1021 1891 positum
1037 1830 1094 1873 non
1110 1816 1137 1872 in
1153 1815 1206 1875 hae
1223 1818 1319 1878 veluti

320 1899 492 1958 iaculatione
512 1898 651 1975 dictorum
677 1908 707 1958 et
731 1899 841 1957 inclusa
867 1897 995 1957 breviter
1023 1898 1183 1958 urbanitate
1209 1901 1262 1960 sed
1289 1905 1319 1961 in

321 1983 442 2061 quodam
465 1982 597 2058 longiore
618 1991 698 2057 actu,
723 1982 800 2059 quod
821 1982 857 2042 de
881 1980 913 2041 L.
941 1980 1049 2042 Crasso
1076 1991 1175 2041 contra
1198 1983 1319 2044 Brutum

321 2065 425 2127 Cicero
443 2065 612 2125 insecundo
628 2066 664 2125 de
680 2065 804 2125 Oratore
825 2065 899 2124 libro
922 2075 951 2125 et
967 2065 1030 2125 aliis
1048 2065 1216 2144 quibusdam
1240 2068 1317 2128 locis

280 2160 425 2213 tanarrat.
456 2150 538 2224 Nam,
560 2168 622 2209 cum
636 2150 740 2209 Brutus
759 2152 787 2209 in
806 2152 991 2209 accusatione
1007 2147 1058 2208 Cn.
1076 2150 1174 2209 Planci
1190 2169 1228 2210 ex
1245 2153 1317 2212 duo·

321 2236 374 2295 bus
395 2234 552 2295 lectoribus
574 2234 763 2309 ostendisset,
790 2235 932 2292 contraria
955 2231 986 2292 L.
1009 2231 1144 2292 Crassum
1164 2244 1317 2312 patronum

322 2321 383 2378 eius
400 2321 427 2376 in
444 2319 584 2391 oratione,
603 2318 734 2394 quamde
751 2316 872 2377 Colonia
886 2316 1067 2376 Narbonensi
1082 2317 1231 2394 habuerat,
1250 2339 1315 2380 sua·

322 2405 396 2460 sisse
416 2404 460 2477 iis,
478 2419 551 2479 quae
569 2400 606 2459 de
622 2402 689 2481 lege
705 2401 828 2460 Servilia
845 2400 972 2460 dixerat:
987 2403 1038 2460 tris
1054 2404 1194 2462 excitavit
1207 2413 1235 2462 et
1250 2407 1316 2482 ipse

323 2486 461 2558 lectores,
478 2484 580 2562 hisque
597 2487 685 2562 patris
702 2487 763 2543 eius
776 2485 909 2561 dialogos
928 2484 1174 2560 deditlegendos;
1194 2504 1315 2563 quorum

323 2588 385 2628 curn
406 2571 434 2626 in
454 2568 611 2626 Privernati
631 2586 719 2643 unus,
741 2568 816 2627 alter
836 2570 863 2627 in
882 2567 1012 2645 Albana,
1033 2571 1135 2628 tertius
1160 2571 1189 2628 in
1205 2570 1316 2630 Tiburti

321 2670 482 2710 sermonem
498 2650 622 2710 habitum
649 2651 910 2729 complecteretur:
935 2652 1117 2731 requirebat,
1142 2653 1190 2712 ubi
1215 2664 1317 2713 essent

321 2755 374 2795 eae
400 2729 626 2813 possessiones?
667 2734 772 2794 Omnes
801 2745 894 2794 autem
916 2736 981 2795 illas
1004 2736 1107 2795 Brutus
1130 2738 1314 2811 vendiderat:

321 2830 349 2878 et
365 2815 422 2878 tuln
437 2828 555 2896 paterna
567 2836 756 2897 emancupare
772 2819 889 2897 praedia
908 2821 1018 2898 turpius
1033 2819 1202 2880 habebatur·
1233 2823 1316 2881 Simi-

322 2905 356 2962 lis
379 2904 407 2961 in
428 2902 562 2980 apologis
583 2919 698 2980 quoque
721 2913 749 2963 et
770 2903 937 2982 quibusdam
955 2906 1067 2963 interim
1085 2907 1169 2963 etiarn
1185 2904 1317 2964 historiis

322 2987 485 3065 exponendi
500 2989 591 3063 gratia
607 2989 745 3065 consequi
761 2987 847 3047 solet.
1207 3062 1208 3067 ἵ

279 3083 312 3145 45
404 3071 462 3131 Sed
478 3073 588 3130 acutior
609 3081 653 3130 est
672 3072 721 3131 illa
737 3081 823 3150 atque
844 3071 977 3130 velocior
995 3073 1024 3131 in
1044 3068 1204 3131 urbanitate
1227 3071 1316 3132 bre·

320 3157 427 3215 vitas.
468 3153 555 3214 Cuius
580 3155 692 3232 quidem
711 3155 819 3233 duplex
839 3155 929 3236 forma
951 3164 996 3216 est
1011 3156 1124 3216 dicendi
1139 3174 1173 3215 ac
1192 3173 1316 3234 respon·

279 3240 420 3314 labendi,
443 3239 495 3298 sed
516 3241 589 3298 ratio
615 3241 769 3298 communis
792 3241 820 3297 in
845 3248 971 3316 partem:
998 3241 1068 3299 nihil
1090 3241 1163 3300 enim
1186 3241 1263 3316 qarob
1286 3241 1317 3300 in

322 3322 494 3382 lacessendo
511 3323 566 3382 dici
577 3331 685 3401 potest,
702 3340 759 3381 non
775 3325 859 3381 etiam
874 3325 902 3380 in
913 3324 1146 3401 repercutiendo.
1175 3323 1213 3381 Ar
1226 3341 1316 3401 quae·

322 3407 385 3466 dam
402 3409 519 3484 propria
539 3417 604 3466 sunt
623 3406 872 3484 respondentium:
899 3406 948 3466 illa
965 3409 1049 3466 etiam
1064 3410 1106 3467 ira
1122 3409 1258 3466 concitati
1272 3408 1316 3467 al·

322 3490 399 3549 ferre
421 3491 531 3564 solent,
554 3490 627 3549 haec
644 3491 812 3569 plerumque
828 3491 856 3549 in
870 3491 1058 3551 altercatione
1073 3500 1121 3550 aut
1135 3493 1163 3550 in
1177 3492 1316 3568 rogandis

322 3573 442 3633 testibus
459 3575 649 3650 requiruntur.
688 3573 757 3635 Cum
771 3576 827 3633 sint
842 3584 935 3633 autem
951 3575 1009 3635 loci
1025 3576 1141 3653 plnres,
1160 3593 1198 3635 ex
1212 3575 1316 3653 quibus

323 3659 397 3717 dieta
409 3656 529 3717 ridicula
547 3659 700 3718 ducantur:
715 3658 903 3736 repetendum
920 3668 964 3718 est
978 3659 1055 3735 mihi,
1071 3676 1129 3718 non
1146 3675 1247 3718 omnes
1263 3674 1316 3718 eos

312 3741 481 3801 aratoribus
499 3744 673 3812 convenire:
695 3743 836 3824 inprimis
852 3752 947 3803 autem
962 3760 1000 3803 ex
1016 3742 1245 3822 amphibolia
1265 3760 1317 3802 ne·
