<?xml version="1.0" encoding="UTF-8"?>
<!DOCTYPE html PUBLIC "-//W3C//DTD XHTML 1.0 Transitional//EN"
    "http://www.w3.org/TR/xhtml1/DTD/xhtml1-transitional.dtd">
<html xmlns="http://www.w3.org/1999/xhtml" xml:lang="en" lang="en">
 <head>
  <title>
</title>
<meta http-equiv="Content-Type" content="text/html;charset=utf-8" />
  <meta name='ocr-system' content='tesseract 3.04.00' />
  <meta name='ocr-capabilities' content='ocr_page ocr_carea ocr_par ocr_line ocrx_word'/>
</head>
<body>
  <div class='ocr_page' id='page_1' title='image "./mfabiiquintilia02quingoog_0206.png"; bbox 0 0 3184 4409; ppageno 0'>
   <div class='ocr_carea' id='block_1_1' title="bbox 353 442 1018 517">
    <p class='ocr_par' dir='ltr' id='par_1_1' title="bbox 353 442 1018 517">
     <span class='ocr_line' id='line_1_1' title="bbox 353 442 1018 517; baseline -0.003 -11"><span class='ocrx_word' id='word_1_1' title='bbox 353 442 411 506; x_wconf 88' lang='lat'>178</span> <span class='ocrx_word' id='word_1_2' title='bbox 658 456 1018 517; x_wconf 65' lang='grc'><strong>111111111111111</strong></span> 
     </span>
    </p>
   </div>
   <div class='ocr_carea' id='block_1_2' title="bbox 257 610 1344 2281">
    <p class='ocr_par' dir='ltr' id='par_1_2' title="bbox 257 610 1344 2281">
     <span class='ocr_line' id='line_1_2' title="bbox 348 610 1344 692; baseline 0.006 -20"><span class='ocrx_word' id='word_1_3' title='bbox 348 612 458 674; x_wconf 81' lang='lat' dir='ltr'>marito</span> <span class='ocrx_word' id='word_1_4' title='bbox 478 612 565 687; x_wconf 83' lang='lat' dir='ltr'>dicit,</span> <span class='ocrx_word' id='word_1_5' title='bbox 588 610 775 690; x_wconf 77' lang='lat' dir='ltr'><em>appellatam</em></span> <span class='ocrx_word' id='word_1_6' title='bbox 795 631 830 674; x_wconf 80' lang='lat' dir='ltr'>se</span> <span class='ocrx_word' id='word_1_7' title='bbox 850 612 890 675; x_wconf 85' lang='lat' dir='ltr'>de</span> <span class='ocrx_word' id='word_1_8' title='bbox 910 621 1016 692; x_wconf 78' lang='lat' dir='ltr'>stupro</span> <span class='ocrx_word' id='word_1_9' title='bbox 1036 630 1057 674; x_wconf 86' lang='lat' dir='ltr'>a</span> <span class='ocrx_word' id='word_1_10' title='bbox 1074 613 1219 692; x_wconf 74' lang='lat' dir='ltr'>privigno</span> <span class='ocrx_word' id='word_1_11' title='bbox 1236 617 1266 676; x_wconf 88' lang='lat' dir='ltr'>et</span> <span class='ocrx_word' id='word_1_12' title='bbox 1283 615 1344 678; x_wconf 81' lang='lat' dir='ltr'>sibi</span> 
     </span>
     <span class='ocr_line' id='line_1_3' title="bbox 350 696 1342 775; baseline 0.004 -18"><span class='ocrx_word' id='word_1_13' title='bbox 350 697 539 758; x_wconf 74' lang='lat' dir='ltr'>consdtotum</span> <span class='ocrx_word' id='word_1_14' title='bbox 560 705 675 774; x_wconf 79' lang='lat' dir='ltr'>tempos</span> <span class='ocrx_word' id='word_1_15' title='bbox 696 703 725 757; x_wconf 87' lang='lat' dir='ltr'>et</span> <span class='ocrx_word' id='word_1_16' title='bbox 745 696 863 769; x_wconf 70' lang='lat' dir='ltr'>locum</span> <span class='ocrx_word' id='word_1_17' title='bbox 883 699 991 759; x_wconf 82' lang='lat' dir='ltr'>eodem</span> <span class='ocrx_word' id='word_1_18' title='bbox 1007 707 1116 759; x_wconf 83' lang='lat' dir='ltr'>contra</span> <span class='ocrx_word' id='word_1_19' title='bbox 1132 697 1216 775; x_wconf 74' lang='lat' dir='ltr'>filius</span> <span class='ocrx_word' id='word_1_20' title='bbox 1234 699 1342 761; x_wconf 81' lang='lat' dir='ltr'>detulit</span> 
     </span>
     <span class='ocr_line' id='line_1_4' title="bbox 350 781 1341 860; baseline 0.004 -20"><span class='ocrx_word' id='word_1_21' title='bbox 350 781 389 840; x_wconf 87' lang='lat' dir='ltr'>de</span> <span class='ocrx_word' id='word_1_22' title='bbox 408 799 558 855; x_wconf 82' lang='lat' dir='ltr'>nouerca,</span> <span class='ocrx_word' id='word_1_23' title='bbox 580 782 659 842; x_wconf 81' lang='lat' dir='ltr'>edito</span> <span class='ocrx_word' id='word_1_24' title='bbox 675 787 791 841; x_wconf 80' lang='lat' dir='ltr'>tactum</span> <span class='ocrx_word' id='word_1_25' title='bbox 806 781 867 842; x_wconf 82' lang='lat' dir='ltr'>atio</span> <span class='ocrx_word' id='word_1_26' title='bbox 880 781 1012 859; x_wconf 78' lang='lat' dir='ltr'>tempore</span> <span class='ocrx_word' id='word_1_27' title='bbox 1029 798 1070 843; x_wconf 82' lang='lat' dir='ltr'>oc</span> <span class='ocrx_word' id='word_1_28' title='bbox 1090 783 1173 854; x_wconf 86' lang='lat' dir='ltr'>loco,·</span> <span class='ocrx_word' id='word_1_29' title='bbox 1194 791 1289 860; x_wconf 84' lang='lat' dir='ltr'>poter</span> <span class='ocrx_word' id='word_1_30' title='bbox 1309 783 1341 844; x_wconf 79' lang='lat' dir='ltr'>in</span> 
     </span>
     <span class='ocr_line' id='line_1_5' title="bbox 349 864 1340 943; baseline 0.003 -18"><span class='ocrx_word' id='word_1_31' title='bbox 349 883 402 939; x_wconf 87' lang='lat' dir='ltr'>eo,</span> <span class='ocrx_word' id='word_1_32' title='bbox 429 881 517 942; x_wconf 83' lang='lat' dir='ltr'>quem</span> <span class='ocrx_word' id='word_1_33' title='bbox 537 883 620 925; x_wconf 77' lang='lat' dir='ltr'>ocor</span> <span class='ocrx_word' id='word_1_34' title='bbox 636 864 860 942; x_wconf 75' lang='lat' dir='ltr'><strong><em>praedixerat,</em></strong></span> <span class='ocrx_word' id='word_1_35' title='bbox 885 864 981 942; x_wconf 76' lang='lat' dir='ltr'>fitium</span> <span class='ocrx_word' id='word_1_36' title='bbox 1001 867 1130 941; x_wconf 81' lang='lat' dir='ltr'>incenit,</span> <span class='ocrx_word' id='word_1_37' title='bbox 1157 873 1220 926; x_wconf 83' lang='lat' dir='ltr'>tum</span> <span class='ocrx_word' id='word_1_38' title='bbox 1239 866 1271 926; x_wconf 79' lang='lat' dir='ltr'>io</span> <span class='ocrx_word' id='word_1_39' title='bbox 1292 884 1340 943; x_wconf 83' lang='lat' dir='ltr'>eo,</span> 
     </span>
     <span class='ocr_line' id='line_1_6' title="bbox 349 948 1340 1026; baseline 0.002 -18"><span class='ocrx_word' id='word_1_40' title='bbox 349 963 436 1024; x_wconf 81' lang='lat' dir='ltr'>quem</span> <span class='ocrx_word' id='word_1_41' title='bbox 454 948 543 1024; x_wconf 79' lang='lat' dir='ltr'>filios,</span> <span class='ocrx_word' id='word_1_42' title='bbox 564 966 712 1018; x_wconf 69' lang='lat' dir='ltr'>acorem</span> <span class='ocrx_word' id='word_1_43' title='bbox 726 949 811 1009; x_wconf 79' lang='lat' dir='ltr'>illam</span> <span class='ocrx_word' id='word_1_44' title='bbox 825 950 1010 1024; x_wconf 78' lang='lat' dir='ltr'>repediavit,</span> <span class='ocrx_word' id='word_1_45' title='bbox 1033 966 1095 1026; x_wconf 83' lang='lat' dir='ltr'>qno</span> <span class='ocrx_word' id='word_1_46' title='bbox 1109 957 1226 1010; x_wconf 80' lang='lat' dir='ltr'>tacente</span> <span class='ocrx_word' id='word_1_47' title='bbox 1244 949 1340 1026; x_wconf 73' lang='lat' dir='ltr'>fitium</span> 
     </span>
     <span class='ocr_line' id='line_1_7' title="bbox 257 1031 1338 1115; baseline 0.001 -24"><span class='ocrx_word' id='word_1_48' title='bbox 257 1108 260 1115; x_wconf 9' lang='grc' dir='ltr'>ὁ</span> <span class='ocrx_word' id='word_1_49' title='bbox 348 1032 482 1096; x_wconf 84' lang='lat' dir='ltr'>abdicat.</span> <span class='ocrx_word' id='word_1_50' title='bbox 510 1031 587 1091; x_wconf 91' lang='lat' dir='ltr'>Nihil</span> <span class='ocrx_word' id='word_1_51' title='bbox 602 1031 657 1092; x_wconf 87' lang='lat' dir='ltr'>dici</span> <span class='ocrx_word' id='word_1_52' title='bbox 672 1039 769 1109; x_wconf 91' lang='lat' dir='ltr'>potest</span> <span class='ocrx_word' id='word_1_53' title='bbox 783 1049 837 1110; x_wconf 94' lang='lat' dir='ltr'>pro</span> <span class='ocrx_word' id='word_1_54' title='bbox 852 1034 966 1106; x_wconf 90' lang='lat' dir='ltr'>iuvene,</span> <span class='ocrx_word' id='word_1_55' title='bbox 984 1031 1058 1109; x_wconf 87' lang='lat' dir='ltr'>quod</span> <span class='ocrx_word' id='word_1_56' title='bbox 1075 1049 1131 1090; x_wconf 94' lang='lat' dir='ltr'>non</span> <span class='ocrx_word' id='word_1_57' title='bbox 1141 1033 1216 1092; x_wconf 90' lang='lat' dir='ltr'>idem</span> <span class='ocrx_word' id='word_1_58' title='bbox 1232 1034 1269 1091; x_wconf 89' lang='lat' dir='ltr'>sit</span> <span class='ocrx_word' id='word_1_59' title='bbox 1284 1050 1338 1110; x_wconf 91' lang='lat' dir='ltr'>pro</span> 
     </span>
     <span class='ocr_line' id='line_1_8' title="bbox 310 1114 1338 1193; baseline -0.001 -17"><span class='ocrx_word' id='word_1_60' title='bbox 310 1121 485 1177; x_wconf 84' lang='lat' dir='ltr'>99noverca.</span> <span class='ocrx_word' id='word_1_61' title='bbox 520 1114 663 1175; x_wconf 90' lang='lat' dir='ltr'>Ponentur</span> <span class='ocrx_word' id='word_1_62' title='bbox 683 1124 776 1174; x_wconf 83' lang='lat' dir='ltr'>temen</span> <span class='ocrx_word' id='word_1_63' title='bbox 796 1117 880 1174; x_wconf 86' lang='lat' dir='ltr'>etiam</span> <span class='ocrx_word' id='word_1_64' title='bbox 900 1117 1071 1182; x_wconf 63' lang='lat' dir='ltr'>communiess</span> <span class='ocrx_word' id='word_1_65' title='bbox 1095 1115 1197 1175; x_wconf 90' lang='lat' dir='ltr'>deinde</span> <span class='ocrx_word' id='word_1_66' title='bbox 1215 1133 1253 1175; x_wconf 85' lang='lat' dir='ltr'>ex</span> <span class='ocrx_word' id='word_1_67' title='bbox 1271 1133 1338 1193; x_wconf 89' lang='lat' dir='ltr'>per·</span> 
     </span>
     <span class='ocr_line' id='line_1_9' title="bbox 349 1199 1338 1277; baseline 0.003 -20"><span class='ocrx_word' id='word_1_68' title='bbox 349 1216 482 1258; x_wconf 84' lang='lat' dir='ltr'>sonarum</span> <span class='ocrx_word' id='word_1_69' title='bbox 503 1200 879 1277; x_wconf 59' lang='lat' dir='ltr'>comparationem-indicii</span> <span class='ocrx_word' id='word_1_70' title='bbox 899 1199 999 1259; x_wconf 85' lang='lat' dir='ltr'>ordine</span> <span class='ocrx_word' id='word_1_71' title='bbox 1022 1207 1051 1258; x_wconf 90' lang='lat' dir='ltr'>et</span> <span class='ocrx_word' id='word_1_72' title='bbox 1073 1199 1188 1259; x_wconf 91' lang='lat' dir='ltr'>silentio</span> <span class='ocrx_word' id='word_1_73' title='bbox 1204 1200 1338 1277; x_wconf 83' lang='lat' dir='ltr'>repudie-</span> 
     </span>
     <span class='ocr_line' id='line_1_10' title="bbox 292 1282 1339 1361; baseline 0 -19"><span class='ocrx_word' id='word_1_74' title='bbox 292 1290 395 1343; x_wconf 87' lang='lat' dir='ltr'>lootae</span> <span class='ocrx_word' id='word_1_75' title='bbox 409 1291 574 1358; x_wconf 87' lang='lat' dir='ltr'>argumenta</span> <span class='ocrx_word' id='word_1_76' title='bbox 589 1283 735 1342; x_wconf 81' lang='lat' dir='ltr'><strong>ducentur.</strong></span> <span class='ocrx_word' id='word_1_77' title='bbox 771 1283 815 1341; x_wconf 90' lang='lat' dir='ltr'>Ne</span> <span class='ocrx_word' id='word_1_78' title='bbox 838 1282 908 1343; x_wconf 90' lang='lat' dir='ltr'>illud</span> <span class='ocrx_word' id='word_1_79' title='bbox 931 1283 1044 1361; x_wconf 87' lang='lat' dir='ltr'>quidem</span> <span class='ocrx_word' id='word_1_80' title='bbox 1057 1284 1192 1359; x_wconf 88' lang='lat' dir='ltr'>ignorare</span> <span class='ocrx_word' id='word_1_81' title='bbox 1209 1292 1339 1361; x_wconf 79' lang='lat' dir='ltr'><strong>oportet,</strong></span> 
     </span>
     <span class='ocr_line' id='line_1_11' title="bbox 348 1365 1339 1444; baseline 0.001 -19"><span class='ocrx_word' id='word_1_82' title='bbox 348 1366 485 1443; x_wconf 84' lang='lat' dir='ltr'><strong>quaedam</strong></span> <span class='ocrx_word' id='word_1_83' title='bbox 502 1385 585 1442; x_wconf 87' lang='lat' dir='ltr'>esse,</span> <span class='ocrx_word' id='word_1_84' title='bbox 607 1383 680 1443; x_wconf 90' lang='lat' dir='ltr'>quae</span> <span class='ocrx_word' id='word_1_85' title='bbox 701 1365 829 1424; x_wconf 91' lang='lat' dir='ltr'>colorem</span> <span class='ocrx_word' id='word_1_86' title='bbox 854 1383 911 1425; x_wconf 93' lang='lat' dir='ltr'>non</span> <span class='ocrx_word' id='word_1_87' title='bbox 934 1368 1073 1444; x_wconf 82' lang='lat' dir='ltr'>recipiant</span> <span class='ocrx_word' id='word_1_88' title='bbox 1092 1367 1145 1426; x_wconf 91' lang='lat' dir='ltr'>sed</span> <span class='ocrx_word' id='word_1_89' title='bbox 1163 1375 1268 1426; x_wconf 86' lang='lat' dir='ltr'>tantum</span> <span class='ocrx_word' id='word_1_90' title='bbox 1289 1367 1339 1426; x_wconf 91' lang='lat' dir='ltr'>de·</span> 
     </span>
     <span class='ocr_line' id='line_1_12' title="bbox 347 1449 1341 1528; baseline 0.003 -19"><span class='ocrx_word' id='word_1_91' title='bbox 347 1450 488 1510; x_wconf 81' lang='lat' dir='ltr'>tendenda</span> <span class='ocrx_word' id='word_1_92' title='bbox 508 1452 579 1524; x_wconf 87' lang='lat' dir='ltr'>sint,</span> <span class='ocrx_word' id='word_1_93' title='bbox 605 1450 695 1526; x_wconf 88' lang='lat' dir='ltr'>qualis</span> <span class='ocrx_word' id='word_1_94' title='bbox 714 1459 758 1508; x_wconf 89' lang='lat' dir='ltr'>est</span> <span class='ocrx_word' id='word_1_95' title='bbox 773 1449 823 1510; x_wconf 89' lang='lat' dir='ltr'>ille</span> <span class='ocrx_word' id='word_1_96' title='bbox 845 1451 947 1526; x_wconf 79' lang='lat' dir='ltr'>dices,</span> <span class='ocrx_word' id='word_1_97' title='bbox 975 1451 1026 1527; x_wconf 79' lang='lat' dir='ltr'>qai</span> <span class='ocrx_word' id='word_1_98' title='bbox 1044 1459 1176 1512; x_wconf 76' lang='lat' dir='ltr'>statuam</span> <span class='ocrx_word' id='word_1_99' title='bbox 1189 1454 1341 1528; x_wconf 81' lang='lat' dir='ltr'>pauperie</span> 
     </span>
     <span class='ocr_line' id='line_1_13' title="bbox 346 1530 1340 1612; baseline 0 -19"><span class='ocrx_word' id='word_1_100' title='bbox 346 1535 461 1594; x_wconf 79' lang='lat' dir='ltr'>inimici</span> <span class='ocrx_word' id='word_1_101' title='bbox 474 1530 604 1612; x_wconf 71' lang='lat' dir='ltr'>flagellis</span> <span class='ocrx_word' id='word_1_102' title='bbox 619 1534 731 1594; x_wconf 78' lang='lat' dir='ltr'>occidit</span> <span class='ocrx_word' id='word_1_103' title='bbox 750 1543 779 1592; x_wconf 87' lang='lat' dir='ltr'>et</span> <span class='ocrx_word' id='word_1_104' title='bbox 798 1552 866 1592; x_wconf 88' lang='lat' dir='ltr'>rens</span> <span class='ocrx_word' id='word_1_105' title='bbox 887 1543 932 1593; x_wconf 90' lang='lat' dir='ltr'>est</span> <span class='ocrx_word' id='word_1_106' title='bbox 951 1535 1128 1602; x_wconf 71' lang='lat' dir='ltr'>iniuriarum</span> <span class='ocrx_word' id='word_1_107' title='bbox 1151 1551 1214 1593; x_wconf 83' lang='lat' dir='ltr'>nam</span> <span class='ocrx_word' id='word_1_108' title='bbox 1233 1533 1340 1593; x_wconf 86' lang='lat' dir='ltr'>lactum</span> 
     </span>
     <span class='ocr_line' id='line_1_14' title="bbox 348 1616 1339 1695; baseline 0 -19"><span class='ocrx_word' id='word_1_109' title='bbox 348 1619 410 1676; x_wconf 88' lang='lat' dir='ltr'>eins</span> <span class='ocrx_word' id='word_1_110' title='bbox 432 1617 589 1675; x_wconf 89' lang='lat' dir='ltr'>modestum</span> <span class='ocrx_word' id='word_1_111' title='bbox 617 1635 683 1676; x_wconf 86' lang='lat' dir='ltr'>esse</span> <span class='ocrx_word' id='word_1_112' title='bbox 705 1633 787 1676; x_wconf 90' lang='lat' dir='ltr'>nemo</span> <span class='ocrx_word' id='word_1_113' title='bbox 811 1616 931 1692; x_wconf 79' lang='lat' dir='ltr'>dixerit,</span> <span class='ocrx_word' id='word_1_114' title='bbox 957 1617 1098 1695; x_wconf 79' lang='lat' dir='ltr'>tortasse,</span> <span class='ocrx_word' id='word_1_115' title='bbox 1129 1619 1214 1677; x_wconf 85' lang='lat' dir='ltr'>nteit</span> <span class='ocrx_word' id='word_1_116' title='bbox 1238 1625 1339 1689; x_wconf 84' lang='lat' dir='ltr'>tutum,</span> 
     </span>
     <span class='ocr_line' id='line_1_15' title="bbox 349 1700 497 1760; baseline -0.014 -1"><span class='ocrx_word' id='word_1_117' title='bbox 349 1700 497 1760; x_wconf 79' lang='lat' dir='ltr'>obtinebit.</span> 
     </span>
     <span class='ocr_line' id='line_1_16' title="bbox 290 1783 1339 1863; baseline 0.002 -22"><span class='ocrx_word' id='word_1_118' title='bbox 290 1804 339 1855; x_wconf 88' lang='lat'>101</span> <span class='ocrx_word' id='word_1_119' title='bbox 364 1820 367 1825; x_wconf 85' lang='lat'><em>·</em></span> <span class='ocrx_word' id='word_1_120' title='bbox 431 1783 540 1855; x_wconf 84' lang='lat' dir='ltr'>Quodsi</span> <span class='ocrx_word' id='word_1_121' title='bbox 563 1802 647 1862; x_wconf 89' lang='lat' dir='ltr'>pars</span> <span class='ocrx_word' id='word_1_122' title='bbox 671 1784 860 1861; x_wconf 81' lang='lat' dir='ltr'>expositionis</span> <span class='ocrx_word' id='word_1_123' title='bbox 880 1784 1083 1861; x_wconf 87' lang='lat' dir='ltr'>pronubis,</span> <span class='ocrx_word' id='word_1_124' title='bbox 1104 1802 1186 1863; x_wconf 86' lang='lat' dir='ltr'>pars</span> <span class='ocrx_word' id='word_1_125' title='bbox 1207 1794 1339 1852; x_wconf 81' lang='lat' dir='ltr'>contra</span> 
     </span>
     <span class='ocr_line' id='line_1_17' title="bbox 328 1867 1339 1946; baseline 0.002 -21"><span class='ocrx_word' id='word_1_126' title='bbox 328 1885 417 1936; x_wconf 20' lang='lat' dir='ltr'>,nos</span> <span class='ocrx_word' id='word_1_127' title='bbox 434 1869 502 1926; x_wconf 89' lang='lat' dir='ltr'>erit:</span> <span class='ocrx_word' id='word_1_128' title='bbox 518 1867 662 1927; x_wconf 88' lang='lat' dir='ltr'>miscenda</span> <span class='ocrx_word' id='word_1_129' title='bbox 679 1869 766 1927; x_wconf 91' lang='lat' dir='ltr'>sitan</span> <span class='ocrx_word' id='word_1_130' title='bbox 784 1868 942 1946; x_wconf 87' lang='lat' dir='ltr'>separanda</span> <span class='ocrx_word' id='word_1_131' title='bbox 957 1871 1093 1942; x_wconf 84' lang='lat' dir='ltr'>narratio,</span> <span class='ocrx_word' id='word_1_132' title='bbox 1110 1869 1252 1945; x_wconf 80' lang='lat' dir='ltr'>cumipse</span> <span class='ocrx_word' id='word_1_133' title='bbox 1269 1885 1339 1927; x_wconf 91' lang='lat' dir='ltr'>oon·</span> 
     </span>
     <span class='ocr_line' id='line_1_18' title="bbox 347 1951 1339 2029; baseline -0.002 -16"><span class='ocrx_word' id='word_1_134' title='bbox 347 1953 460 2013; x_wconf 89' lang='lat' dir='ltr'>dicione</span> <span class='ocrx_word' id='word_1_135' title='bbox 475 1969 578 2011; x_wconf 87' lang='lat' dir='ltr'>causae</span> <span class='ocrx_word' id='word_1_136' title='bbox 599 1952 812 2011; x_wconf 88' lang='lat' dir='ltr'>deliberandum</span> <span class='ocrx_word' id='word_1_137' title='bbox 832 1960 886 2010; x_wconf 89' lang='lat' dir='ltr'>est.</span> <span class='ocrx_word' id='word_1_138' title='bbox 917 1951 989 2010; x_wconf 88' lang='lat' dir='ltr'>Nam</span> <span class='ocrx_word' id='word_1_139' title='bbox 1010 1953 1034 2011; x_wconf 89' lang='lat' dir='ltr'>si</span> <span class='ocrx_word' id='word_1_140' title='bbox 1057 1952 1139 2029; x_wconf 91' lang='lat' dir='ltr'>plura</span> <span class='ocrx_word' id='word_1_141' title='bbox 1159 1960 1239 2026; x_wconf 88' lang='lat' dir='ltr'>sunt,</span> <span class='ocrx_word' id='word_1_142' title='bbox 1263 1969 1339 2029; x_wconf 87' lang='lat' dir='ltr'>quae</span> 
     </span>
     <span class='ocr_line' id='line_1_19' title="bbox 346 2034 1338 2114; baseline 0.001 -20"><span class='ocrx_word' id='word_1_143' title='bbox 346 2045 468 2094; x_wconf 85' lang='lat' dir='ltr'>nocent:</span> <span class='ocrx_word' id='word_1_144' title='bbox 486 2053 558 2113; x_wconf 85' lang='lat' dir='ltr'>qnae</span> <span class='ocrx_word' id='word_1_145' title='bbox 576 2045 712 2114; x_wconf 84' lang='lat' dir='ltr'>prosunt,</span> <span class='ocrx_word' id='word_1_146' title='bbox 729 2035 894 2097; x_wconf 89' lang='lat' dir='ltr'>obruuntur.</span> <span class='ocrx_word' id='word_1_147' title='bbox 924 2035 1022 2112; x_wconf 82' lang='lat' dir='ltr'>ltaque</span> <span class='ocrx_word' id='word_1_148' title='bbox 1037 2043 1104 2095; x_wconf 90' lang='lat' dir='ltr'>tunc</span> <span class='ocrx_word' id='word_1_149' title='bbox 1120 2034 1248 2095; x_wconf 88' lang='lat' dir='ltr'>dividere</span> <span class='ocrx_word' id='word_1_150' title='bbox 1264 2038 1338 2113; x_wconf 90' lang='lat' dir='ltr'>opti·</span> 
     </span>
     <span class='ocr_line' id='line_1_20' title="bbox 345 2119 1339 2198; baseline 0 -20"><span class='ocrx_word' id='word_1_151' title='bbox 345 2137 420 2178; x_wconf 91' lang='lat' dir='ltr'>mum</span> <span class='ocrx_word' id='word_1_152' title='bbox 437 2121 509 2194; x_wconf 88' lang='lat' dir='ltr'>erit,</span> <span class='ocrx_word' id='word_1_153' title='bbox 526 2119 630 2195; x_wconf 88' lang='lat' dir='ltr'>ethis,</span> <span class='ocrx_word' id='word_1_154' title='bbox 647 2137 720 2198; x_wconf 87' lang='lat' dir='ltr'>quae</span> <span class='ocrx_word' id='word_1_155' title='bbox 735 2129 844 2198; x_wconf 85' lang='lat' dir='ltr'>partem</span> <span class='ocrx_word' id='word_1_156' title='bbox 858 2126 983 2178; x_wconf 89' lang='lat' dir='ltr'>nostram</span> <span class='ocrx_word' id='word_1_157' title='bbox 998 2119 1179 2194; x_wconf 85' lang='lat' dir='ltr'>adiuvabunt,</span> <span class='ocrx_word' id='word_1_158' title='bbox 1196 2121 1339 2197; x_wconf 87' lang='lat' dir='ltr'>expositis</span> 
     </span>
     <span class='ocr_line' id='line_1_21' title="bbox 348 2202 1338 2281; baseline 0.003 -20"><span class='ocrx_word' id='word_1_159' title='bbox 348 2212 376 2262; x_wconf 88' lang='lat' dir='ltr'>et</span> <span class='ocrx_word' id='word_1_160' title='bbox 393 2204 574 2277; x_wconf 85' lang='lat' dir='ltr'>confirmatis,</span> <span class='ocrx_word' id='word_1_161' title='bbox 592 2204 729 2263; x_wconf 88' lang='lat' dir='ltr'>adversus</span> <span class='ocrx_word' id='word_1_162' title='bbox 745 2203 856 2281; x_wconf 86' lang='lat' dir='ltr'>reliqua</span> <span class='ocrx_word' id='word_1_163' title='bbox 867 2205 907 2261; x_wconf 89' lang='lat' dir='ltr'>uti</span> <span class='ocrx_word' id='word_1_164' title='bbox 921 2203 1066 2277; x_wconf 79' lang='lat' dir='ltr'>remediis,</span> <span class='ocrx_word' id='word_1_165' title='bbox 1080 2202 1116 2262; x_wconf 92' lang='lat' dir='ltr'>de</span> <span class='ocrx_word' id='word_1_166' title='bbox 1134 2203 1235 2281; x_wconf 86' lang='lat' dir='ltr'>quibus</span> <span class='ocrx_word' id='word_1_167' title='bbox 1250 2220 1338 2281; x_wconf 87' lang='lat' dir='ltr'>supra</span> 
     </span>
    </p>
   </div>
   <div class='ocr_carea' id='block_1_3' title="bbox 289 2286 1339 2614">
    <p class='ocr_par' dir='ltr' id='par_1_3' title="bbox 289 2286 1339 2614">
     <span class='ocr_line' id='line_1_22' title="bbox 289 2286 1337 2365; baseline -0.003 -18"><span class='ocrx_word' id='word_1_168' title='bbox 289 2301 339 2354; x_wconf 74' lang='lat'>102</span> <span class='ocrx_word' id='word_1_169' title='bbox 346 2287 450 2347; x_wconf 90' lang='lat' dir='ltr'>dictum</span> <span class='ocrx_word' id='word_1_170' title='bbox 465 2296 517 2346; x_wconf 91' lang='lat' dir='ltr'>est.</span> <span class='ocrx_word' id='word_1_171' title='bbox 547 2286 577 2346; x_wconf 89' lang='lat' dir='ltr'>Si</span> <span class='ocrx_word' id='word_1_172' title='bbox 597 2288 679 2365; x_wconf 91' lang='lat' dir='ltr'>plura</span> <span class='ocrx_word' id='word_1_173' title='bbox 694 2288 865 2364; x_wconf 89' lang='lat' dir='ltr'>proderunt:</span> <span class='ocrx_word' id='word_1_174' title='bbox 880 2288 963 2345; x_wconf 87' lang='lat' dir='ltr'>etiam</span> <span class='ocrx_word' id='word_1_175' title='bbox 977 2288 1154 2362; x_wconf 87' lang='lat' dir='ltr'>coniungere</span> <span class='ocrx_word' id='word_1_176' title='bbox 1169 2286 1278 2360; x_wconf 83' lang='lat' dir='ltr'>licebit,</span> <span class='ocrx_word' id='word_1_177' title='bbox 1294 2295 1337 2360; x_wconf 89' lang='lat' dir='ltr'>nt,</span> 
     </span>
     <span class='ocr_line' id='line_1_23' title="bbox 349 2370 1338 2448; baseline 0 -20"><span class='ocrx_word' id='word_1_178' title='bbox 349 2388 422 2448; x_wconf 87' lang='lat' dir='ltr'>quae</span> <span class='ocrx_word' id='word_1_179' title='bbox 444 2371 572 2444; x_wconf 88' lang='lat' dir='ltr'>obstant,</span> <span class='ocrx_word' id='word_1_180' title='bbox 597 2373 626 2430; x_wconf 92' lang='lat' dir='ltr'>in</span> <span class='ocrx_word' id='word_1_181' title='bbox 641 2371 742 2430; x_wconf 89' lang='lat' dir='ltr'>mediis</span> <span class='ocrx_word' id='word_1_182' title='bbox 764 2371 843 2430; x_wconf 88' lang='lat' dir='ltr'>velut</span> <span class='ocrx_word' id='word_1_183' title='bbox 867 2370 980 2430; x_wconf 85' lang='lat' dir='ltr'>auxiliis</span> <span class='ocrx_word' id='word_1_184' title='bbox 1000 2373 1106 2429; x_wconf 89' lang='lat' dir='ltr'>nostris</span> <span class='ocrx_word' id='word_1_185' title='bbox 1129 2372 1223 2447; x_wconf 84' lang='lat' dir='ltr'>posita</span> <span class='ocrx_word' id='word_1_186' title='bbox 1245 2371 1338 2428; x_wconf 89' lang='lat' dir='ltr'>minus</span> 
     </span>
     <span class='ocr_line' id='line_1_24' title="bbox 347 2452 1338 2531; baseline 0 -19"><span class='ocrx_word' id='word_1_187' title='bbox 347 2452 470 2513; x_wconf 83' lang='lat' dir='ltr'>habeant</span> <span class='ocrx_word' id='word_1_188' title='bbox 488 2456 597 2514; x_wconf 90' lang='lat' dir='ltr'>virium.</span> <span class='ocrx_word' id='word_1_189' title='bbox 635 2454 716 2526; x_wconf 84' lang='lat' dir='ltr'>Quae</span> <span class='ocrx_word' id='word_1_190' title='bbox 737 2464 907 2514; x_wconf 89' lang='lat' dir='ltr'>tamennon</span> <span class='ocrx_word' id='word_1_191' title='bbox 928 2463 1010 2513; x_wconf 89' lang='lat' dir='ltr'>erunt</span> <span class='ocrx_word' id='word_1_192' title='bbox 1023 2453 1097 2513; x_wconf 85' lang='lat' dir='ltr'>nuda</span> <span class='ocrx_word' id='word_1_193' title='bbox 1115 2454 1262 2531; x_wconf 91' lang='lat' dir='ltr'>ponenda,</span> <span class='ocrx_word' id='word_1_194' title='bbox 1284 2453 1338 2512; x_wconf 90' lang='lat' dir='ltr'>sed</span> 
     </span>
     <span class='ocr_line' id='line_1_25' title="bbox 347 2536 1339 2614; baseline 0 -18"><span class='ocrx_word' id='word_1_195' title='bbox 347 2546 377 2596; x_wconf 91' lang='lat' dir='ltr'>ut</span> <span class='ocrx_word' id='word_1_196' title='bbox 393 2546 421 2595; x_wconf 90' lang='lat' dir='ltr'>et</span> <span class='ocrx_word' id='word_1_197' title='bbox 435 2545 532 2596; x_wconf 83' lang='lat' dir='ltr'>nostra</span> <span class='ocrx_word' id='word_1_198' title='bbox 547 2537 640 2614; x_wconf 88' lang='lat' dir='ltr'>aliqua</span> <span class='ocrx_word' id='word_1_199' title='bbox 655 2539 897 2614; x_wconf 81' lang='lat' dir='ltr'>argumentatione</span> <span class='ocrx_word' id='word_1_200' title='bbox 917 2536 1075 2612; x_wconf 85' lang='lat' dir='ltr'>firmemus,</span> <span class='ocrx_word' id='word_1_201' title='bbox 1099 2547 1127 2596; x_wconf 92' lang='lat' dir='ltr'>et</span> <span class='ocrx_word' id='word_1_202' title='bbox 1149 2537 1262 2596; x_wconf 88' lang='lat' dir='ltr'>diversa</span> <span class='ocrx_word' id='word_1_203' title='bbox 1287 2555 1339 2596; x_wconf 94' lang='lat' dir='ltr'>our</span> 
     </span>
    </p>
   </div>
   <div class='ocr_carea' id='block_1_4' title="bbox 289 2620 1342 3788">
    <p class='ocr_par' dir='ltr' id='par_1_4' title="bbox 348 2620 1338 2782">
     <span class='ocr_line' id='line_1_26' title="bbox 349 2620 1338 2699; baseline 0 -20"><span class='ocrx_word' id='word_1_204' title='bbox 349 2620 497 2679; x_wconf 84' lang='lat' dir='ltr'>credibilia</span> <span class='ocrx_word' id='word_1_205' title='bbox 512 2637 568 2678; x_wconf 92' lang='lat' dir='ltr'>non</span> <span class='ocrx_word' id='word_1_206' title='bbox 586 2623 658 2696; x_wconf 92' lang='lat' dir='ltr'>sint,</span> <span class='ocrx_word' id='word_1_207' title='bbox 674 2622 851 2688; x_wconf 86' lang='lat' dir='ltr'>adiiciamus;</span> <span class='ocrx_word' id='word_1_208' title='bbox 873 2623 953 2699; x_wconf 89' lang='lat' dir='ltr'>quia,</span> <span class='ocrx_word' id='word_1_209' title='bbox 976 2623 1030 2680; x_wconf 89' lang='lat' dir='ltr'>uisi</span> <span class='ocrx_word' id='word_1_210' title='bbox 1044 2621 1271 2696; x_wconf 82' lang='lat' dir='ltr'>distinxerimus,</span> <span class='ocrx_word' id='word_1_211' title='bbox 1287 2639 1338 2679; x_wconf 88' lang='lat' dir='ltr'>ve·</span> 
     </span>
     <span class='ocr_line' id='line_1_27' title="bbox 348 2703 1253 2782; baseline 0 -20"><span class='ocrx_word' id='word_1_212' title='bbox 348 2703 465 2763; x_wconf 90' lang='lat' dir='ltr'>rendum</span> <span class='ocrx_word' id='word_1_213' title='bbox 481 2713 535 2778; x_wconf 90' lang='lat' dir='ltr'>est,</span> <span class='ocrx_word' id='word_1_214' title='bbox 551 2721 587 2762; x_wconf 90' lang='lat' dir='ltr'>ne</span> <span class='ocrx_word' id='word_1_215' title='bbox 602 2704 676 2763; x_wconf 88' lang='lat' dir='ltr'>bona</span> <span class='ocrx_word' id='word_1_216' title='bbox 691 2713 788 2763; x_wconf 92' lang='lat' dir='ltr'>nostra</span> <span class='ocrx_word' id='word_1_217' title='bbox 805 2707 952 2782; x_wconf 90' lang='lat' dir='ltr'>permixtis</span> <span class='ocrx_word' id='word_1_218' title='bbox 968 2705 1049 2764; x_wconf 89' lang='lat' dir='ltr'>malis</span> <span class='ocrx_word' id='word_1_219' title='bbox 1063 2706 1253 2782; x_wconf 89' lang='lat' dir='ltr'>inquinentur.</span> 
     </span>
    </p>

    <p class='ocr_par' dir='ltr' id='par_1_5' title="bbox 291 2786 1341 3202">
     <span class='ocr_line' id='line_1_28' title="bbox 291 2786 1340 2866; baseline 0.003 -20"><span class='ocrx_word' id='word_1_220' title='bbox 291 2800 342 2855; x_wconf 85' lang='lat'>103</span> <span class='ocrx_word' id='word_1_221' title='bbox 430 2786 483 2847; x_wconf 87' lang='lat' dir='ltr'>lllu</span> <span class='ocrx_word' id='word_1_222' title='bbox 504 2805 618 2865; x_wconf 87' lang='lat' dir='ltr'>quoque</span> <span class='ocrx_word' id='word_1_223' title='bbox 639 2788 674 2846; x_wconf 91' lang='lat' dir='ltr'>de</span> <span class='ocrx_word' id='word_1_224' title='bbox 696 2790 857 2848; x_wconf 88' lang='lat' dir='ltr'>narratione</span> <span class='ocrx_word' id='word_1_225' title='bbox 879 2790 1008 2866; x_wconf 88' lang='lat' dir='ltr'>praecipi</span> <span class='ocrx_word' id='word_1_226' title='bbox 1031 2789 1141 2863; x_wconf 91' lang='lat' dir='ltr'>solent,</span> <span class='ocrx_word' id='word_1_227' title='bbox 1169 2805 1278 2865; x_wconf 89' lang='lat' dir='ltr'>nequa</span> <span class='ocrx_word' id='word_1_228' title='bbox 1301 2807 1340 2849; x_wconf 89' lang='lat' dir='ltr'>ex</span> 
     </span>
     <span class='ocr_line' id='line_1_29' title="bbox 348 2871 1338 2949; baseline 0 -19"><span class='ocrx_word' id='word_1_229' title='bbox 348 2889 382 2930; x_wconf 87' lang='lat' dir='ltr'>ea</span> <span class='ocrx_word' id='word_1_230' title='bbox 398 2871 445 2930; x_wconf 88' lang='lat' dir='ltr'>liat</span> <span class='ocrx_word' id='word_1_231' title='bbox 461 2873 604 2946; x_wconf 87' lang='lat' dir='ltr'>excursio,</span> <span class='ocrx_word' id='word_1_232' title='bbox 621 2889 657 2930; x_wconf 89' lang='lat' dir='ltr'>ne</span> <span class='ocrx_word' id='word_1_233' title='bbox 675 2880 847 2933; x_wconf 86' lang='lat' dir='ltr'>avertatura</span> <span class='ocrx_word' id='word_1_234' title='bbox 863 2872 958 2931; x_wconf 90' lang='lat' dir='ltr'>iudice</span> <span class='ocrx_word' id='word_1_235' title='bbox 974 2890 1081 2947; x_wconf 90' lang='lat' dir='ltr'>sermo,</span> <span class='ocrx_word' id='word_1_236' title='bbox 1096 2889 1132 2931; x_wconf 91' lang='lat' dir='ltr'>ne</span> <span class='ocrx_word' id='word_1_237' title='bbox 1147 2873 1257 2932; x_wconf 84' lang='lat' dir='ltr'>alienae</span> <span class='ocrx_word' id='word_1_238' title='bbox 1269 2890 1338 2949; x_wconf 91' lang='lat' dir='ltr'>per-</span> 
     </span>
     <span class='ocr_line' id='line_1_30' title="bbox 346 2954 1341 3033; baseline 0.002 -19"><span class='ocrx_word' id='word_1_239' title='bbox 346 2972 436 3014; x_wconf 86' lang='lat' dir='ltr'>sonae</span> <span class='ocrx_word' id='word_1_240' title='bbox 464 2971 566 3014; x_wconf 91' lang='lat' dir='ltr'>vocem</span> <span class='ocrx_word' id='word_1_241' title='bbox 590 2954 705 3029; x_wconf 82' lang='lat' dir='ltr'>demus,</span> <span class='ocrx_word' id='word_1_242' title='bbox 732 2974 768 3015; x_wconf 92' lang='lat' dir='ltr'>ne</span> <span class='ocrx_word' id='word_1_243' title='bbox 794 2964 1039 3033; x_wconf 81' lang='lat' dir='ltr'>argumentemur,</span> <span class='ocrx_word' id='word_1_244' title='bbox 1066 2956 1200 3015; x_wconf 89' lang='lat' dir='ltr'>adiiciunt</span> <span class='ocrx_word' id='word_1_245' title='bbox 1225 2956 1341 3032; x_wconf 88' lang='lat' dir='ltr'>qnidam</span> 
     </span>
     <span class='ocr_line' id='line_1_31' title="bbox 347 3039 1340 3118; baseline 0.001 -20"><span class='ocrx_word' id='word_1_246' title='bbox 347 3041 446 3114; x_wconf 86' lang='lat' dir='ltr'>etiam,</span> <span class='ocrx_word' id='word_1_247' title='bbox 462 3057 498 3098; x_wconf 89' lang='lat' dir='ltr'>ue</span> <span class='ocrx_word' id='word_1_248' title='bbox 513 3047 621 3097; x_wconf 88' lang='lat' dir='ltr'>utamur</span> <span class='ocrx_word' id='word_1_249' title='bbox 635 3039 801 3108; x_wconf 85' lang='lat' dir='ltr'>affectibus;</span> <span class='ocrx_word' id='word_1_250' title='bbox 821 3057 940 3118; x_wconf 87' lang='lat' dir='ltr'>qnorum</span> <span class='ocrx_word' id='word_1_251' title='bbox 962 3040 1101 3118; x_wconf 89' lang='lat' dir='ltr'>pleraque</span> <span class='ocrx_word' id='word_1_252' title='bbox 1124 3048 1187 3098; x_wconf 85' lang='lat' dir='ltr'>suut</span> <span class='ocrx_word' id='word_1_253' title='bbox 1202 3039 1340 3116; x_wconf 79' lang='lat' dir='ltr'>trequen-</span> 
     </span>
     <span class='ocr_line' id='line_1_32' title="bbox 346 3122 1340 3202; baseline 0.001 -21"><span class='ocrx_word' id='word_1_254' title='bbox 346 3124 455 3181; x_wconf 90' lang='lat' dir='ltr'>tissime</span> <span class='ocrx_word' id='word_1_255' title='bbox 481 3122 681 3196; x_wconf 88' lang='lat' dir='ltr'>custodienda,</span> <span class='ocrx_word' id='word_1_256' title='bbox 702 3125 758 3182; x_wconf 92' lang='lat' dir='ltr'>imo</span> <span class='ocrx_word' id='word_1_257' title='bbox 780 3142 937 3202; x_wconf 85' lang='lat' dir='ltr'>nunquam,</span> <span class='ocrx_word' id='word_1_258' title='bbox 960 3125 1014 3182; x_wconf 90' lang='lat' dir='ltr'>nisi</span> <span class='ocrx_word' id='word_1_259' title='bbox 1033 3125 1105 3182; x_wconf 86' lang='lat' dir='ltr'>ratio</span> <span class='ocrx_word' id='word_1_260' title='bbox 1121 3124 1263 3198; x_wconf 86' lang='lat' dir='ltr'>coegerit,</span> <span class='ocrx_word' id='word_1_261' title='bbox 1278 3141 1340 3182; x_wconf 88' lang='lat' dir='ltr'>mu-</span> 
     </span>
    </p>

    <p class='ocr_par' dir='ltr' id='par_1_6' title="bbox 290 3205 1341 3537">
     <span class='ocr_line' id='line_1_33' title="bbox 290 3205 1341 3286; baseline -0.001 -18"><span class='ocrx_word' id='word_1_262' title='bbox 290 3206 440 3269; x_wconf 85' lang='lat' dir='ltr'>104tanda.</span> <span class='ocrx_word' id='word_1_263' title='bbox 472 3206 508 3266; x_wconf 91' lang='lat' dir='ltr'>Ut</span> <span class='ocrx_word' id='word_1_264' title='bbox 524 3207 559 3265; x_wconf 89' lang='lat' dir='ltr'>sit</span> <span class='ocrx_word' id='word_1_265' title='bbox 574 3208 716 3285; x_wconf 84' lang='lat' dir='ltr'>expositio</span> <span class='ocrx_word' id='word_1_266' title='bbox 733 3211 886 3286; x_wconf 86' lang='lat' dir='ltr'>perspicua</span> <span class='ocrx_word' id='word_1_267' title='bbox 898 3216 928 3266; x_wconf 84' lang='lat' dir='ltr'>et</span> <span class='ocrx_word' id='word_1_268' title='bbox 940 3207 1054 3282; x_wconf 85' lang='lat' dir='ltr'>brevis,</span> <span class='ocrx_word' id='word_1_269' title='bbox 1070 3207 1139 3266; x_wconf 89' lang='lat' dir='ltr'>nihil</span> <span class='ocrx_word' id='word_1_270' title='bbox 1155 3205 1268 3283; x_wconf 88' lang='lat' dir='ltr'>quidem</span> <span class='ocrx_word' id='word_1_271' title='bbox 1282 3216 1341 3266; x_wconf 83' lang='lat' dir='ltr'>tam</span> 
     </span>
     <span class='ocr_line' id='line_1_34' title="bbox 347 3289 1341 3368; baseline 0.003 -21"><span class='ocrx_word' id='word_1_272' title='bbox 347 3306 412 3349; x_wconf 86' lang='lat' dir='ltr'>raro</span> <span class='ocrx_word' id='word_1_273' title='bbox 427 3292 533 3367; x_wconf 92' lang='lat' dir='ltr'>poterit</span> <span class='ocrx_word' id='word_1_274' title='bbox 546 3289 654 3349; x_wconf 87' lang='lat' dir='ltr'>habere</span> <span class='ocrx_word' id='word_1_275' title='bbox 667 3292 805 3351; x_wconf 87' lang='lat' dir='ltr'>rationem</span> <span class='ocrx_word' id='word_1_276' title='bbox 821 3309 904 3368; x_wconf 83' lang='lat' dir='ltr'>quem</span> <span class='ocrx_word' id='word_1_277' title='bbox 922 3308 1014 3350; x_wconf 87' lang='lat' dir='ltr'>excu</span> <span class='ocrx_word' id='word_1_278' title='bbox 1024 3292 1116 3358; x_wconf 86' lang='lat' dir='ltr'>rsio;</span> <span class='ocrx_word' id='word_1_279' title='bbox 1141 3308 1196 3350; x_wconf 88' lang='lat' dir='ltr'>uec</span> <span class='ocrx_word' id='word_1_280' title='bbox 1215 3307 1341 3367; x_wconf 85' lang='lat' dir='ltr'>unquam</span> 
     </span>
     <span class='ocr_line' id='line_1_35' title="bbox 348 3372 1341 3451; baseline 0.001 -19"><span class='ocrx_word' id='word_1_281' title='bbox 348 3372 464 3432; x_wconf 89' lang='lat' dir='ltr'>debebit</span> <span class='ocrx_word' id='word_1_282' title='bbox 485 3391 550 3432; x_wconf 91' lang='lat' dir='ltr'>esse</span> <span class='ocrx_word' id='word_1_283' title='bbox 574 3375 627 3432; x_wconf 88' lang='lat' dir='ltr'>nisi</span> <span class='ocrx_word' id='word_1_284' title='bbox 646 3374 742 3433; x_wconf 88' lang='lat' dir='ltr'>brevis</span> <span class='ocrx_word' id='word_1_285' title='bbox 759 3385 787 3434; x_wconf 88' lang='lat' dir='ltr'>et</span> <span class='ocrx_word' id='word_1_286' title='bbox 799 3375 882 3449; x_wconf 85' lang='lat' dir='ltr'>talis,</span> <span class='ocrx_word' id='word_1_287' title='bbox 904 3383 935 3434; x_wconf 91' lang='lat' dir='ltr'>ut</span> <span class='ocrx_word' id='word_1_288' title='bbox 958 3376 987 3433; x_wconf 85' lang='lat' dir='ltr'>ri</span> <span class='ocrx_word' id='word_1_289' title='bbox 1002 3375 1122 3451; x_wconf 86' lang='lat' dir='ltr'>quadam</span> <span class='ocrx_word' id='word_1_290' title='bbox 1136 3374 1284 3433; x_wconf 85' lang='lat' dir='ltr'>videamur</span> <span class='ocrx_word' id='word_1_291' title='bbox 1297 3374 1341 3434; x_wconf 83' lang='grc'>11·</span> 
     </span>
     <span class='ocr_line' id='line_1_36' title="bbox 346 3456 1340 3537; baseline 0.001 -22"><span class='ocrx_word' id='word_1_292' title='bbox 346 3457 440 3516; x_wconf 87' lang='lat' dir='ltr'>iectus</span> <span class='ocrx_word' id='word_1_293' title='bbox 455 3457 535 3515; x_wconf 88' lang='lat' dir='ltr'>velut</span> <span class='ocrx_word' id='word_1_294' title='bbox 550 3466 630 3517; x_wconf 90' lang='lat' dir='ltr'>recto</span> <span class='ocrx_word' id='word_1_295' title='bbox 650 3459 751 3517; x_wconf 88' lang='lat' dir='ltr'>itinere</span> <span class='ocrx_word' id='word_1_296' title='bbox 767 3459 899 3537; x_wconf 89' lang='lat' dir='ltr'>depulsi,</span> <span class='ocrx_word' id='word_1_297' title='bbox 915 3456 1008 3537; x_wconf 78' lang='lat' dir='ltr'>qualis</span> <span class='ocrx_word' id='word_1_298' title='bbox 1028 3467 1073 3517; x_wconf 92' lang='lat' dir='ltr'>est</span> <span class='ocrx_word' id='word_1_299' title='bbox 1090 3457 1242 3518; x_wconf 81' lang='lat' dir='ltr'>Ciceronis</span> <span class='ocrx_word' id='word_1_300' title='bbox 1261 3459 1340 3519; x_wconf 85' lang='lat' dir='ltr'>circa</span> 
     </span>
    </p>

    <p class='ocr_par' dir='ltr' id='par_1_7' title="bbox 289 3539 1342 3788">
     <span class='ocr_line' id='line_1_37' title="bbox 289 3539 1341 3619; baseline 0 -17"><span class='ocrx_word' id='word_1_301' title='bbox 289 3541 458 3618; x_wconf 86' lang='lat' dir='ltr'>105nuptias</span> <span class='ocrx_word' id='word_1_302' title='bbox 484 3541 597 3600; x_wconf 88' lang='lat' dir='ltr'>Sasiae:</span> <span class='ocrx_word' id='word_1_303' title='bbox 629 3539 807 3602; x_wconf 71' lang='lat' dir='ltr'>Omultetio</span> <span class='ocrx_word' id='word_1_304' title='bbox 830 3542 932 3604; x_wconf 81' lang='lat' dir='ltr'>scelos</span> <span class='ocrx_word' id='word_1_305' title='bbox 959 3543 1139 3603; x_wconf 80' lang='lat' dir='ltr'>incredibile</span> <span class='ocrx_word' id='word_1_306' title='bbox 1165 3551 1194 3602; x_wconf 86' lang='lat' dir='ltr'>et</span> <span class='ocrx_word' id='word_1_307' title='bbox 1211 3549 1341 3619; x_wconf 81' lang='lat' dir='ltr'>praeter</span> 
     </span>
     <span class='ocr_line' id='line_1_38' title="bbox 347 3623 1339 3706; baseline -0.002 -20"><span class='ocrx_word' id='word_1_308' title='bbox 347 3624 428 3686; x_wconf 81' lang='lat' dir='ltr'>bomo</span> <span class='ocrx_word' id='word_1_309' title='bbox 447 3643 538 3685; x_wconf 82' lang='lat' dir='ltr'>onam</span> <span class='ocrx_word' id='word_1_310' title='bbox 566 3625 599 3684; x_wconf 83' lang='lat' dir='ltr'>in</span> <span class='ocrx_word' id='word_1_311' title='bbox 621 3626 702 3686; x_wconf 79' lang='lat' dir='ltr'>omni</span> <span class='ocrx_word' id='word_1_312' title='bbox 721 3627 785 3687; x_wconf 81' lang='lat' dir='ltr'>cito</span> <span class='ocrx_word' id='word_1_313' title='bbox 805 3626 994 3687; x_wconf 74' lang='lat' dir='ltr'>inauditum!</span> <span class='ocrx_word' id='word_1_314' title='bbox 1031 3624 1056 3685; x_wconf 90' lang='lat' dir='ltr'><strong><em>O</em></strong></span> <span class='ocrx_word' id='word_1_315' title='bbox 1076 3626 1231 3687; x_wconf 80' lang='lat' dir='ltr'>libidinem</span> <span class='ocrx_word' id='word_1_316' title='bbox 1249 3623 1339 3706; x_wconf 73' lang='lat' dir='ltr'>effre-</span> 
     </span>
     <span class='ocr_line' id='line_1_39' title="bbox 345 3706 1342 3788; baseline 0.001 -17"><span class='ocrx_word' id='word_1_317' title='bbox 345 3718 451 3772; x_wconf 83' lang='lat' dir='ltr'>natum</span> <span class='ocrx_word' id='word_1_318' title='bbox 477 3714 506 3770; x_wconf 89' lang='lat' dir='ltr'>et</span> <span class='ocrx_word' id='word_1_319' title='bbox 526 3708 717 3770; x_wconf 75' lang='lat' dir='ltr'>indomitum!</span> <span class='ocrx_word' id='word_1_320' title='bbox 761 3706 787 3770; x_wconf 89' lang='grc'><em>0</em></span> <span class='ocrx_word' id='word_1_321' title='bbox 816 3710 983 3772; x_wconf 69' lang='lat' dir='ltr'>andedam</span> <span class='ocrx_word' id='word_1_322' title='bbox 1007 3709 1212 3788; x_wconf 64' lang='lat' dir='ltr'>deputarem!</span> <span class='ocrx_word' id='word_1_323' title='bbox 1240 3726 1342 3772; x_wconf 77' lang='lat' dir='ltr'>nouae</span> 
     </span>
    </p>
   </div>
   <div class='ocr_carea' id='block_1_5' title="bbox 0 0 1596 4409">
    <p class='ocr_par' dir='ltr' id='par_1_8' title="bbox 0 0 1596 4409">
     <span class='ocr_line' id='line_1_40' title="bbox 0 0 1596 4409; baseline 0 0"><span class='ocrx_word' id='word_1_324' title='bbox 0 0 1596 4409; x_wconf 95' lang='lat' dir='ltr'> </span> 
     </span>
    </p>
   </div>
  </div>
 </body>
</html>
