3184 4409
532 469 622 518 susm·
643 468 792 518 oearoe.
814 469 883 517 nro.
895 468 954 534 vu,
971 469 998 519 1.
1244 457 1262 515 5

266 627 417 689 cotonron·
429 633 499 686 tuce
512 643 573 685 oon
584 624 745 703 pomoerii,-
758 630 792 685 at
801 625 833 684 io
847 624 915 684 olio
929 626 1029 686 omnio
1038 624 1193 687 subiectos
1207 626 1262 686 sit:

266 730 329 772 noo
339 717 468 788 propter
487 710 634 787 optionem
640 730 654 776 ,·
677 714 710 768 ot
726 705 855 785 propter
873 710 1038 785 optionem:
1065 730 1125 771 ooo
1139 717 1264 788 propter

267 796 362 856 talem
390 795 548 871 optionem.
598 791 678 850 Haec
703 791 771 848 iuris
799 793 997 868 quaestionum
1022 794 1182 853 differentia
1208 803 1261 852 est.

268 877 302 936 ln
317 878 401 936 factis
419 884 513 935 autem
534 875 568 935 ad
583 876 659 935 idem
679 874 825 934 tendentia
842 883 907 934 sunt
921 875 1021 953 plura,
1044 896 1081 936 ex
1097 877 1198 955 quibus
1214 876 1306 939 ali-aa

269 979 327 1039 qua
343 962 415 1020 citra
430 977 564 1018 summam
580 959 777 1035 quaestionem
791 959 896 1017 remitti
911 958 1021 1028 solent;
1043 969 1090 1035 ut,
1108 962 1133 1018 si
1144 963 1184 1036 is,
1201 978 1265 1020 cum

269 1062 329 1123 quo
342 1044 410 1103 furti
422 1045 523 1119 agitur,
541 1043 631 1101 dicat:
647 1040 748 1103 Probo
760 1051 788 1103 te
799 1042 952 1119 babuisse,
965 1044 1065 1121 proba
1077 1046 1264 1121 perdidisse,

268 1129 370 1207 probe
386 1129 468 1208 forto
482 1128 674 1204 perdidisse,
693 1126 793 1204 proba
813 1145 882 1186 mec
903 1126 1027 1205 froude.
1069 1127 1168 1187 Priora
1191 1124 1265 1187 enim

270 1212 377 1270 remitti
393 1219 526 1289 possuut;
547 1209 672 1268 ultimum
686 1226 743 1267 nou
759 1217 866 1286 potest.

355 1293 492 1354 Solebam
508 1303 537 1352 et
551 1292 607 1352 boc
620 1292 719 1352 iacere
735 1295 908 1370 praecipue,
924 1303 955 1353 ut
969 1295 1018 1354 vel
1034 1294 1069 1355 ab
1085 1295 1182 1355 ultima
1198 1299 1306 1372 spe-23

273 1377 319 1437 cie
347 1377 426 1454 (nam
452 1395 485 1436 ea
512 1378 575 1435 lere
602 1384 662 1451 est,
690 1395 763 1454 quae
794 1379 921 1436 continet
947 1380 1080 1458 causam)
1107 1388 1265 1437 retrorsum

271 1479 441 1539 quaererem
461 1479 552 1538 usque
568 1461 602 1520 ad
618 1462 735 1538 primam
755 1461 923 1536 generalem
939 1465 1152 1539 quaestionem,
1178 1461 1227 1520 vel
1248 1478 1265 1521 a

268 1562 380 1621 genere
408 1546 442 1605 ad
474 1553 628 1604 extremam
654 1546 782 1622 speeiem
805 1545 1029 1621 descenderem,
1051 1548 1134 1605 etiam
1155 1547 1183 1604 iu
1200 1563 1263 1605 sua·

269 1630 367 1687 soriis.
410 1628 447 1688 Ut
463 1627 602 1687 deliberat
618 1626 724 1703 Numa,
745 1647 786 1688 oo
801 1648 927 1706 requam
942 1629 1135 1712 offerentibus
1153 1629 1257 1690 &mo-
1272 1631 1307 1684 24

268 1713 320 1772 nis
342 1713 481 1791 recipiat.
525 1711 647 1771 Primum
668 1711 696 1770 id
717 1720 762 1770 est
785 1729 893 1788 genus,
919 1709 968 1773 An
988 1714 1202 1792 repooadom?
1221 1730 1266 1791 oo

269 1796 304 1855 ire
323 1797 444 1857 cioitote
461 1797 584 1856 alieno?
606 1814 647 1855 on
664 1795 798 1856 Minoe?
819 1815 861 1857 oo
881 1798 976 1857 latmi
991 1800 1052 1859 siret
1067 1798 1197 1858 Romani
1218 1809 1266 1857 to-

269 1880 329 1940 iem
345 1882 471 1957 repem?
504 1878 641 1939 Similiter
655 1879 684 1936 in
700 1881 915 1943 controversiis.
960 1878 1047 1959 Optet
1063 1882 1136 1940 enim
1148 1883 1192 1940 vir
1206 1880 1265 1944 for-

269 1964 307 2022 tis
324 1962 445 2023 alienam
459 1980 588 2022 uxorem.
632 1961 735 2022 Ultima
759 1965 876 2040 species
894 1972 952 2039 est,
977 1962 1025 2024 Aa
1043 1973 1152 2043 optare
1169 1967 1267 2042 possit

270 2049 404 2109 alienam
415 2049 565 2108 acorem?
600 2044 741 2106 Generale
756 2055 820 2122 est,
838 2043 887 2106 An
903 2049 1052 2124 quidquid
1066 2050 1194 2126 optarit,
1210 2066 1265 2108 oc·

269 2134 375 2210 cipere
407 2131 535 2192 debeat?
576 2129 661 2205 lude,
689 2127 737 2189 An
760 2147 801 2190 ea
822 2131 967 2208 privato?
988 2150 1030 2191 oa
1049 2132 1196 2208 nuptias?
1223 2149 1265 2190 on

268 2217 413 2276 moritum
428 2215 587 2276 bedentis?
609 2213 668 2272 Sed
680 2212 737 2271 hoc
751 2230 825 2288 nou,
842 2213 1077 2290 quemadmodum
1094 2214 1211 2289 dicitur,
1227 2216 1306 2276 itant

270 2307 300 2357 et
317 2299 470 2375 quaeritur.
508 2297 629 2357 Primum
651 2298 725 2355 enim
742 2299 868 2356 occurrit
886 2297 966 2373 fere,
988 2298 1065 2375 quod
1080 2306 1125 2355 est
1139 2297 1265 2357 ultimum

270 2382 433 2457 dicendum,
448 2391 477 2440 ιιι
492 2382 558 2455 hoc,
575 2378 643 2440 Nora
657 2381 750 2442 debes
764 2381 896 2441 olieoom
908 2401 1035 2442 onorem
1043 2389 1159 2459 optare.
1180 2380 1264 2440 Ideo·

269 2483 328 2542 que
345 2465 514 2525 divisionem
529 2464 623 2542 perdit
637 2464 793 2523 festinatio.
826 2462 891 2522 Non
906 2473 1022 2542 oportet
1039 2467 1125 2542 igitur
1141 2465 1264 2524 offeren-

269 2548 346 2608 tibus
369 2567 401 2607 se
424 2558 586 2607 contentum
613 2566 695 2615 esse;
723 2557 878 2626 quaeratur
900 2549 1006 2625 aliquid
1025 2552 1109 2608 etiam
1129 2548 1221 2623 ultra,
1238 2551 1266 2608 si

268 2652 308 2692 ne
322 2634 448 2693 oidoom
469 2633 613 2710 quidem?
636 2630 729 2691 adbuc
742 2631 824 2708 plus,
841 2633 869 2692 si
888 2633 964 2693 nibil
977 2651 1017 2693 ee
1032 2635 1175 2713 privato?
1200 2632 1264 2691 ulti·

268 2733 344 2774 mum
354 2725 528 2791 retrorsum,
547 2715 624 2793 quod
637 2715 712 2774 idem
728 2731 744 2774 a
760 2715 854 2793 capite
869 2718 988 2793 primum
1004 2726 1065 2792 est,
1082 2717 1196 2777 simileid
1207 2716 1265 2776 iai-

270 2802 386 2877 quam?
428 2798 528 2877 ltaque
540 2800 740 2877 propositione
758 2799 836 2874 visa,
860 2800 937 2877 quod
953 2809 999 2859 est
1013 2799 1193 2876 facillimum,
1217 2811 1306 2864 00-26

269 2884 410 2960 gitemus,
428 2884 452 2940 si
463 2883 524 2942 lieri
540 2891 652 2960 potest,
669 2881 736 2959 quid
752 2882 882 2942 naturale
897 2885 934 2943 sit
948 2885 1068 2961 primum
1083 2883 1263 2961 responderi.

268 2966 302 3026 ld
319 2969 360 3041 si,
378 2974 515 3043 'tanquam
535 2983 583 3025 res
602 2975 703 3041 agatur
718 2974 747 3024 et
761 2965 844 3024 nobis
863 2968 933 3045 ipsis
953 2967 1147 3045 respondendi
1162 2983 1264 3025 neces·

269 3052 340 3108 sitas
363 3052 415 3125 sit,
436 3050 539 3108 intueri
561 3049 710 3124 volumus,
737 3052 873 3109 occurrit.
914 3052 945 3110 Si
966 3050 994 3110 id
1021 3067 1078 3108 nou
1100 3051 1306 3126 contigebant

268 3150 442 3210 seponamus
464 3133 509 3207 id,
537 3133 613 3209 quod
633 3134 752 3209 primum
772 3150 806 3191 se
822 3133 974 3207 obtulerit,
997 3142 1027 3192 et
1041 3135 1097 3211 ipsi
1116 3132 1265 3192 nobiscum

268 3218 314 3275 sic
329 3216 491 3293 loquamur:
513 3215 587 3288 Quid
602 3216 626 3274 si
643 3215 700 3274 boc
715 3232 771 3274 uon
783 3214 885 3276 esset?
904 3219 932 3277 id
948 3219 1049 3275 iterum
1065 3225 1094 3275 et
1110 3217 1224 3275 tertium
1235 3225 1266 3277 et

269 3301 336 3362 dum
351 3300 420 3358 nihil
444 3302 480 3358 sit
500 3300 613 3377 reliqui.
655 3298 756 3377 ltaque
775 3299 912 3360 inferiora
932 3316 1048 3378 quoque
1064 3299 1263 3375 scrutabimur,

268 3401 344 3462 quae
366 3392 488 3443 tractata
508 3383 667 3442 faciliorem
683 3383 765 3442 uobis
781 3383 904 3443 iudicem
924 3384 953 3440 in
969 3400 1077 3442 summa
1094 3385 1264 3462 quaestione

267 3468 386 3527 facient.
430 3466 495 3525 Non
518 3466 655 3526 dissimile
679 3467 744 3526 huic
768 3475 813 3526 est
834 3475 863 3526 et
884 3465 954 3525 illud
974 3477 1178 3545 praeceptum,
1200 3477 1230 3526 ut
1248 3478 1305 3531 a28

268 3550 464 3610 communibus
481 3551 515 3610 ad
530 3552 648 3628 propria
660 3552 830 3629 veniamus..
854 3548 930 3609 Fere
947 3551 1022 3609 euim
1037 3553 1194 3611 communia
1211 3569 1262 3627 ge·

267 3635 380 3693 neralia
402 3640 476 3692 suut.
511 3631 681 3708 Commune,
706 3632 879 3712 Tyrannum
898 3636 1028 3703 occidit,·
1052 3636 1198 3713 proprium
1221 3643 1262 3693 ta·

266 3736 349 3794 men,
369 3715 543 3797 Tproomtm
557 3718 687 3786 occidit;
702 3718 812 3779 mulier
824 3717 952 3795 cecidit,
967 3738 1047 3781 ocor
1060 3720 1181 3781 occidit.
