3184 4409
571 469 1009 538 msu.ounr0a.um.m‚e.
1230 457 1290 519 271

296 648 350 712 que
367 629 421 690 illa
439 628 581 704 obscura,
599 647 673 707 quae
689 627 816 687 Atellani
832 645 849 686 e
863 643 944 685 more
960 635 1090 704 captant,
1105 645 1175 701 nec,
1197 627 1292 704 qualia

294 716 381 792 uulgo
396 715 539 772 iactantur
554 730 570 772 a
584 713 724 772 vilissimo
743 728 875 789 quoque,
896 728 1036 771 conversa
1060 712 1088 769 iu
1109 712 1292 771 maledictum

295 801 355 859 lere
377 796 578 877 ambiguitat03
604 815 640 855 ne
664 796 712 855 illa
736 796 866 873 quidem,
892 813 965 872 quae
988 792 1121 854 Ciceroni
1139 796 1292 873 aliquando

295 883 419 943 sednon
434 882 462 939 iu
477 882 590 957 agendo
613 880 800 953 excideruut,
821 888 851 938 ut
871 878 956 950 dixit,
979 896 1043 936 cum
1067 881 1093 936 is
1114 879 1291 953 candidatus,

296 968 342 1046 qui
357 967 425 1026 coci
442 964 517 1023 lilius
533 963 706 1038 habebatur,
727 981 824 1023 coram
845 980 881 1020 eo
904 962 1069 1038 suffragium
1085 962 1121 1021 ab
1138 963 1195 1022 alio
1211 973 1292 1041 pete·

295 1060 353 1111 ret:
383 1047 451 1128 Ego
472 1065 590 1126 quoquc
611 1050 665 1109 tibi
682 1048 803 1126 iacebo.
836 1048 916 1121 Nou,
945 1049 1011 1124 quia
1037 1046 1216 1106 excludenda
1239 1049 1336 1111 sintae

246 1130 247 1135 ’
295 1135 409 1194 omniuo
430 1132 521 1192 verba
546 1133 619 1191 duos
635 1150 737 1190 seusus
754 1132 955 1208 significantia,
974 1131 1027 1190 sed
1045 1132 1110 1208 quia
1129 1147 1194 1189 raro
1215 1129 1294 1188 belle

294 1217 501 1297 respondeant,
518 1217 573 1275 nisi
588 1235 652 1276 cum
666 1233 787 1294 prorsus
802 1214 890 1274 rebus
907 1217 979 1292 ipsis
995 1215 1171 1274 adiuvantur.
1201 1213 1294 1287 Quale

246 1362 248 1368 ,
294 1319 350 1362 uon
364 1302 424 1361 boc
440 1300 527 1359 modo
542 1318 636 1379 paene
651 1309 680 1359 et
696 1302 788 1378 ipsum
808 1299 930 1358 scurrile
947 1298 1096 1358 Ciceronis
1122 1307 1167 1357 est
1182 1299 1210 1356 iu
1225 1315 1295 1355 euu-

295 1387 377 1462 dem,
400 1386 437 1446 de
454 1401 512 1462 quo
528 1402 616 1462 supra
632 1385 704 1458 dixi,
726 1383 898 1443 lsauricum:
924 1381 1037 1458 Miror,
1055 1385 1130 1460 qaid
1143 1384 1193 1458 cit,
1213 1381 1295 1458 qaod

292 1479 383 1547 pater·
400 1477 481 1543 cccc,
497 1468 582 1528 bomo
600 1469 871 1540 coniunctissimas,
887 1476 916 1528 tc
929 1468 1016 1528 nobie
1031 1469 1151 1528 cariam
1163 1466 1292 1543 reliquit.

294 1553 353 1613 Sed
367 1552 441 1612 illud
459 1570 496 1610 ex
518 1552 621 1611 eodem
641 1570 750 1628 genere
772 1551 969 1629 praeclarum,
994 1569 1057 1610 cum
1083 1551 1225 1633 obiiceret
1243 1547 1335 1608 uti-49

294 1638 352 1696 loni
375 1644 530 1696 aecusator
553 1638 581 1694 iu
600 1645 796 1712 argumentum
822 1636 959 1694 laetarum
985 1634 1089 1695 Clodio
1118 1635 1292 1707 insidiarum,

295 1721 373 1799 quod
388 1719 517 1786 Bouillas
532 1728 598 1779 aute
619 1720 718 1778 boram
735 1737 838 1778 nouam
853 1719 1044 1793 devertisset,
1065 1729 1096 1778 ut
1111 1718 1300 1797 expectaret,

294 1807 360 1865 dum
384 1801 504 1862 ctodtus
526 1804 629 1864 anilla
650 1823 700 1862 sua
726 1805 836 1877 exiret,
863 1813 892 1862 et
911 1802 1067 1876 identidem
1089 1805 1292 1878 interrogaret,

294 1905 352 1966 quo
370 1897 501 1964 tempore
518 1885 637 1946 Clodius
660 1889 774 1946 occisus
797 1896 892 1946 esset:
916 1887 1082 1964 respondit,
1103 1886 1200 1955 Sarac
1216 1885 1293 1963 quod

292 1972 343 2031 vel
358 1971 453 2030 solum
469 1971 592 2046 suflicit,
617 1981 647 2029 ut
664 1972 720 2030 boc
737 1989 830 2047 genus
846 1989 903 2030 uon
917 1980 1007 2029 totum
1022 1972 1200 2048 repudietur.
1232 1969 1336 2032 Necbo

293 2056 378 2134 plura
392 2055 478 2114 moda
497 2055 653 2132 significari
671 2055 781 2128 solent,
799 2054 951 2114 sedetiam
969 2055 1100 2130 diversa‘,
1117 2063 1146 2113 ut
1161 2052 1239 2112 Nero
1257 2053 1293 2112 de

292 2156 382 2200 servo
398 2141 527 2216 pessimo
543 2139 633 2198 dixit:
656 2137 741 2200 thtt
755 2140 826 2216 plac
845 2141 931 2216 apud
945 2157 979 2199 cc
996 2139 1071 2216 fidei
1085 2139 1204 2212 baberi,
1220 2138 1295 2198 nibil

293 2227 323 2285 ei
342 2238 442 2301 aeque
455 2224 611 2284 occlusam
626 2240 725 2299 acque
738 2225 892 2300 signatam
907 2242 981 2284 csse.
1020 2223 1154 2282 Pervenit
1173 2239 1230 2280 res*
1247 2238 1292 2278 us·
1300 2228 1334 2280 51

293 2326 351 2386 que
368 2307 404 2367 ad
423 2308 601 2384 aenigma,
623 2306 708 2383 quale
731 2316 775 2365 est
791 2304 942 2365 Ciceronis
962 2307 989 2364 in
1009 2305 1166 2365 Pletorium
1181 2304 1294 2364 Fonteii

293 2398 515 2465 accusatorem,
540 2392 628 2451 ccicc
648 2399 793 2464 matrem,
819 2391 904 2465 dixit,
926 2391 999 2450 dam
1014 2393 1155 2465 vicisset,
1177 2391 1293 2463 ladam,

289 2483 455 2555 postquam
470 2482 590 2535 moriac
604 2483 693 2550 esset,
708 2477 872 2552 magistros
881 2475 1033 2535 babuisse.
1057 2473 1234 2532 Dicebautur
1245 2489 1294 2531 au-

292 2570 369 2633 tem,
392 2559 458 2617 dum
477 2560 564 2632 vixit,
586 2559 706 2618 infames
727 2559 856 2618 feminae·
870 2561 1026 2617 convenire
1041 2559 1076 2616 ad
1093 2576 1155 2616 eam
1173 2557 1292 2623 solitae;

293 2649 500 2722 postmortem
520 2641 594 2700 bona
610 2644 672 2702 eius
693 2635 838 2702 venibant.
878 2641 1045 2719 Quanquam
1065 2642 1112 2700 bic
1131 2643 1224 2702 ladas
1239 2658 1294 2718 per

294 2725 511 2785 translationem
524 2726 616 2785 dictus
632 2735 687 2799 est,
703 2728 846 2804 magistri
860 2744 913 2804 per
924 2726 1145 2802 ambiguitatem.
1176 2724 1207 2784 ln
1222 2741 1291 2782 me·
1301 2733 1335 2784 52

294 2809 460 2886 talepsiu
489 2826 605 2886 quoque
632 2810 707 2869 cadit
729 2811 829 2870 eadem
849 2812 923 2869 ratio
941 2811 1101 2884 dictorum,
1131 2817 1163 2868 ut
1186 2806 1293 2868 Fabius

294 2892 451 2965 Maximus„
474 2894 607 2952 incusans
628 2893 751 2969 Augusti
774 2895 1003 2970 congiariorum,
1030 2912 1103 2971 quae
1125 2894 1223 2957 amicis
1244 2891 1292 2950 da·

294 2977 408 3050 bantur,
431 2977 626 3052 exiguitatem,
643 2978 814 3039 heminaria
832 2996 899 3037 esse
915 2979 1000 3044 diuite
1023 2996 1087 3036 nam
1102 2977 1293 3053 congiarium

295 3077 445 3120 commuue
467 3060 646 3120 liberalitatis
669 3071 755 3139 atque
775 3080 944 3137 mensurae,
966 3076 1006 3120 ca
1017 3079 1150 3120 mensura
1166 3060 1249 3118 ducta
1265 3060 1293 3116 iu

293 3145 478 3203 minutionem
494 3163 599 3204 rerum.
632 3144 712 3204 llaec
728 3155 784 3205 tam
807 3146 920 3222 frigida,
933 3164 1027 3224 :quam
1050 3153 1096 3204 est
1119 3146 1335 3204 nominum53

294 3229 407 3287 fictio
432 3228 570 3304 adiectis,
600 3229 753 3304 detractis,
779 3231 893 3289 mutatis
915 3231 1034 3289 litteris:
1062 3236 1093 3287 ut
1114 3228 1291 3302 Acisculum,

294 3314 362 3390 quia
383 3322 464 3372 esset
484 3321 601 3390 pactus,
623 3312 837 3383 Pacircclom;
859 3322 888 3371 et
903 3306 1049 3372 Placidum
1063 3313 1191 3388 nomine,
1215 3311 1293 3390 quod

293 3400 318 3454 is
336 3396 459 3455 acerbus
475 3399 574 3456 natura
592 3407 681 3472 esset,
698 3395 848 3469 deiciam
863 3407 892 3456 et
908 3396 1040 3469 Tullium,
1059 3414 1122 3454 cum
1137 3397 1183 3456 lur
1200 3405 1291 3471 esset,

297 3478 424 3541 Tulliam
440 3481 533 3540 dictos
549 3483 673 3540 invenio.
706 3482 765 3542 Sed
786 3482 860 3541 haec
875 3481 975 3540 eadem
990 3498 1100 3557 genera
1116 3481 1334 3540 commodiusot

293 3567 323 3623 in
338 3565 426 3624 rebus
445 3582 528 3642 qaam
543 3566 572 3623 iu
587 3565 746 3624 nominibus
760 3565 948 3643 respondent.
988 3563 1061 3623 dier
1081 3566 1155 3623 enim
1169 3564 1292 3623 venuste

293 3646 422 3707 Mallium
438 3649 555 3719 Suram,
577 3649 692 3708 multum
708 3652 735 3708 in
750 3650 863 3726 agendo
884 3649 1106 3723 discursantem,
1129 3648 1290 3723 salientem,

294 3749 395 3791 manus
420 3735 593 3810 iactantem,
619 3742 716 3809 togam
736 3734 919 3793 deiicientem
953 3743 982 3793 et
1002 3742 1206 3814 reponentem,
1231 3748 1292 3791 non
