3184 4409
574 469 1011 540 msu.onnnon.nrn.V,13.
1234 464 1296 530 239

378 625 604 689 Declamatores
623 643 694 685 vero
717 627 845 706 inprimis
871 637 935 687 sunt
955 628 1143 707 admonendi,
1170 650 1206 693 ne
1227 650 1295 694 con·

295 712 489 775 indictiones
504 728 554 770 eus
572 719 695 789 ponant,
723 711 825 788 quibus
849 711 984 771 facillime
1001 716 1172 792 responderi
1191 720 1295 796 possit,

295 814 353 857 neu
367 796 427 856 sibi
441 795 558 855 stultum
576 794 773 854 adversarium
794 796 910 871 tingant.
942 795 1073 856 Facimus
1089 809 1200 877 autem,
1217 803 1296 881 quod

246 862 249 959 l
294 882 421 941 mxime
435 878 542 939 uberes
560 878 618 938 loci
634 879 850 957 popularesque
866 881 1026 941 sententiae
1043 894 1212 960 nascuntur,
1236 904 1294 945 ma·

246 970 248 977 '
294 965 398 1025 terium
417 963 531 1023 dicendi
545 962 645 1038 nobis,
664 964 742 1041 quod
759 963 910 1040 volumus,
930 964 1116 1042 ducentibus,
1141 976 1171 1025 ut
1185 986 1243 1028 non
1257 971 1295 1028 sit

246 1090 249 1097 ·
294 1048 346 1109 ills
359 1047 471 1109 inutilis
483 1064 601 1106 versus:

342 1128 416 1193 Non
434 1132 515 1192 male
533 1130 706 1208 respondit,
729 1130 809 1191 mole
830 1132 908 1192 caim
925 1133 1016 1208 prior
1036 1134 1087 1194 ille
1110 1142 1245 1211 reparat.

293 1212 391 1277 Fallet
406 1214 482 1275 baec
496 1232 550 1274 nos
565 1216 593 1273 in
609 1215 674 1289 loro
691 1216 892 1289 consuetudo,
909 1214 956 1273 ubi
972 1217 1150 1292 adversario,
1166 1235 1223 1275 non
1239 1219 1293 1296 ipsi
1302 1222 1336 1276 ts

293 1298 379 1359 nobis
390 1298 642 1378 respondebimus.
668 1297 755 1356 Aiunt
767 1296 875 1357 Attium
891 1299 1107 1375 interrogatum,
1126 1320 1177 1360 cur
1190 1319 1292 1361 causas

294 1390 477 1461 adaugeret,
491 1400 555 1441 cum
565 1382 641 1460 opud
653 1400 717 1441 eum
734 1385 762 1441 in
774 1384 932 1458 tragoediis
946 1392 1021 1443 tanta
1039 1386 1081 1442 vis
1095 1394 1173 1443 esset
1185 1387 1292 1462 optime

293 1465 505 1545 respondendi,
527 1466 600 1533 hanc
617 1466 779 1526 reddidisse
798 1469 955 1540 rationem,
980 1469 1057 1544 qnod
1078 1468 1138 1526 illio
1160 1486 1194 1527 ea
1216 1469 1292 1528 dice·

294 1558 415 1626 rentur,
436 1567 512 1629 quae
531 1552 595 1627 ipse
613 1550 722 1624 vellet,
747 1550 775 1606 in
796 1551 861 1609 foro
888 1552 990 1609 dicturi
1008 1552 1165 1610 adversarii
1183 1562 1292 1628 essent,

297 1651 372 1713 quae
387 1636 503 1695 minime
517 1633 618 1692 vellet.
653 1633 815 1694 Ridiculum
832 1644 876 1692 est
893 1650 964 1710 ergo
981 1636 1009 1693 in
1026 1636 1336 1710 exercitationibus,44

297 1734 373 1797 quae
402 1718 469 1779 loro
499 1726 722 1796 praeparantur,
749 1719 829 1794 prius
855 1719 1001 1794 cogitare,
1028 1719 1095 1796 quid
1122 1721 1293 1797 responderi

298 1820 383 1881 quum
398 1802 466 1880 quid
482 1820 520 1862 ex
534 1802 652 1861 diverso
668 1802 725 1860 dici
743 1803 845 1877 possit.
881 1801 918 1860 Et
936 1801 1027 1859 bonus
1045 1813 1221 1880 praeceptor
1235 1821 1293 1862 nou

297 1887 389 1945 minus
403 1886 523 1945 laudare
541 1885 712 1963 discipulum
730 1884 827 1959 debet,
844 1886 952 1963 siquid
968 1903 1020 1961 pro
1037 1886 1152 1946 divorsa
1170 1889 1292 1964 quamsi

298 1968 364 2047 quid
378 1986 433 2047 pro
450 1988 502 2030 sna
518 1978 600 2047 parte
615 1971 721 2029 acriter
733 1970 920 2044 excogitavit.
953 1967 1063 2027 Rursus
1077 1969 1153 2029 aliud
1169 1973 1196 2029 in
1208 1971 1334 2030 sobo-45

298 2052 332 2113 lis
345 2053 569 2132 permittendum
585 2072 716 2130 semper,
742 2055 771 2112 in
786 2053 851 2111 loro
868 2070 971 2111 rarum.
1008 2051 1079 2111 Nam
1098 2054 1133 2112 lo
1144 2071 1185 2111 co
1210 2072 1292 2131 ape-

297 2137 383 2197 titorc
399 2137 518 2216 primo
535 2136 763 2196 contradictione
781 2137 822 2194 uti
842 2138 889 2213 qui
905 2154 1074 2212 possumus,
1090 2137 1138 2195 ubi
1156 2154 1226 2195 vera
1244 2155 1292 2195 res

300 2221 400 2299 igitur,
417 2239 484 2280 cum
501 2220 683 2282 adversarius
702 2220 795 2280 adhuc
813 2219 882 2278 nihil
896 2216 1021 2278 dixerit?
1050 2219 1179 2280 Incidunt
1199 2224 1334 2279 tameulti

246 2352 251 2377 ,
299 2304 431 2383 plerique
451 2305 480 2363 in
501 2304 557 2365 boo
578 2306 676 2363 vitium
701 2305 750 2363 vel
782 2304 989 2362 consuetudine
1012 2302 1218 2363 declamatoria
1244 2304 1293 2363 vel

246 2423 258 2463 ι
301 2390 381 2449 etism
396 2388 556 2467 cupiditate
578 2387 708 2462 dicendi,
732 2389 856 2466 dantque
879 2387 915 2445 de
934 2405 966 2445 se
986 2389 1226 2464 respondentibus
1242 2406 1292 2447 ve-

246 2504 261 2543 r.
300 2473 479 2531 tristissimos
496 2472 586 2547 lusus,
605 2490 668 2531 cum
685 2471 788 2546 modo,
810 2490 845 2532 se
859 2490 931 2533 cero
950 2471 1027 2532 nibil
1040 2472 1177 2550 diuisae,
1196 2489 1294 2549 neque

300 2562 355 2619 bn
367 2556 466 2617 emite
479 2558 635 2624 dicturoor
650 2556 748 2627 modo,
771 2556 847 2616 bene
863 2556 1034 2616 admonitos
1054 2556 1093 2615 ab
1111 2558 1293 2617 aduersario

246 2675 263 2717 .:
301 2648 440 2719 stapam
452 2642 586 2718 matius,
602 2641 684 2717 quod
698 2641 799 2700 adiuti
812 2642 882 2714 siut,
899 2641 1043 2705 iocantur;
1060 2638 1292 2716 frequentissime

301 2738 381 2799 toro,
404 2723 437 2783 id
459 2725 537 2801 quod
554 2724 742 2783 firmissimum
762 2731 821 2798 est,
842 2740 997 2800 rruuqaam
1017 2724 1056 2782 iis
1076 2741 1293 2801 responsurum

301 2808 515 2869 marasiam
535 2808 648 2886 fuisse,
672 2824 752 2885 quae
766 2809 924 2885 proposita
944 2826 1004 2868 non
1025 2814 1139 2881 essem,
1160 2809 1220 2867 nisi
1238 2809 1293 2869 illa

246 2929 263 2967 ς
300 2892 388 2953 rarsi
402 2910 485 2953 ocra
501 2910 568 2953 csse
578 2900 608 2953 ct
618 2892 662 2952 aa
670 2892 830 2969 fatendum
842 2892 1026 2951 conscientia
1038 2899 1118 2950 esset
1127 2892 1293 2968 impulsusr

251 3034 266 3049 ..
299 2982 326 3033 st
337 2992 392 3053 pro
412 2972 548 3035 Cluentio
566 2973 686 3034 Cicero:
710 2973 790 3034 Nara
805 2975 862 3035 boe
873 2993 1027 3052 persaepe
1042 2975 1148 3034 dixisti
1154 3017 1163 3048 ,
1180 2975 1233 3035 tibi
1246 2976 1333 3035 sicit

246 3091 266 3134 ,Γ
297 3060 488 3134 amauri,
512 3079 559 3120 me
580 3059 695 3121 babere
713 3061 745 3119 in
765 3061 865 3119 animo
888 3077 1015 3119 causam
1035 3058 1116 3119 banc
1135 3059 1294 3137 praesidio

246 3172 263 3213 :r
295 3140 373 3221 lepis
386 3142 568 3221 defendere.
602 3140 691 3205 Itane
706 3144 773 3204 est?
796 3144 837 3203 ab
860 3144 969 3203 umido
989 3144 1196 3219 imprudentes
1209 3143 1292 3202 oide-
1342 3208 1346 3221 ¹

246 3288 249 3295 ,
293 3226 365 3289 tna
376 3228 564 3307 prodimur?
579 3235 607 3288 et
622 3234 667 3288 est
682 3228 785 3288 nescio
802 3228 872 3303 queis
886 3228 925 3287 de
940 3228 996 3299 iis,
1020 3243 1094 3303 quos
1111 3228 1226 3287 amicos
1240 3244 1293 3286 no·

246 3318 258 3375 'r'
291 3311 568 3386 tismttrramnr,
591 3312 643 3390 qui
662 3319 767 3372 nostra
789 3311 917 3372 coasilia
938 3312 983 3371 od
1002 3312 1218 3371 adversarium
1241 3311 1293 3370 de·

289 3396 399 3474 {erm
432 3392 580 3467 Menum
598 3396 655 3457 boc
670 3397 724 3456 tibi
744 3396 951 3456 renuntiavit?
970 3396 1038 3472 quis
1057 3401 1120 3454 tam
1141 3393 1294 3474 improbus

246 3495 253 3537 r
289 3480 371 3559 fuit,-
391 3481 446 3541 cui
462 3498 517 3557 epo
532 3488 633 3541 autem
647 3481 800 3540 namuci?
830 3477 940 3554 Nemo,
955 3485 989 3538 at
1003 3479 1127 3555 opinor,
1148 3479 1180 3539 in
1200 3478 1295 3556 culpa

246 3580 247 3585 ’
290 3572 359 3633 est,-
378 3565 526 3625 nicarum
546 3566 599 3626 tibi
618 3563 703 3625 istud
722 3565 774 3624 lea
793 3565 864 3643 ipsa
879 3564 1073 3625 renuntiavit.
1118 3561 1158 3622 At
1181 3563 1336 3641 quidamtss

291 3648 528 3709 oonmdictione
562 3666 619 3708 non
646 3649 773 3708 contenti
799 3656 877 3707 totos
903 3648 988 3706 etiam
1014 3646 1098 3707 locos
1132 3648 1292 3725 explicant:

290 3736 380 3797 teir-c
392 3750 432 3795 rc
440 3732 497 3795 too
509 3733 647 3795 dicturos
657 3733 857 3794 aduersarios
871 3739 902 3791 et
910 3733 954 3792 ita
962 3739 1187 3810 persemsturos.
1209 3725 1293 3802 Quod
