3184 4409
346 435 386 498 32
662 449 1025 509 u.rue.on1nu1u1am

345 625 421 672 mus:
443 604 568 682 ideoque
592 621 654 663 oum
673 598 855 682 κυρταύχενα
874 606 966 664 mirati
987 605 1091 679 simus,
1116 603 1345 668 incurvicervi·

347 709 416 751 cam
436 691 486 747 vix
507 707 523 747 a
545 690 604 747 risn
626 689 815 748 defendimus.

304 787 336 842 71
429 774 583 851 Propria
601 783 665 832 sunt
678 772 779 849 verba,
796 790 860 832 cum
879 773 906 832 id
922 772 1093 849 significant,
1110 773 1137 830 in
1153 772 1231 850 quod
1250 774 1343 851 primo

346 859 524 918 denominata
543 866 623 924 sunt;
643 855 845 930 translata,
866 875 928 915 cum
945 857 1030 916 alium
1047 865 1146 915 natura
1161 856 1342 916 Intellectum

346 944 429 1003 alium
452 942 519 1001 loeo
542 940 690 1019 praebent.
732 939 892 1000 Usitatis
912 944 998 1000 tutius
1017 943 1136 1014 utimur,
1157 959 1261 1003 novo
1285 957 1342 1000 non

345 1030 407 1085 sine
430 1025 551 1103 quodam
573 1025 702 1103 periculo
726 1024 867 1101 fingimus.
904 1023 975 1083 Nam
997 1026 1021 1084 si
1039 1033 1159 1101 recepta
1182 1032 1258 1099 sunt,
1281 1042 1339 1084 mo

346 1112 436 1170 dinam
456 1109 566 1169 laudem
584 1109 706 1169 allerunt
724 1110 862 1175 orationi;
885 1108 910 1167 si
929 1109 1094 1186 repudiata,
1112 1110 1197 1167 etiam
1213 1110 1241 1167 in
1255 1109 1337 1167 iocos

305 1200 459 1255 ltexeunt.
500 1193 670 1253 Audendum
693 1201 802 1259 tamen:
831 1210 969 1268 namque,
993 1200 1023 1251 ut
1045 1190 1150 1251 Cicero
1175 1193 1231 1267 ait,
1255 1194 1338 1251 etiam

346 1296 419 1357 qnae
447 1280 538 1357 primo
563 1278 631 1337 dura
658 1279 720 1335 visa
745 1286 825 1351 sunt,
854 1295 907 1334 usu
932 1275 1106 1334 molliuntur.
1147 1276 1207 1335 Sed
1228 1277 1337 1335 minime

344 1362 427 1423 nohis
451 1379 591 1421 concessa
614 1370 659 1420 est
680 1353 906 1437 dvopocomoaie3
930 1362 993 1438 quis
1015 1361 1088 1418 enirn
1110 1359 1202 1434 ierat,
1227 1358 1336 1438 siquid

345 1447 438 1506 simile
459 1446 517 1505 illis
538 1447 640 1505 merito
668 1445 788 1504 laudatis
810 1445 886 1522 λίγξε
905 1439 968 1522 βιός
988 1451 1016 1502 et
1038 1444 1095 1515 σίζε
1115 1434 1271 1522 ὀφθαλμός
1290 1443 1334 1501 lin-

344 1548 416 1608 gere
435 1526 610 1589 audeamus?
641 1528 699 1588 lam
715 1547 751 1588 ne
770 1530 880 1590 dolare
895 1528 1009 1605 quidem
1027 1537 1074 1586 aut
1091 1528 1211 1590 hinnire
1227 1528 1334 1587 fortiter

345 1616 524 1690 diceremus,
547 1615 601 1672 nisi
621 1613 727 1673 iudicio
749 1613 900 1672 vetustatis
923 1615 1091 1671 niterentur.

428 1782 477 1842 Vl.
523 1780 576 1840 Est
596 1783 680 1841 etiarn
702 1799 752 1841 sna
774 1780 959 1858 loquentibus
982 1780 1167 1856 observatio,
1194 1798 1247 1840 sua
1269 1780 1332 1839 scri·

346 1866 488 1926 bentibus.
526 1866 627 1925 Sermo
649 1873 762 1925 constat
777 1867 889 1924 ratione
907 1866 956 1925 vel
971 1872 1132 1938 vetustate,
1156 1866 1333 1937 auctoritate,

347 1950 562 2011 consuetudine.
600 1950 749 2009 Rationem
768 1959 898 2028 praestat
918 1951 1076 2027 praecipue
1098 1948 1249 2024 analogia,
1273 1965 1334 2007 non

345 2052 485 2113 nunquam
508 2043 537 2094 et
560 2035 746 2110 etymologia.
790 2033 899 2093 Vetera
921 2037 1055 2092 maiestas
1077 2030 1218 2110 quaedam
1241 2041 1286 2107 et,
1310 2036 1336 2089 nt

321 2116 389 2180 2sic
406 2120 541 2194 dixerim,
562 2119 700 2196 religiosa
718 2119 906 2179 commendat.
944 2118 1110 2178 Auctoritas
1126 2117 1161 2176 ab
1178 2115 1336 2176 oratoribus

345 2204 393 2265 vel
415 2204 559 2265 historicis
580 2205 640 2281 peti
662 2203 756 2271 solet;
785 2221 848 2262 nam
870 2211 973 2280 poetas
995 2203 1078 2260 metri
1105 2203 1268 2260 necessitas
1293 2217 1335 2259 ex-

347 2298 443 2365 cusat,
466 2290 520 2347 nisi
542 2288 655 2365 qnando
674 2286 745 2348 nihil
765 2288 938 2364 impediente
960 2288 988 2346 in
1003 2295 1126 2363 utroque
1147 2282 1336 2345 modulatione

345 2373 450 2453 pedum
469 2372 589 2443 alterum
604 2371 727 2446 malunt,
747 2372 840 2449 qualia
859 2379 939 2445 sunt,
959 2369 1021 2433 lmo
1036 2371 1075 2430 de
1089 2370 1185 2447 stirpe
1199 2371 1336 2437 recisam,

347 2453 506 2517 alderice
527 2470 586 2533 pato
606 2473 786 2533 conpescere
803 2455 981 2534 palumbes,
1004 2463 1033 2513 et
1047 2452 1141 2515 Silina
1161 2455 1194 2513 in
1208 2455 1297 2515 anda
1314 2456 1338 2511 et

347 2538 464 2605 similia:
487 2556 551 2598 cnm
569 2555 741 2599 summorum
761 2538 973 2616 ineloquentia
991 2540 1117 2597 virorum
1136 2536 1273 2597 iudicium
1290 2550 1337 2615 pro

345 2624 457 2683 ratione
478 2630 508 2681 et
528 2619 609 2681 velut
632 2640 714 2682 error
731 2622 870 2682 honestus
894 2632 937 2682 est
959 2640 1078 2699 magnos
1106 2620 1196 2681 duces
1220 2638 1337 2700 sequen·

319 2706 432 2767 litibus.
461 2704 653 2767 consuendo
667 2724 738 2766 vero
757 2708 916 2767 certissima
933 2707 1069 2784 loquendi
1085 2708 1239 2782 magistra,
1263 2715 1338 2765 uteu-

346 2790 470 2869 dumque
492 2789 578 2869 plane
600 2808 734 2851 sermone
756 2800 786 2851 ut
808 2808 937 2865 nummo,
966 2791 1011 2850 cui
1034 2789 1149 2869 publica
1170 2789 1266 2849 iorma
1289 2796 1338 2849 est.

346 2874 447 2935 Omnia
469 2882 564 2935 tamen
588 2873 662 2935 haec
691 2877 809 2957 exigunt
834 2892 901 2934 acre
931 2874 1081 2949 iudicium,
1111 2876 1140 2933 in
1166 2874 1349 2951 analogia¹

346 2960 520 3039 praecipue,
542 2976 627 3037 quam
649 2961 779 3038 proxime
802 2978 839 3018 ex
860 2958 971 3019 Graeco
994 2959 1203 3019 transferentes
1223 2960 1253 3017 in
1271 2957 1339 3017 lati-

270 3115 273 3121 ¹
346 3060 412 3103 num
429 3045 656 3123 proportionem
675 3052 863 3103 vocaverunt.

321 3118 340 3173 4
429 3126 500 3189 Eius
520 3128 594 3187 baec
608 3130 653 3187 vis
668 3136 730 3202 est,
752 3136 782 3187 ut
802 3126 846 3201 id,
871 3127 948 3205 qnod
968 3125 1083 3186 dubium
1098 3135 1158 3200 est,
1182 3126 1218 3185 ad
1236 3122 1341 3203 aliquid

347 3210 451 3287 clarile,
466 3212 503 3273 de
518 3229 575 3291 quo
590 3228 647 3271 non
661 3212 819 3290 quaeritur,
834 3212 943 3271 referat
956 3219 985 3270 et
1000 3212 1109 3270 incerta
1125 3212 1213 3269 certis
1228 3209 1340 3289 probet.

348 3292 436 3371 Quod
451 3296 576 3357 allicitur
596 3294 704 3375 duplici
723 3296 784 3355 via:
808 3298 1023 3374 comparatione
1044 3295 1177 3354 similium
1198 3297 1227 3353 in
1250 3303 1341 3354 extre·

347 3380 401 3441 mle
420 3382 541 3461 maxime
558 3378 696 3455 syllabis,
718 3389 841 3458 propter
862 3380 939 3457 qnod
957 3397 991 3438 ee
1011 3388 1085 3457 qnae
1104 3387 1169 3436 sunt
1187 3397 1204 3436 e
1224 3377 1342 3455 singulis

322 3470 488 3543 dnegantnr
509 3464 619 3525 debere
639 3466 795 3531 rationem,
819 3472 847 3523 et
869 3465 1072 3523 deminutione.
1107 3460 1342 3541 Comparatio

348 3550 376 3609 in
394 3546 552 3609 nominibus
577 3556 624 3607 ant
646 3566 739 3625 genus
758 3547 949 3625 deprehendit
969 3556 1017 3607 aut
1032 3547 1271 3613 declinationem:
1295 3562 1341 3623 ge·

347 3650 418 3707 nne,
444 3642 474 3693 ut
495 3634 519 3692 si
542 3641 711 3711 cerneretur,
738 3632 825 3711 fiunis
846 3633 1030 3692 mascnlinum
1054 3634 1090 3690 sit
1112 3650 1147 3689 an
1169 3630 1342 3701 fenrininum,

348 3716 442 3779 simile
458 3700 501 3779 illi
519 3718 556 3777 sit
573 3718 680 3799 panim
703 3715 940 3793 declinationem,
964 3724 994 3775 ut
1014 3717 1039 3776 si
1059 3718 1154 3775 veniat
1170 3716 1199 3793 in
1218 3714 1342 3789 dubiam,

284 3840 315 3908 ‘du
