3184 4409
337 460 395 520 150
647 473 1005 533 nonnumquam

292 628 431 706 liplures
453 627 651 686 iudicationes.
671 624 781 700 Quid?
803 644 859 687 nou
880 629 908 687 iu
930 646 1018 688 causa
1037 627 1151 688 Milonis
1171 630 1237 708 ipsa
1253 649 1324 691 con·

334 713 444 770 iectura
459 712 583 770 refertur
600 711 634 771 ad
651 709 836 787 qualitatem?
850 729 914 772 nam
929 714 954 770 si
969 721 1014 771 est
1028 714 1174 772 insidiatus
1190 713 1324 791 Clodius,

333 797 478 873 sequitur,
502 804 532 854 ut
554 805 635 854 recte
656 795 692 852 sit
713 798 837 854 occisus.
887 792 956 854 Cum
978 813 1049 855 vero
1070 798 1098 855 in
1118 797 1242 875 aliquam
1261 818 1325 858 rem

334 882 420 938 missa
443 897 529 939 causa
548 896 696 938 recessum
717 887 762 937 est
784 880 1003 957 aquaestione,
1029 897 1104 958 quae
1123 890 1199 941 erat:
1225 892 1255 942 et
1276 883 1325 942 bic

334 965 487 1022 constituta
504 965 651 1040 quaestio,
670 961 718 1020 ubi
735 962 868 1022 iudicatio
885 972 938 1021 est.

293 1056 326 1110 18
415 1047 531 1106 Paulum
551 1049 579 1105 in
600 1045 643 1104 bis
665 1063 763 1104 secum
786 1047 870 1105 etiam
891 1045 996 1106 Cicero
1018 1047 1157 1108 dissentit.
1198 1046 1272 1108 Nam
1296 1052 1324 1108 in

334 1129 497 1189 Rhetoricis
520 1129 775 1208 (quemadmodum
790 1148 877 1209 supra
896 1131 977 1210 dixi)
998 1131 1195 1209 Hermagoran
1214 1141 1260 1191 est
1277 1151 1323 1192 se-

335 1224 430 1281 cutus;
455 1216 483 1272 in
498 1214 615 1291 Topicis
631 1231 669 1272 ex
683 1222 758 1272 statu
771 1214 905 1273 effectam
922 1217 1132 1275 contentionem
1149 1210 1325 1297 κρινόμενον

334 1299 494 1373 existimat,
515 1298 600 1376 idque
620 1296 773 1372 Trebatio,
789 1299 836 1374 qui
851 1299 920 1357 iuris
938 1308 1000 1358 erat
1015 1299 1173 1375 consultus,
1190 1299 1322 1359 alludens

334 1398 395 1459 quc
412 1383 450 1442 de
467 1401 503 1443 re
516 1385 619 1460 agitur
635 1381 777 1459 appellat;
793 1381 895 1459 quibus
912 1381 941 1441 id
957 1385 1151 1458 contineatur,
1166 1385 1322 1445 continca-

333 1468 387 1541 tia,
402 1467 492 1543 quusi
504 1466 696 1543 firmamento
711 1464 903 1541 defensionis,
920 1467 1028 1543 quibua
1041 1468 1170 1528 sublatis
1185 1467 1322 1546 defensio

292 1564 325 1618 19
332 1552 415 1610 nullu
428 1550 468 1609 sit
472 1572 487 1618 ,·
501 1558 529 1607 at
543 1550 571 1607 iu
585 1547 784 1608 Partitionibus
797 1550 932 1608 oratoriis
946 1550 1225 1626 firmamentum,
1245 1550 1322 1629 quod

335 1634 489 1711 opponitur
512 1632 674 1692 detensium·
682 1654 689 1700 ;
718 1634 783 1710 quia
805 1635 1013 1717 continens,
1036 1634 1113 1713 quod
1131 1636 1251 1713 primum
1273 1636 1320 1710 sit,

334 1716 369 1778 ab
391 1724 562 1778 accusatore
582 1716 707 1792 dicatur,
729 1718 828 1776 ratio
848 1736 864 1777 a
885 1733 954 1791 reo,
979 1737 1016 1777 ex
1037 1720 1156 1777 rationis
1179 1727 1208 1778 et
1228 1717 1321 1778 firma·

332 1803 419 1861 menti
432 1803 606 1879 ¹quaestione
628 1800 857 1878 disceptatio
878 1803 916 1860 sit
937 1801 1217 1861 iudicationum.

415 1885 521 1944 Verius
541 1887 626 1961 igitur
647 1893 676 1943 et
691 1884 807 1943 brevius
821 1886 865 1960 bi,
890 1885 938 1962 qui
957 1893 1061 1944 statum
1080 1894 1109 1944 et
1128 1886 1276 1945 continens
1293 1894 1323 1944 et

332 1969 534 2029 iudicationem
557 1987 624 2028 esse
643 1967 811 2036 voluerunt;
836 1971 985 2028 continens
1004 1969 1142 2029 autemid
1159 1987 1243 2044 esse,
1265 1986 1321 2046 quo

297 2052 444 2113 aosublato
461 2053 496 2113 lis
514 2071 581 2112 esse
596 2070 653 2112 non
667 2053 770 2130 possit.
799 2052 862 2112 lloc
876 2052 942 2111 mibi
954 2053 1085 2112 videntur
1095 2062 1244 2130 utramque
1257 2071 1321 2112 cau·

283 2189 287 2216 ,
334 2155 394 2197 sam
417 2137 576 2215 complexi,
593 2145 622 2197 et
638 2136 715 2215 quod
733 2135 853 2195 Orestes
870 2145 989 2195 matrem
1002 2145 1032 2195 et
1048 2135 1124 2213 quod
1143 2134 1321 2210 Clytaemne-

333 2230 392 2280 stra
408 2222 650 2298 Agamemnonem
666 2220 814 2280 occiderit.
850 2219 938 2280 Iidem
958 2219 1157 2279 iudicationem
1177 2229 1207 2278 et
1221 2229 1323 2279 statum

334 2307 498 2388 consentire
513 2323 628 2382 semper
644 2305 856 2382 existimarunt,
871 2321 965 2383 neque
985 2305 1058 2363 cuim
1074 2303 1150 2364 aliud
1165 2320 1265 2363 eorum
1279 2321 1322 2362 ra·

333 2391 403 2448 tioni
421 2391 596 2447 conveniens
615 2388 727 2446 luisset.

291 2485 324 2537 21
415 2471 523 2531 Verum
540 2471 613 2530 haec
629 2470 761 2530 affectata
779 2468 921 2530 subtilitas
939 2471 1016 2530 circa
1031 2472 1144 2530 nomina
1157 2487 1253 2529 rerum
1266 2488 1322 2528 am·

332 2555 437 2613 bitiose
458 2555 586 2629 laborat,
608 2573 624 2614 a
645 2553 728 2612 nobis
751 2555 779 2612 iu
800 2554 857 2614 hoc
877 2563 1021 2632 assumpta
1035 2554 1144 2630 solum,
1164 2572 1201 2613 ne
1224 2572 1323 2631 parum

334 2638 487 2714 diligenter
501 2639 655 2715 inquisisse
670 2637 707 2696 de
723 2654 825 2715 opere,
842 2638 919 2716 quod
934 2639 1068 2715 aggressi
1084 2656 1191 2713 sumus,
1208 2637 1322 2696 videre·

333 2740 410 2789 mur;
434 2721 591 2798 simplicius
614 2731 708 2780 autem
727 2722 884 2781 instituenti
905 2738 961 2780 non
984 2731 1029 2781 est
1047 2740 1171 2781 necesse
1192 2738 1246 2798 per
1267 2730 1324 2779 tam

291 2818 326 2871 22
334 2806 453 2864 minutas
472 2822 567 2863 rerum
589 2803 746 2882 particulas
763 2806 902 2864 rationem
920 2805 1041 2865 docendi
1058 2806 1221 2866 concidere.
1259 2802 1323 2876 Quo

333 2890 403 2948 vitio
419 2888 498 2947 multi
514 2888 628 2966 quidem
645 2887 821 2964 laborarunt,
838 2891 995 2967 praecipue
1009 2898 1103 2950 tamen
1118 2890 1322 2963 Hermagoras,

333 2975 382 3033 uir
393 2972 500 3050 alioqui
516 2971 628 3031 subtilis
645 2981 673 3030 et
688 2973 716 3030 in
730 2972 858 3050 plurimis
874 2972 1063 3047 admirandus,
1080 2981 1186 3032 tantum
1202 2970 1324 3046 diligen·

333 3056 392 3116 tiae
407 3057 520 3116 nimium
535 3055 694 3130 sollicitae,
720 3064 750 3114 ut
765 3057 829 3134 ipsa
844 3058 906 3115 eius
922 3056 1112 3135 reprehensio
1128 3056 1211 3116 laude
1227 3053 1325 3131 aliqua

292 3150 392 3204 23uon
412 3141 526 3218 indigna
550 3141 597 3201 sit.
642 3139 721 3198 llaec
743 3148 838 3198 autem
858 3139 975 3199 brevior
995 3149 1024 3199 et
1044 3140 1093 3199 vel
1114 3140 1179 3199 ideo
1202 3138 1326 3198 lucidior

334 3223 425 3284 multo
439 3227 487 3284 via
501 3241 596 3302 neque
611 3223 768 3283 discentem
784 3240 838 3301 per
853 3222 989 3301 ambages
1004 3222 1134 3300 fatigabit
1147 3236 1203 3282 neo
1218 3238 1325 3300 corpus

328 3309 474 3382 ¹orationis
494 3309 523 3366 iu
543 3326 632 3386 parva
651 3315 793 3366 momenta
822 3307 952 3368 ducendo
980 3316 1138 3365 consumet.
1180 3305 1251 3364 Nam
1278 3306 1326 3383 qui

237 3462 238 3467 η
335 3390 455 3466 viderit,
477 3390 543 3469 quid
559 3393 611 3466 sit,
635 3390 710 3468 quod
727 3391 756 3448 in
771 3391 998 3449 controversiam
1012 3392 1127 3465 veniat,
1148 3389 1215 3468 quid
1238 3390 1269 3470 iu
1288 3405 1325 3450 eo

337 3482 367 3537 et
382 3493 436 3553 per
457 3491 530 3552 quae
544 3474 615 3535 velit
631 3474 748 3533 efficere
762 3490 830 3550 pars
846 3472 977 3548 diversa,
995 3474 1061 3552 quid
1075 3482 1189 3547 nostra,
1206 3474 1283 3550 quod
1299 3476 1327 3532 in

337 3559 435 3638 primis
452 3566 497 3616 est
509 3558 685 3618 intuendum:
706 3556 774 3615 nibil
790 3573 888 3616 eorum
902 3559 1053 3635 ignorare,
1071 3557 1106 3617 de
1122 3555 1223 3634 quibus
1239 3575 1327 3635 supra

297 3641 470 3717 addiximus,
486 3643 602 3719 poterit.
632 3640 735 3718 Neque
751 3650 796 3699 est
808 3641 874 3699 iere
889 3643 1038 3719 quisquam
1051 3641 1137 3701 modo
1149 3656 1206 3698 nou
1221 3641 1325 3700 stultus

340 3735 426 3805 atque
444 3724 479 3787 ab
495 3724 570 3785 omni
590 3741 708 3803 prorsus
724 3741 777 3783 usu
798 3724 910 3784 dicendi
926 3734 1073 3803 remotus,
1099 3725 1166 3804 quin
1186 3725 1276 3801 sciat,
1297 3730 1327 3782 et

320 3878 372 3887 ...—
