3184 4409
560 477 650 527 mar.
667 478 816 528 onlnem.
832 479 905 531 mn..
919 479 971 545 v1,
986 475 1012 529 a.
1218 466 1279 529 275

291 633 380 708 tibus,
399 635 475 711 quod
491 635 695 710 sexagenarius
714 632 863 702 Publiliam
877 633 1015 709 virginem
1030 633 1174 709 duxisset,
1202 631 1282 695 Cras

291 718 402 779 mulier
416 721 489 794 erit,
509 720 608 795 inquit.
642 716 705 775 Hoc
725 734 817 792 genus
839 717 906 776 dicti
928 734 1163 794 consequens
1177 729 1322 785 vocanttfi

290 801 417 879 quidam,
433 811 518 880 atque
536 802 578 861 illi
594 800 701 874 simile,
727 799 804 877 quod
822 799 926 860 Cicero
943 798 1094 859 Curionem
1115 819 1230 880 semper
1246 803 1280 862 ab

293 887 481 944 excusatione
496 888 597 945 aetatis
613 886 811 962 incipientem,
828 884 952 962 facilius
968 885 1078 945 cotidie
1096 889 1282 962 prooemium

292 970 418 1043 babere,
437 969 520 1037 dixit;
543 972 608 1046 quia
620 970 672 1027 ista
687 976 786 1028 natura
802 969 884 1046 sequi
903 975 931 1025 et
947 967 1104 1026 cohaerere
1121 969 1279 1029 videantur.

293 1051 352 1112 Sed
371 1051 501 1112 elevandi
522 1070 613 1129 genus
640 1060 684 1110 est
711 1052 795 1110 etiam
820 1069 1008 1110 causarum
1023 1052 1144 1126 relatio,
1163 1071 1217 1131 qua
1235 1052 1280 1112 Ci·
1289 1062 1322 1118 77

293 1153 364 1195 cero
384 1146 429 1195 ast
451 1154 519 1195 usus
539 1138 567 1195 in
586 1135 736 1196 Vatinium.
775 1135 830 1208 Qui
847 1133 967 1212 pedibus
984 1153 1089 1211 aeger,
1113 1153 1175 1194 cum
1190 1137 1282 1196 vellet

292 1219 385 1278 videri
400 1220 600 1279 commodioris
616 1219 786 1279 valetudinis
801 1219 893 1277 lactus
910 1227 939 1277 et
953 1219 1078 1294 diceret,
1095 1237 1127 1277 se
1144 1221 1199 1278 iam
1216 1220 1282 1280 bina

293 1304 369 1363 milia
385 1321 518 1380 passuum
534 1303 695 1376 ambulare,
710 1301 785 1362 Dies
799 1304 895 1378 enim,
916 1304 1021 1379 inquit,
1041 1305 1191 1380 locatores
1202 1312 1282 1364 narrt.

294 1385 333 1446 Et
353 1387 501 1463 Augustus
520 1387 711 1447 nuntiantibus
733 1385 1015 1461 Tarraconensibus,
1037 1386 1160 1464 palmam
1182 1389 1211 1446 in
1233 1404 1282 1447 ara

294 1472 357 1528 eius
382 1481 507 1545 enatam,
532 1469 685 1549 Apparet,
718 1471 824 1548 inquit,
856 1488 948 1547 qaam
975 1489 1069 1548 saepe
1093 1472 1282 1532 accendatis.

294 1553 503 1614 Transtulit
525 1557 630 1631 crimen
647 1552 763 1614 Cassius
778 1555 915 1613 Severus.
950 1553 1021 1612 Nam
1037 1572 1100 1613 cum
1116 1554 1324 1631 obiurgare-78

293 1647 339 1696 tur
354 1656 370 1698 a
386 1647 537 1715 praetore,
559 1638 636 1716 quod
650 1638 781 1697 advocati
803 1639 864 1696 eius
882 1637 913 1696 L.
929 1636 1006 1697 Varo
1022 1637 1186 1715 Epicureo,
1209 1637 1282 1697 Cae·

292 1723 366 1780 saris
387 1723 490 1795 amico,
507 1723 665 1781 convicium
676 1721 831 1797 iecissent,
847 1719 974 1799 Nescio,
990 1724 1094 1799 inquit,
1111 1724 1164 1800 qui
1178 1725 1281 1784 conoi-

293 1806 367 1866 eiati
381 1806 450 1880 sint,
466 1814 494 1865 et
507 1815 580 1882 puto
593 1804 711 1866 Stoicos
727 1805 833 1883 fuisse.

377 1888 673 1966 Repercutiendi
692 1889 779 1947 multa
805 1897 869 1947 sunt
892 1906 1017 1964 genera,
1041 1889 1280 1964 venustissimum,

294 1971 372 2049 quod
388 1974 472 2031 etiam
486 1972 668 2033 similitudine
688 1972 782 2050 aliqua
797 1972 879 2031 verbi
897 1973 1058 2032 adiuvatur:
1081 1981 1111 2031 ut
1125 1972 1281 2031 Trachalus

294 2056 399 2117 dicenti
417 2056 526 2131 Suelio,
542 2055 577 2115 st
588 2057 644 2118 boc
658 2057 702 2117 ita
717 2066 777 2130 est,
797 2057 826 2116 ie
838 2058 871 2116 in
882 2059 1024 2123 esiliamr
1043 2057 1071 2115 si
1090 2075 1150 2116 non
1167 2065 1211 2117 cot
1224 2059 1280 2131 ita,

293 2142 395 2215 redis,
417 2142 515 2216 inquit.
554 2139 674 2199 Elusit
696 2138 811 2198 Cassius
832 2140 959 2199 Severus
981 2139 1134 2198 obiiciente
1149 2139 1322 2216 quodamii

295 2223 371 2301 quod
394 2225 420 2282 ei
441 2225 526 2283 domo
549 2242 600 2283 sua
631 2223 800 2283 Proculeius
829 2222 1041 2299 interdixisset,
1066 2222 1280 2301 respondendo,

293 2306 447 2384 Numquid
461 2327 532 2385 erqo
545 2310 618 2369 illuc
632 2309 768 2368 accedo?
796 2308 845 2368 Sic
865 2306 987 2366 eluditur
1006 2316 1035 2366 et
1052 2307 1202 2367 ridiculum
1216 2305 1282 2364 ridi·

296 2391 378 2450 culo:
403 2400 433 2449 ut
449 2391 528 2451 diuus
544 2391 708 2468 Augustus,
724 2408 788 2449 cum
808 2392 835 2449 ei
851 2390 924 2451 Calli
939 2400 1070 2468 torquem
1084 2408 1200 2452 aureum
1215 2406 1281 2448 cen·

294 2484 351 2533 tum
367 2475 462 2552 pondo
480 2476 635 2550 dedissent,
649 2484 677 2534 ει
691 2474 846 2534 Dolabella
862 2493 914 2553 per
928 2475 1022 2534 iocum
1036 2483 1176 2551 temptans
1188 2483 1282 2532 tamen

292 2560 350 2619 ioci
366 2559 410 2618 sui
429 2568 559 2620 eventum
575 2560 704 2635 dixisset,
720 2557 902 2636 Imperator,
919 2567 1024 2636 torque
1039 2577 1086 2620 me
1103 2560 1201 2619 dorm.-
1216 2555 1281 2618 Ma-

293 2644 332 2718 lo,
349 2643 449 2719 inquit,
466 2653 512 2703 ter
526 2645 625 2704 eloica
643 2643 780 2712 donam,-
795 2643 971 2703 mendacium
991 2659 1107 2720 quoque
1122 2641 1324 2715 mendacio,80

293 2735 324 2785 ut
340 2725 446 2800 Galba,
463 2726 575 2786 dicente
591 2727 727 2804 quodam,
752 2728 904 2785 victoriato
922 2745 954 2785 se
971 2744 1027 2785 uno
1043 2728 1070 2785 in
1086 2726 1183 2786 Sicilia
1202 2727 1281 2802 quin·

294 2827 349 2888 que
371 2809 461 2887 pedes
485 2809 599 2887 longam
614 2829 758 2869 murenam
780 2811 898 2869 emisse:
919 2809 1015 2887 Nihil,
1031 2810 1137 2887 inquit,
1153 2810 1280 2879 miram·

292 2911 365 2954 nam
379 2894 422 2954 ibi
437 2903 497 2954 tam
509 2896 617 2973 lampae
630 2902 815 2970 nascantur,
834 2903 868 2954 at
881 2895 921 2955 iia
932 2897 1103 2974 piscatores
1115 2910 1173 2971 pro
1190 2894 1280 2952 recti-

293 2977 351 3038 bns
378 2979 583 3054 cingantur.
631 2976 779 3038 Contraria
810 2987 854 3037 est
873 2980 988 3055 neganti
1017 2977 1319 3038 confessionisssl

293 3059 451 3135 simulatio,
478 3061 530 3120 sed
550 3064 612 3139 ipsa
634 3078 750 3139 quoque
769 3061 885 3120 multum
910 3062 996 3121 babet
1019 3060 1195 3120 urbanitatis.
1233 3060 1282 3117 Sic

293 3141 376 3218 Afer,
396 3161 458 3202 cum
474 3154 575 3222 ageret
591 3155 690 3204 contra
705 3144 838 3204 libertum
855 3143 965 3205 Claudii
981 3142 1126 3216 Caesaris,
1145 3151 1174 3201 et
1188 3160 1225 3200 ex
1241 3141 1281 3200 di·

292 3243 380 3284 verso
398 3227 509 3304 quidam
531 3227 707 3288 condicionis
728 3227 872 3303 eiusdem,
897 3232 976 3289 cuius
992 3238 1054 3289 erat
1071 3224 1213 3302 litigator,
1231 3243 1281 3284 ex·

293 3309 461 3386 clamasset,
478 3311 643 3374 Praeterea
658 3322 689 3373 tm
704 3331 823 3390 semper
837 3314 870 3373 im
884 3314 1007 3374 libertos
1023 3309 1168 3372 Caesaris
1185 3311 1281 3372 dieis:

292 3392 359 3455 Nec
378 3396 573 3472 naebercule,
590 3397 694 3473 inquit,
719 3399 882 3474 quicquam
900 3396 1037 3476 proficio.
1083 3393 1134 3454 Cui
1158 3396 1282 3454 vicinum

294 3487 338 3536 est
353 3495 410 3536 non
425 3497 549 3555 negare,
567 3481 642 3558 quod
661 3479 811 3555 obiicitur,
836 3498 899 3539 cum
922 3491 951 3540 et
968 3481 996 3540 id
1012 3479 1105 3558 palam
1119 3479 1221 3538 falsum
1237 3485 1282 3536 est

294 3570 323 3620 et
335 3561 401 3621 inde
416 3565 533 3623 materia
554 3563 628 3623 bene
649 3563 843 3642 respondendi
861 3564 957 3624 datur:
983 3573 1013 3624 ut
1038 3562 1154 3624 Catulus
1176 3560 1280 3622 dicenti

293 3644 441 3723 Philippo,
465 3644 546 3717 Ouid
563 3648 683 3709 latras?
699 3644 810 3710 darem
830 3649 928 3725 rideo,
950 3650 1049 3727 inquit.
1088 3647 1120 3706 ln
1134 3665 1167 3706 se
1182 3644 1322 3705 dicarettt

293 3746 351 3788 non
366 3729 428 3789 lere
445 3739 490 3789 est
504 3731 558 3789 nisi
572 3749 734 3792 scurrarum
752 3740 781 3790 et
802 3733 829 3790 in
845 3741 961 3794 oratore
975 3735 1072 3812 utique
1088 3731 1198 3790 minime
1213 3743 1279 3806 pro·

1062 3812 1124 3876 lb*
