3184 4409
345 485 404 547 102
655 495 1015 556 murcomannum

300 651 406 733 50Nec
424 655 452 721 in
474 653 606 731 personis
627 661 733 711 tanturn
755 651 809 711 sed
832 661 861 711 et
881 652 910 710 in
930 649 1017 710 nehus
1032 659 1168 710 versatur
1183 650 1261 712 haec
1277 670 1336 713 oon·

341 738 427 796 traria
445 736 568 810 dicendi,
587 755 671 814 quarn
687 754 760 812 quae
776 736 898 811 intelligi
913 734 1005 808 velis,
1023 736 1113 806 ratio,
1131 743 1163 794 nt
1182 744 1277 796 totum
1291 755 1336 816 pro

342 819 446 893 Quinto
470 820 584 896 Ligario
614 821 792 898 prooemium
814 828 844 879 et
869 818 938 879 illae
958 817 1155 880 elevationes:
1183 817 1336 897 Videlicet,

343 904 428 966 Odii
445 906 532 966 boni!

599 986 723 1047 Scilicet
736 987 766 1046 is
780 987 902 1063 snpems
913 984 1002 1046 labor
1018 993 1071 1046 est.

298 1070 375 1135 51Ει
389 1071 438 1130 ille
451 1090 504 1149 pro
517 1070 611 1150 Oppio
627 1070 724 1130 locus:
744 1067 916 1131 Oamorem
926 1071 1054 1130 miram!
1071 1067 1335 1137 Ohenioolcnticn

337 1158 544 1232 singularem!
577 1155 642 1214 Non
664 1153 766 1232 procul
785 1153 888 1212 absunt
908 1151 943 1212 ab
964 1152 1019 1212 hac
1033 1153 1219 1215 simulatione
1235 1177 1287 1217 res
1303 1161 1334 1219 iu

339 1250 384 1297 ter
400 1258 432 1298 se
448 1240 568 1314 similes,
587 1238 779 1297 confessio
795 1237 865 1296 nihil
880 1239 1021 1311 nocitura,
1043 1238 1136 1314 qualis
1152 1249 1216 1300 est:
1237 1240 1334 1304 Habes

337 1324 441 1400 igitar,
457 1323 584 1399 Tubero,
601 1324 682 1400 qnod
690 1329 733 1382 est
745 1323 922 1382 accusatori
933 1323 1258 1400 aucmentandum,
1271 1346 1333 1388 con·

337 1407 468 1484 fidentem
484 1424 589 1475 renm;
609 1415 638 1464 et
658 1406 880 1480 concessio,
904 1422 967 1464 cum
988 1404 1095 1484 aliquid
1112 1408 1199 1467 etiam
1214 1411 1334 1488 iniquum

338 1491 468 1550 videmur
493 1509 598 1550 causae
620 1490 724 1549 fiducia
744 1490 819 1568 pati:
842 1487 955 1550 dietum
975 1491 1134 1567 virgarum
1154 1495 1334 1557 nauarchus

338 1577 544 1636 nobilissimae
559 1574 690 1635 civitatis
702 1576 802 1651 pretio
816 1575 961 1634 redemit:
979 1574 1141 1635 humanam
1156 1585 1223 1648 cst;
1241 1587 1273 1637 et
1287 1593 1332 1657 pro

340 1656 472 1717 Cluentio
492 1659 528 1717 de
541 1657 659 1718 invidia:
674 1656 893 1720 Dominetnrin
908 1659 1105 1732 contionibus,
1126 1659 1232 1721 iaceat
1246 1662 1280 1722 in
1292 1663 1332 1723 in·

339 1744 448 1811 diciis;
462 1744 545 1801 tertia
564 1743 779 1818 consensio,
794 1750 825 1800 ut
843 1759 897 1819 pro
915 1741 1178 1817 eodem,'iudioium
1192 1763 1264 1804 esse
1277 1763 1331 1806 cor·

297 1836 458 1903 inruptum.
490 1826 569 1884 Haec
585 1826 745 1885 evidentior
762 1826 855 1903 ligura
873 1834 934 1902 est,
957 1844 1021 1885 cum
1042 1826 1127 1885 alicui
1148 1829 1195 1887 rei
1216 1831 1322 1890 essenti

339 1928 415 1984 mur,
444 1928 517 1987 quae
543 1919 587 1968 est
612 1910 705 1969 lutura
731 1927 785 1988 pro
811 1907 909 1977 nobis;
935 1927 1035 1970 verum
1059 1910 1087 1969 id
1112 1911 1253 1972 accidere
1278 1917 1331 1974 sins

339 1993 496 2053 adversarii
515 1996 584 2053 vitio
600 2011 657 2052 non
672 1995 779 2071 potest.
818 1991 964 2066 Quaedam
984 1996 1068 2052 etiarn
1082 1994 1162 2053 velut
1178 1995 1329 2070 laudamus,

339 2087 369 2136 ut
400 2076 504 2137 Cicero
532 2080 560 2136 in
587 2078 709 2137 Verrem
737 2081 814 2138 circa
840 2079 948 2136 crimen
965 2076 1115 2154 Apollonii
1130 2077 1328 2158 Drepanitani:

338 2162 463 2224 Gaudeo
479 2164 578 2238 etiam,
590 2165 618 2223 si
632 2164 707 2240 qnid
718 2163 756 2222 ab
768 2181 803 2223 eo
812 2161 973 2236 abstulisti,
986 2170 1015 2220 ct
1028 2163 1085 2223 ahs
1094 2170 1123 2222 te
1134 2164 1213 2224 nihil
1222 2167 1330 2227 rectius

296 2254 330 2308 53
336 2247 454 2324 factam
469 2266 537 2307 esse
553 2249 631 2308 dico.
667 2245 782 2305 Interim
796 2262 934 2321 augemus
950 2247 1080 2321 crimina,
1104 2263 1180 2322 quae
1203 2267 1244 2308 ex
1261 2248 1329 2310 facili

339 2340 386 2389 aot
401 2331 511 2389 diluere
528 2333 670 2408 possimus
687 2339 734 2389 aut
749 2347 875 2405 negare,
891 2329 967 2407 quod
984 2338 1028 2388 est
1042 2329 1235 2407 frequentius,
1256 2350 1330 2410 quan

337 2424 368 2472 ut
384 2415 546 2491 exemplum
563 2415 718 2473 desideret.
757 2412 872 2472 Interim
894 2413 951 2472 hoo
971 2414 1036 2489 ipso
1058 2413 1143 2472 iidem
1159 2413 1330 2476 detrahimus

337 2497 407 2571 iltis,
421 2498 496 2574 quod
507 2500 562 2557 sint
577 2508 633 2558 tam
647 2499 764 2574 gravia,
783 2507 814 2556 ut
831 2513 884 2574 pro
902 2496 1010 2571 Roscio
1025 2494 1141 2572 Cicero,
1158 2516 1224 2557 curn
1241 2501 1330 2559 imma·

337 2582 452 2639 nitatem
474 2582 618 2658 parricidii
642 2599 802 2659 quanquam
822 2599 875 2660 per
898 2599 932 2640 se
947 2581 1126 2640 manifestam
1140 2590 1238 2642 tamen
1253 2585 1332 2644 etiam

336 2665 364 2723 vi
380 2667 517 2722 orationis
534 2674 702 2741 exaggerat.

296 2758 330 2810 54
419 2738 639 2826 Ἀποσιώπησις,
650 2767 732 2826 quam
747 2748 822 2808 idem
835 2746 939 2809 Cicero
957 2750 1212 2827 reticentiam,
1230 2749 1331 2812 Celsus

337 2831 590 2905 obticeutiam‚
618 2832 746 2891 nonnulli
772 2834 1085 2910 interruptionem
1111 2834 1280 2912 appellant,
1306 2844 1332 2894 et

336 2918 398 2994 ipsa
414 2917 539 2975 ostendit
554 2917 659 2994 aliquid
676 2917 795 2975 allectus
811 2917 860 2978 vel
876 2919 952 2976 irae:
971 2925 1002 2975 ut

401 2998 482 3072 (leros
497 3020 550 3078 ego
568 3034 609 3044 —-
624 3003 682 3061 sed
695 3010 788 3062 motos
802 3010 943 3078 praestat
960 3019 1138 3079 componere
1151 2997 1289 3079 fluctues

335 3084 383 3143 vel
392 3085 590 3144 sollicitudinis
604 3094 632 3143 et
644 3087 726 3163 quasi
738 3085 905 3162 religionis:
920 3082 970 3144 An
980 3086 1070 3146 hnins
1080 3087 1131 3147 sne
1142 3087 1230 3164 legis,
1243 3103 1331 3166 qnam

337 3166 460 3229 Clodius
476 3189 496 3230 a
516 3189 550 3228 se
563 3172 716 3230 incantans
735 3171 902 3247 gloriatur,
923 3170 1097 3232 mentionem
1113 3170 1224 3247 facere
1238 3189 1332 3232 ansus

335 3263 413 3312 esset
426 3256 493 3314 cieo
508 3252 634 3329 Milone,
660 3272 720 3314 non
743 3254 847 3314 dicem
868 3255 1013 3316 consule?
1035 3255 1231 3315 danastrum
1255 3257 1331 3317 eadm

334 3337 463 3396 omninno
477 3372 519 3380 -
532 3357 591 3398 non
608 3338 707 3398 andan
722 3345 814 3398 totnm
835 3338 959 3406 dicere;
984 3340 1028 3397 cui
1046 3338 1139 3396 simile
1160 3340 1250 3398 estin
1267 3356 1330 3417 pro·

293 3422 429 3481 55oemio
452 3437 504 3496 pro
526 3419 714 3497 Ctesiphonte
745 3419 959 3482 Demosthenis.
1001 3421 1058 3480 Vel
1084 3421 1140 3481 alio
1165 3423 1331 3482 transeundi

335 3505 441 3578 gratia:
460 3502 612 3564 Cominius
627 3512 727 3565 antem
741 3508 918 3566 -tametsi
936 3506 1081 3583 ignoscite
1096 3506 1184 3580 atti,
1200 3508 1330 3568 indices.

335 3586 365 3644 ln
382 3603 438 3662 quo
453 3595 497 3644 est
513 3597 541 3645 et
558 3589 606 3646 illa
623 3588 669 3664 (si
690 3597 783 3646 tamen
804 3589 879 3647 inter
906 3589 1052 3648 schemata
1074 3591 1218 3649 numerari
1233 3590 1330 3665 debet,

336 3689 399 3728 cum
415 3669 478 3727 aliis
494 3673 577 3729 etiam
592 3689 659 3747 pars
676 3689 781 3730 causae
795 3672 942 3750 videatur)
960 3673 1166 3749 digressio;
1182 3673 1243 3734 obit
1259 3677 1331 3735 enirn

323 3772 417 3815 causa
433 3755 463 3815 in
480 3753 583 3817 laudes
602 3752 652 3816 Cn.
673 3753 813 3835 Pompeii.
842 3755 932 3834 ldque
949 3757 1011 3816 lieri
1028 3759 1111 3817 etiam
1126 3759 1188 3818 sine
1205 3748 1330 3822 ἆποσιω·
