3184 4409
242 491 244 495 .
338 447 379 509 64
649 462 1024 521 m.sns.ou1nu1c1nre1

337 616 512 690 erraverint,
539 617 633 675 statim
650 618 846 694 corrigentur;
871 625 899 675 at
915 617 1046 676 indoctus
1062 617 1112 676 ille
1129 618 1214 676 etiam
1229 617 1336 696 proba·

336 700 378 760 bit
393 701 518 759 fortasse
533 701 637 760 vitiosa
656 711 685 760 et
700 702 820 778 placere
842 700 1022 760 audientibus
1042 702 1148 760 iudicio
1164 718 1217 760 suo
1235 710 1334 778 coget.

297 794 330 848 12
337 785 379 843 Sit
396 800 468 860 ergo
484 792 541 843 tarn
557 785 723 863 eloquentia
739 803 823 863 quam
839 785 967 844 moribus
983 787 1263 862 praestantissimus,
1287 788 1336 864 qui

338 870 372 930 ad
389 869 542 928 Phoenicis
556 868 701 928 Homerici
717 869 881 946 exemplum
897 870 996 930 dicere
1012 888 1048 929 ac
1062 870 1162 929 lacere
1177 871 1292 930 doceat.

427 1021 470 1071 DE
488 1022 598 1073 PRIMIS
616 1023 703 1074 APUD
721 1021 900 1072 RHETOREM
918 1022 1240 1074 EXERGITATIONIBUS.

420 1118 469 1177 IV.
497 1116 570 1179 Hinc
585 1121 655 1195 iam,
675 1136 746 1198 quas
763 1120 870 1197 primas
887 1120 915 1176 in
930 1119 1062 1178 docendo
1078 1127 1176 1196 partes
1189 1119 1335 1178 rhetorum

337 1211 444 1281 putem,
461 1203 576 1262 tradere
593 1205 737 1281 incipiam,
753 1204 842 1264 dilata
857 1221 1012 1280 parumper
1023 1202 1071 1262 illa
1085 1220 1159 1281 quae
1171 1202 1235 1263 sola
1247 1204 1335 1281 vulgo

337 1295 458 1346 vocatur
474 1297 536 1347 arte
551 1287 707 1347 rhetorica.
742 1287 787 1346 Ao
803 1287 871 1352 mihi
888 1296 1068 1364 opportunus
1085 1288 1207 1346 maxime
1223 1287 1337 1347 videtur

337 1371 485 1448 ingressus
502 1371 537 1431 ab
556 1390 603 1446 eo,
623 1374 702 1432 cuius
721 1371 828 1450 aliquid
848 1372 940 1448 simile
956 1372 1031 1449 apud
1043 1373 1248 1448 grammaticos
1263 1390 1337 1450 puer

309 1455 481 1516 2didicerit.
520 1455 557 1514 Et
578 1458 644 1535 quia
666 1459 874 1530 narrationum,
893 1464 1020 1534 excepta
1043 1473 1099 1533 qua
1126 1457 1155 1514 in
1171 1456 1266 1515 causis
1283 1457 1336 1514 uti·

336 1557 409 1614 mur,
428 1549 487 1598 tres
504 1542 670 1618 accepimus
686 1543 817 1619 species,
834 1539 975 1614 fabulam,
994 1558 1069 1618 quae
1086 1548 1219 1598 versatur
1235 1541 1264 1598 in
1279 1549 1335 1599 tra·

336 1623 450 1699 goediis
468 1632 554 1701 atque
579 1624 765 1699 carminibus,
788 1642 846 1684 non
868 1643 885 1683 a
906 1626 1028 1683 veritate
1045 1624 1130 1682 modo
1148 1623 1304 1684 sedetiam
1320 1642 1337 1683 a

336 1707 429 1766 lorma
444 1709 573 1766 veritatis
589 1718 712 1776 remota;
730 1717 944 1786 argumentum,
966 1708 1044 1786 quod
1064 1707 1168 1766 falsum
1190 1709 1243 1768 sed
1263 1726 1336 1767 vero

337 1791 430 1849 simile
453 1793 622 1851 comoediae
645 1793 764 1870 lingarum
787 1793 952 1867 historiam,
974 1794 1003 1850 in
1026 1809 1081 1870 qua
1106 1801 1151 1850 est
1171 1801 1276 1868 gestae
1293 1793 1336 1850 rei

338 1876 497 1952 expositio;
517 1878 711 1952 grammaticis
727 1885 822 1936 autem
836 1878 969 1955 poeticas
985 1877 1130 1936 dedimus:
1147 1877 1224 1953 apud
1238 1876 1335 1936 rheto-

336 1977 398 2016 rem
418 1961 526 2018 initium
548 1962 584 2019 sit
604 1961 807 2036 historica,
829 1970 908 2021 tanto
930 1960 1077 2020 robustior
1099 1969 1205 2037 quanto
1225 1962 1334 2020 verior.

308 2043 396 2108 ased
410 2045 545 2104 narrandi
564 2047 678 2124 quidem
694 2063 769 2123 quae
786 2045 870 2105 nobis
888 2047 995 2123 optima
1010 2045 1084 2103 ratio
1099 2044 1250 2120 videatur,
1277 2054 1336 2105 tum

337 2127 611 2205 demonstrabimus,
635 2148 698 2189 curn
720 2129 756 2189 de
780 2129 907 2189 iudiciali
929 2139 1012 2207 parte
1034 2129 1172 2187 dicemus.
1220 2128 1336 2189 Interim

336 2212 492 2273 admonere
509 2214 580 2273 illud
596 2222 639 2273 sat
652 2222 713 2289 est,
736 2223 766 2273 ut
790 2216 828 2273 sit
848 2232 884 2273 ea
901 2232 996 2292 neque
1012 2212 1092 2272 arida
1108 2229 1229 2290 prorsus
1247 2222 1335 2291 atque

336 2297 447 2374 ieiuna,
467 2298 553 2375 (nam
577 2298 644 2377 quid
669 2316 743 2377 opus
766 2306 829 2358 erat
851 2307 958 2357 tanturn
979 2297 1079 2356 studiis
1101 2295 1210 2356 laboris
1226 2299 1334 2376 impen-

336 2381 417 2457 dere,
436 2383 461 2439 si
477 2400 524 2441 res
540 2382 630 2441 nudas
647 2392 733 2461 atque
750 2385 896 2441 inornatas
912 2382 1039 2442 indicare
1057 2382 1126 2439 satis
1148 2378 1334 2461 videreturi)

336 2482 431 2544 neque
453 2484 552 2523 rursus
575 2467 692 2524 sinuosa
713 2476 742 2525 et
762 2468 911 2526 arcessitis
932 2465 1191 2543 descriptionibus,
1217 2465 1246 2524 in
1262 2484 1334 2544 quas

310 2551 469 2627 4plerique
485 2550 641 2608 imitatione
658 2552 792 2627 poeticae
805 2551 940 2611 licentiae
952 2550 1101 2624 ducuntur,
1120 2549 1261 2609 lasciviat.
1285 2548 1333 2608 Vi·

337 2634 404 2692 tium
417 2642 582 2711 utrumque;
601 2635 684 2711 peius
698 2642 792 2693 tamen
807 2635 888 2710 illud,
902 2635 980 2713 quod
995 2653 1032 2693 ex
1047 2635 1143 2712 inopia
1160 2651 1244 2711 quam
1257 2633 1333 2713 quod

338 2736 375 2776 ex
391 2718 475 2794 copia
490 2719 578 2776 venit,
609 2717 681 2776 Nam
696 2720 724 2777 in
740 2720 837 2797 pueris
856 2721 949 2779 oratio
963 2719 1097 2798 perlecta
1112 2736 1167 2779 nec
1184 2718 1263 2794 exigi
1279 2736 1332 2777 nec

336 2803 448 2880 sperari
464 2810 578 2878 potest;
600 2802 703 2861 melior
725 2812 820 2862 autem
841 2803 953 2863 indoles
975 2803 1052 2862 laeta
1067 2804 1265 2881 generosique
1284 2818 1331 2862 co·

308 2892 417 2944 tnatus
435 2894 462 2943 et
475 2885 523 2944 vel
539 2887 622 2963 plura
639 2888 714 2945 iusto
734 2889 902 2964 concipiens
917 2889 1029 2946 interim
1045 2887 1172 2965 spiritus.
1203 2886 1268 2945 Nec
1283 2904 1332 2945 uu·

336 2987 420 3047 quam
436 2988 481 3029 me
499 2972 526 3028 in
541 2970 585 3028 his
603 2971 741 3030 discentis
758 2973 837 3031 annis
854 2972 997 3046 offendat,
1020 2971 1128 3050 siquid
1145 2970 1331 3050 superfuerit.

336 3052 411 3125 Quin
426 3054 496 3131 ipsis
508 3053 676 3113 doctoribus
692 3055 749 3114 boc
765 3074 832 3114 esse
848 3056 1048 3130 curae'velim,
1067 3064 1097 3114 ut
1109 3063 1225 3114 teneras
1238 3054 1332 3114 adhuc

335 3147 445 3196 mentes
461 3156 542 3198 more
565 3141 705 3197 nutricum
727 3140 842 3198 mollius
859 3141 937 3200 alant
954 3149 983 3199 et
1000 3141 1097 3200 satiari
1112 3139 1195 3198 velut
1208 3136 1333 3216 quodam

335 3223 508 3282 iucundioris
526 3222 695 3300 disciplinae
711 3223 787 3282 lacte
805 3227 958 3302 patiantur.
990 3224 1053 3284 Erit
1074 3222 1145 3284 illud
1162 3222 1276 3301 plenius
1292 3222 1331 3280 in·

334 3307 417 3365 terim
433 3323 557 3384 corpus,
579 3307 655 3385 quod
678 3325 745 3389 mox
760 3309 857 3368 adulta
873 3318 952 3368 aetas
974 3310 1122 3386 astringat.
1166 3306 1240 3366 llinc
1263 3323 1332 3384 spes

306 3389 459 3449 broboris.
492 3391 614 3451 Maciem
629 3410 752 3470 namque
769 3401 799 3450 et
814 3393 1003 3453 infirmitatem
1025 3395 1052 3451 in
1068 3402 1217 3472 posterum
1232 3390 1349 3451 minari·

334 3473 412 3532 solet
433 3477 561 3551 protinus
587 3476 717 3535 omnibus
739 3476 874 3535 membris
897 3496 1054 3556 expressus
1079 3478 1181 3536 inians.
1218 3473 1332 3534 Audeat

333 3558 408 3617 haec
429 3567 509 3616 aetas
531 3560 613 3637 plura
636 3568 665 3618 et
686 3561 812 3619 inveniat
833 3569 862 3620 et
884 3562 1007 3621 inventis
1024 3562 1166 3639 gaudeat,
1189 3559 1246 3616 sint
1262 3558 1331 3618 licet

334 3643 385 3703 illa
399 3659 457 3701 non
474 3644 543 3701 satis
560 3645 639 3703 sicca
655 3645 767 3702 interim
783 3663 818 3704 ac
834 3663 947 3705 severa.
984 3645 1084 3706 Facile
1106 3643 1265 3705 remedium
1286 3649 1331 3702 est

307 3726 488 3796 tuberosum
508 3728 617 3787 sterilia
632 3728 711 3787 nullo
729 3728 829 3788 labore
845 3731 1005 3789 vincuntur.
1036 3729 1090 3791 llla
1107 3729 1174 3788 mihi
1187 3728 1214 3785 in
1231 3726 1332 3804 pueris·
