3184 4409
349 452 409 516 tat
651 460 1051 531 rs.ssn.oumnmm.

345 619 496 699 incipiant3
516 634 576 697 quo
594 617 756 696 pudendum
773 626 820 679 est
834 618 937 695 magis,
953 614 1199 686 sidifflcultatem
1212 617 1288 682 iacit
1300 617 1344 683 do·

346 703 447 763 ctrina.
478 701 543 762 Non
558 719 630 779 ergo
646 720 763 781 semper
775 711 908 781 putemus
924 700 1061 781 optimum
1078 718 1150 777 esse
1166 702 1251 782 qnod
1266 702 1341 771 latet:

345 786 575 847 immutescamus
593 786 711 864 alioqui,
734 787 759 845 si
774 784 844 847 nibil
858 784 1009 846 dicendum
1022 783 1175 863 rideatur,
1196 788 1257 849 nisi
1275 787 1340 868 qaod

303 877 336 935 17
345 887 402 929 non
414 871 580 930 invenimus.
616 868 769 929 Diversum
786 877 839 930 est.
853 868 920 929 buio
940 885 1040 929 eorum
1052 868 1173 945 vitium,
1190 872 1338 951 quiprimt

345 953 501 1014 decurrere
517 971 571 1032 per
585 956 732 1013 materiam
748 952 815 1013 stilo
831 970 916 1031 mam
931 952 1119 1013 velocissimo
1134 951 1245 1015 volunt
1261 964 1291 1017 et
1303 973 1337 1017 tc

318 1074 323 1085 ·
344 1046 466 1116 quentes
488 1037 615 1098 calorem
636 1046 722 1115 atque
743 1038 878 1116 impetum
899 1054 938 1101 cx
956 1044 1089 1115 tempore
1103 1036 1257 1109 scribunt3
1279 1038 1337 1101 bart

343 1123 452 1184 dinem
466 1130 581 1181 vocant.
623 1120 768 1199 Repetunt
788 1120 892 1181 deinde
909 1128 940 1181 et
954 1128 1129 1199 componunt
1145 1138 1225 1200 quae
1242 1122 1336 1185 effnde

343 1214 420 1274 raut;
436 1206 489 1267 sed
505 1204 596 1281 verba
607 1205 792 1265 emendantur
807 1214 836 1265 et
847 1205 968 1282 ιιιιιιιοιὶ,
982 1212 1078 1265 manet
1088 1205 1224 1266 'inrebus
1240 1217 1336 1269 temere

301 1290 491 1367 lecougestis
517 1307 591 1367 quae
610 1289 663 1348 fuit
679 1289 793 1348 levitas.
833 1286 966 1349 Protinus
988 1304 1061 1367 ergo
1081 1288 1228 1350 adbibere
1254 1308 1337 1352 curn

342 1374 452 1433 rectius
472 1375 527 1433 erit
546 1382 633 1451 atque
656 1371 692 1432 ab
713 1374 792 1433 initio
818 1372 863 1432 sie
887 1389 961 1453 opus
981 1372 1107 1449 ducere,
1125 1381 1160 1433 ut
1176 1374 1337 1436 mennon

342 1473 401 1517 non
418 1474 456 1516 ex
480 1458 593 1533 integro
619 1455 814 1516 fabricandum
836 1456 883 1516 sit.
921 1454 1085 1535 Aliquando
1107 1465 1208 1517 tamen
1224 1458 1336 1519 affectu

343 1558 508 1619 sequemur,
524 1538 671 1619 inquibus
686 1541 749 1600 fere
765 1540 832 1619 plus
848 1539 930 1601 calor
944 1556 1029 1619 ιῐιιιιι
1045 1539 1197 1618 diligentia
1213 1542 1306 1603 valet.

426 1625 503 1684 Satis
516 1632 636 1703 apparet
651 1637 688 1683 ex
700 1640 747 1700 eo,
764 1623 842 1700 quod
853 1623 927 1685 banc
938 1622 1123 1708 scribentium
1134 1624 1337 1703 negligentias

301 1707 460 1784 lodannq
472 1706 540 1785 qnid
554 1707 591 1767 de
603 1707 661 1767 illis
676 1707 841 1769 dictandi
862 1706 974 1769 dediciis
991 1709 1121 1768 sentiam.
1149 1706 1227 1771 Nam
1240 1711 1270 1770 in
1282 1708 1337 1771 stilo

344 1790 458 1869 quidem
474 1791 630 1869 quamlibet
649 1800 807 1869 properato
830 1791 879 1853 dat
897 1791 1022 1870 aliquam
1040 1792 1216 1868 cogitationi
1239 1810 1338 1855 moran

342 1891 400 1934 non
421 1891 603 1952 consequens
626 1875 804 1935 celeritatem
831 1876 894 1935 eius
913 1892 1027 1944 manns;
1057 1874 1109 1935 ille
1135 1877 1183 1936 cui
1204 1875 1338 1939 dicamus

342 1966 442 2035 urget,
465 1968 551 2037 atque
574 1959 686 2018 interim
706 1959 794 2037 pudet
815 1958 901 2019 etiam
921 1958 1051 2019 dubitare
1073 1967 1121 2019 aut
1138 1960 1339 2021 resisterent

300 2051 451 2105 domatare
466 2044 548 2120 quasi
564 2043 710 2102 conscium
727 2043 895 2103 infirmitatis
912 2051 1031 2103 nostrae
1044 2043 1189 2103 timentes.
1222 2044 1337 2120 antt

342 2135 372 2185 ut
392 2143 449 2186 non
463 2126 544 2187 rudia
565 2135 671 2186 tanturn
694 2134 723 2185 et
737 2127 856 2188 fortuita
872 2126 925 2187 sed
944 2128 1100 2206 impropria
1114 2122 1261 2205 interim,
1281 2128 1337 2189 dnn

342 2211 406 2270 sola
422 2219 467 2270 est
488 2210 677 2269 connectendi
698 2211 839 2270 sermonis
858 2210 1014 2288 cupiditas,
1031 2209 1165 2287 effluant,
1190 2229 1271 2291 quae
1289 2228 1337 2272 nec

342 2293 527 2354 scribentium
547 2312 644 2353 curam
658 2312 713 2353 uec
730 2294 884 2354 dicentium
895 2297 1030 2373 impetum
1046 2304 1278 2374 consequantur.
1305 2295 1336 2354 tr

341 2378 417 2438 idem
434 2377 496 2453 ilie,
516 2380 563 2456 qui
576 2379 702 2455 excipit,
719 2379 749 2436 si·
759 2377 869 2438 tardior
882 2380 911 2438 in
925 2377 1079 2439 scribendo
1095 2387 1144 2439 aut
1158 2379 1335 2441 incertioris

341 2460 467 2538 legendo
486 2462 566 2521 velut
584 2462 743 2522 offensator
757 2462 826 2523 iuit:
842 2460 986 2522 inhibetur
1002 2480 1114 2538 corsus,
1131 2472 1224 2542 atque
1242 2464 1335 2535 amab,

342 2562 415 2621 quae
432 2555 508 2621 erat,
532 2553 694 2625 conceptae
714 2547 818 2605 mentis
840 2547 961 2605 intentio
980 2562 1061 2606 mora
1076 2554 1105 2606 et
1121 2547 1269 2609 interdum
1287 2549 1335 2607 ira

297 2639 330 2691 21
341 2628 442 2687 cundia
457 2631 608 2688 excutitur.
647 2627 805 2707 dumille,
826 2646 901 2710 quae
918 2628 1050 2690 altiorem
1066 2631 1152 2689 animi
1173 2640 1335 2693 motomsc·

340 2718 463 2788 quuntur
474 2731 606 2790 quaeque
618 2715 681 2792 ipsa
693 2713 815 2773 animum
825 2713 1035 2793 quodammodo
1047 2715 1205 2791 concitant,
1223 2730 1335 2795 quorun

340 2803 385 2853 est
397 2795 506 2855 iactare
521 2815 647 2872 manum,
671 2806 810 2874 torquere
824 2797 948 2873 vultum,
969 2798 1059 2857 sinum
1081 2806 1111 2857 et
1131 2797 1211 2859 latos
1231 2800 1335 2861 inter'm

340 2878 511 2956 obiurgare,
528 2898 661 2960 quaeque
676 2879 791 2940 Persius
810 2889 901 2958 notat,
919 2898 983 2941 oum
997 2881 1102 2942 leviter
1117 2881 1238 2945 dicendi
1252 2898 1335 2962 genu

338 2963 490 3040 significat,
1304 3002 1307 3009 ·

366 3045 432 3109 Nec
444 3049 588 3126 pluteum,
605 3048 712 3128 inquit,
731 3048 834 3112 coedit
847 3066 905 3110 acc
920 3048 1076 3110 demorsos
1088 3050 1175 3127 sopit
1187 3069 1315 3131 unques,

296 3133 421 3194 atetiam
436 3131 558 3192 ridicula
573 3141 652 3208 suut,
675 3133 729 3191 nisi
750 3151 814 3192 cum
836 3132 893 3193 soii
908 3149 1015 3192 snmus.
1054 3130 1191 3212 Denique
1204 3143 1239 3195 nt
1252 3130 1336 3195 semel

339 3215 416 3291 quod
440 3225 485 3276 est
508 3217 736 3294 potentissimum
758 3217 867 3294 dicam,
890 3225 1034 3277 secretum
1056 3217 1087 3275 in
1101 3215 1242 3279 dictando
1257 3218 1334 3298 perit

239 3320 242 3327 ·
338 3296 435 3375 Atque
457 3299 579 3359 liberum
602 3299 716 3359 arbitris
740 3300 836 3360 iocum
859 3309 888 3360 et
909 3318 993 3379 quam
1007 3299 1177 3361 altissimum
1196 3300 1336 3363 silenttnn

337 3380 529 3442 scribentibus
545 3385 841 3444 maxime'convenire
852 3401 936 3445 nemo
947 3383 1130 3444 dubitaverit.
1164 3383 1234 3446 Non
1247 3395 1335 3447 tamer

337 3465 467 3541 protinus
483 3467 631 3543 audiendi,
654 3469 702 3546 qui
724 3468 845 3528 credunt
865 3469 1010 3546 apdssima
1030 3469 1060 3547 in
1073 3467 1131 3529 boc
1153 3485 1279 3531 nemora
1294 3467 1335 3529 ed·

336 3565 457 3624 vasque,
475 3549 552 3627 quod
568 3551 616 3610 illa
634 3551 711 3611 coeli
725 3544 856 3628 libertas,
874 3552 1004 3613 locorum
1015 3553 1175 3613 amoenitas
1188 3552 1335 3617 sublmen

294 3632 458 3702 marimum
479 3641 508 3691 et
530 3633 689 3695 beatiorem
707 3631 836 3714 spiritum
857 3645 968 3714 parent.
1010 3633 1079 3697 Mihi
1100 3644 1183 3697 certe
1199 3636 1336 3699 iucundos

336 3714 384 3777 bic
404 3717 495 3796 magis
517 3735 601 3798 quam
620 3719 778 3781 studiorum
802 3719 934 3784 hortator
958 3719 1072 3785 sidem
1095 3736 1335 3785 essesecessns.
