3184 4409
353 487 411 547 134
659 495 694 541 m.
712 494 789 541 aaa.
807 493 1026 552 oumrrnrarn

348 657 478 712 viventes
501 647 653 726 aliquando
676 647 838 722 laudamus,
863 647 916 707 sed
939 646 1015 724 quod
1035 665 1098 706 rara
1119 647 1192 707 haec
1215 652 1332 709 occasio

350 746 410 811 cst,
431 743 462 794 ut
481 733 584 793 referri
607 733 717 809 possint
739 730 824 789 divini
844 731 970 791 bonores
993 739 1022 790 et
1037 731 1153 790 decreta
1170 731 1205 791 et]
1215 733 1332 810 publice

308 829 460 884 rastatuae
483 818 667 877 constitutae.
719 813 797 872 luter
823 834 897 893 quae
922 816 1128 874 numeraverim
1155 817 1333 892 ingeniorum

348 910 545 975 monumenta,
563 917 636 978 quae
654 897 779 957 saeculis
795 898 994 976 probarentur.
1026 897 1097 958 Nam
1113 899 1241 976 quidam,
1259 903 1333 960 sicut

347 987 518 1061 Menander,
546 984 664 1043 iustiora
692 991 874 1059 posterorum
896 1001 979 1060 quam
1004 1000 1074 1041 suae
1100 985 1200 1042 aetatis
1228 983 1333 1043 iudicia

348 1080 412 1130 sunt
434 1068 590 1129 consecuti.
634 1065 765 1125 Allerunt
791 1066 903 1127 laudem
929 1063 1012 1125 liberi
1038 1066 1220 1143 parentibus,
1246 1068 1333 1127 urbes

349 1152 560 1226 conditoribus,
576 1150 666 1230 ⁴leges
689 1149 843 1225 latoribus,
870 1159 947 1210 artes
975 1150 1171 1209 inventoribus
1198 1168 1334 1210 necnon

347 1240 474 1297 instituta
495 1252 611 1313 quoque
629 1233 810 1309 auctoribus,
835 1235 876 1292 uti
898 1251 914 1292 a
934 1233 1024 1293 Numa
1045 1234 1175 1293 traditum
1196 1234 1268 1293 deos
1285 1253 1334 1296 cu·

348 1322 428 1398 lere,
443 1340 459 1380 a
476 1317 625 1380 Publicola
640 1317 735 1376 fasces
751 1316 862 1395 populo
880 1319 1065 1376 summittere.

306 1413 339 1468 19
430 1404 485 1478 Qui
510 1404 599 1462 omnis
625 1403 709 1460 etiam
731 1403 758 1460 in
779 1403 1059 1479 uituperatione
1088 1402 1159 1462 ordo
1180 1403 1335 1479 constabit,

347 1499 454 1549 tantum
477 1489 505 1547 in
528 1487 680 1545 diuersum:
724 1483 795 1543 Nam
817 1493 846 1543 et
871 1484 1016 1563 turpitudo
1038 1488 1154 1561 generis
1176 1486 1335 1565 opprobrio

348 1572 443 1631 multis
464 1570 531 1645 luit,
557 1579 586 1629 et
608 1568 746 1646 quosdam
763 1568 879 1628 claritas
895 1571 958 1646 ipsa
978 1571 1106 1628 notiores
1126 1571 1202 1629 circa
1223 1573 1291 1629 vitia
1308 1580 1337 1629 et

347 1658 456 1715 inuisos
471 1654 562 1730 magis
580 1653 665 1727 fecit,
690 1661 718 1710 et
738 1654 767 1710 in
781 1650 966 1730 quibusdam,
988 1662 1018 1711 ut
1039 1655 1067 1712 in
1087 1653 1188 1712 Paride
1203 1654 1337 1712 traditum

348 1747 409 1814 est,
438 1737 585 1816 praedicta
608 1737 768 1814 pernicies,
796 1745 825 1794 et
852 1737 983 1814 corporis
1010 1754 1045 1795 ao
1065 1736 1195 1796 fortunae
1219 1736 1336 1814 quibus-

349 1823 412 1882 dam
429 1820 502 1880 mala
518 1828 729 1897 contemptum,
750 1822 825 1879 sicut
846 1818 1011 1893 Thersitae,
1029 1819 1201 1898 adquisiere,
1219 1820 1336 1897 quibus·

350 1905 413 1966 dam
434 1904 512 1963 bona
532 1905 607 1962 vitiis
624 1913 758 1981 corrupta
775 1904 869 1963 odium
886 1904 1056 1978 attuleruut,
1078 1913 1109 1962 ut
1127 1903 1213 1963 Nirea
1234 1903 1336 1964 imbel-

306 1989 421 2064 roten,
446 1988 610 2048 Plisthenen
631 1988 802 2065 impudicum
823 2005 839 2046 a
860 1989 954 2065 poetis
975 1989 1149 2064 accepimus.
1197 1986 1234 2046 Et
1253 1990 1336 2046 animi

347 2073 466 2132 totidem
486 2073 569 2146 vitia,
596 2080 666 2148 quot
687 2073 807 2130 virtutes
829 2080 910 2146 sunt,
936 2089 991 2129 nec
1012 2073 1102 2130 minus
1126 2089 1208 2148 quam
1231 2072 1260 2128 in
1275 2071 1335 2130 lau·

349 2157 430 2217 dibus
452 2155 559 2234 duplici
580 2157 691 2213 ratione
714 2163 878 2214 tractantur.
922 2153 960 2213 Et
985 2163 1051 2232 post
1076 2164 1196 2213 mortem
1223 2155 1335 2214 adiecta

350 2239 517 2318 quibusdam
532 2240 684 2316 ignominia
700 2247 760 2315 est,
783 2247 814 2297 ut
836 2238 958 2311 Maelio,
981 2239 1060 2297 cuius
1085 2238 1183 2297 domus
1201 2237 1266 2298 solo
1288 2255 1335 2296 ae·

350 2333 449 2402 quata,
473 2321 631 2400 Marcoque
646 2321 767 2395 Manlio,
791 2324 871 2381 cuius
886 2339 1090 2400 praenomena
1111 2321 1216 2381 familia
1238 2324 1335 2398 inpo-

307 2417 455 2469 2lsterum
471 2415 633 2484 exemptum
650 2414 703 2464 est.
723 2404 775 2476 ,Et
791 2414 925 2483 parentes
940 2405 1078 2465 malorum
1097 2406 1214 2464 odimus.
1241 2405 1278 2464 Et
1291 2412 1335 2463 est

349 2489 544 2550 conditoribus
566 2488 676 2547 urbium
696 2487 817 2564 infame,
847 2490 1025 2549 contraxisse
1047 2489 1169 2566 aliquam
1191 2491 1335 2565 pernicio·

349 2593 409 2632 sam
427 2574 532 2630 ceteris
550 2581 676 2647 gentem,
693 2572 784 2649 qualis
801 2580 845 2630 est
859 2574 966 2650 primus
977 2571 1110 2631 ludaicae
1123 2573 1335 2648 superstitionis

350 2665 465 2722 auctor;
492 2664 521 2714 et
539 2654 731 2714 Gracchorum
747 2655 830 2731 leges
845 2656 969 2721 inuisae;
995 2665 1023 2714 et
1042 2657 1066 2713 si
1085 2655 1161 2733 quod
1177 2665 1221 2714 est
1238 2673 1334 2713 exem·

349 2741 428 2817 plum
440 2738 568 2798 deforme
587 2740 712 2816 posteris
728 2739 870 2814 traditum,
887 2739 972 2816 quale
989 2739 1155 2798 libidinosus
1172 2741 1215 2797 vir
1230 2739 1336 2797 Perses

308 2826 378 2885 ltin
399 2823 518 2882 muliere
535 2822 629 2882 Samia
644 2823 792 2880 instituere
815 2841 899 2882 ausus
915 2823 1018 2881 dicitur
1033 2825 1150 2900 primus.
1181 2822 1240 2881 Sed
1254 2823 1282 2879 in
1294 2823 1336 2879 vi·

334 2906 479 2985 ,ventibus
500 2922 615 2983 quoque
637 2905 740 2965 iudicia
764 2905 905 2965 hominum
921 2906 999 2964 velut
1017 2914 1181 2982 argumenta
1197 2913 1261 2963 suut
1274 2922 1335 2963 mo-

349 3008 424 3064 rum,
450 2999 479 3048 et
499 2989 591 3052 honos
611 2999 658 3048 aut
681 2991 833 3065 ignominia
853 3007 951 3048 veram
974 3007 1041 3048 esse
1062 2990 1174 3050 laudem
1192 2987 1239 3046 rel
1261 2990 1336 3047 vitu·

350 3075 528 3152 perationem
550 3073 661 3151 probat.
760 3095 762 3099 ⁴

309 3164 343 3216 23
432 3156 577 3216 Interesse
592 3166 685 3216 tamen
701 3155 875 3216 Aristoteles
889 3164 984 3234 putat,
998 3155 1047 3215 ubi
1065 3156 1188 3234 quidque
1204 3153 1337 3214 laudetur

352 3249 399 3298 aut
415 3242 602 3318 vituperetur.
646 3239 718 3298 Nam
734 3241 883 3319 plurimum
897 3241 1004 3316 relert,
1026 3242 1074 3318 qui
1095 3241 1153 3298 sint
1164 3238 1336 3298 audientium

350 3340 461 3399 mores,
477 3342 549 3401 quae
563 3324 678 3402 publice
694 3332 812 3401 recepta
830 3325 998 3402 persuasio,
1014 3333 1045 3382 ut
1059 3323 1108 3383 illa
1124 3324 1245 3382 maxime
1261 3339 1337 3399 quac

352 3405 472 3483 probant
489 3425 554 3465 esse
569 3410 598 3466 in
613 3426 666 3482 eo,
686 3409 732 3485 qui
748 3406 924 3482 laudabitur,
941 3407 1073 3482 credant,
1089 3416 1136 3466 aut
1152 3409 1180 3464 in
1196 3422 1250 3481 eo,
1268 3422 1336 3464 con·

352 3498 395 3548 tra
418 3507 501 3566 quem
523 3491 665 3566 dicemus,
691 3509 724 3550 ea
746 3509 820 3569 quae
843 3490 973 3550 oderunt.
1017 3491 1060 3550 lta
1080 3507 1137 3550 non
1154 3489 1267 3550 dubium
1283 3491 1338 3548 erit

311 3573 499 3647 thiudicium,
517 3576 593 3651 quod
609 3576 765 3633 orationem
781 3575 985 3651 praecesserit.
1023 3573 1154 3651 lpsorum
1169 3574 1253 3632 etiam
1270 3590 1336 3649 per·

353 3657 499 3715 miscenda
526 3656 587 3715 laus
616 3675 746 3735 semper,
773 3675 836 3716 nam
860 3658 889 3717 id
914 3657 1065 3716 benivolos
1093 3657 1176 3724 lacit;
1203 3658 1335 3734 quotiens

283 3812 284 3815 Ἴ
351 3749 445 3798 autem
461 3739 523 3798 lieri
537 3741 661 3818 poterit,
688 3758 750 3801 curu
770 3743 907 3802 mamriae
925 3741 1045 3802 utilitate
1060 3740 1211 3819 iungenda.
1243 3738 1336 3801 uinus
