3184 4409
328 447 388 510 100
470 520 477 534 ο
655 456 1015 540 daemomonum

326 615 467 675 nationem
488 613 611 691 aliquam
628 614 836 672 convertimur:
860 609 920 674 Vos
940 613 1017 692 enirn
1036 614 1099 673 iam
1115 628 1193 691 epo,
1214 610 1322 675 Albani

325 699 431 759 tanati
445 705 535 775 atque
548 699 628 767 lnci;
649 698 711 755 sive
732 695 768 755 ad
783 696 951 756 invidiosam
967 694 1216 773 implorationem:
1245 696 1321 760 Ole-

282 791 377 860 399es
394 780 522 843 Porciae
536 782 676 860 leposque
693 780 910 858 Semproniae!
937 780 996 840 Sed
1012 779 1060 840 illa
1072 797 1193 858 quoque
1206 792 1322 842 vocatur

325 867 491 941 aversio,
511 883 585 942 quae
601 883 617 924 a
633 866 783 942 proposita
800 864 972 942 quaestione
989 863 1105 923 abducit
1120 864 1319 933 audientem:¹

388 948 455 1011 Non
470 969 524 1028 eqo
539 968 607 1009 enne
623 947 746 1010 Danais
770 946 935 1010 Troianam
954 949 1121 1010 excindere
1140 958 1268 1027 pentem

385 1033 497 1095 Ardide
510 1035 612 1093 iuravi
626 1069 678 1091 —.

324 1115 409 1189 Quod
424 1119 455 1177 lit
471 1127 500 1176 et
514 1117 609 1176 multis
628 1125 656 1174 et
671 1117 758 1175 variis
777 1116 892 1192 liguris,
913 1133 977 1175 eum
993 1124 1040 1175 aut
1056 1114 1133 1176 aliud
1148 1127 1321 1194 expectasse

324 1219 377 1260 nos
403 1212 451 1262 aut
470 1203 559 1260 maius
588 1200 693 1278 aliquid
721 1202 850 1259 timuisse
877 1199 1041 1260 simulamus
1067 1209 1115 1259 aut
1139 1199 1208 1277 plus
1234 1201 1321 1263 videri

323 1303 413 1364 posse
429 1283 636 1362 ignorantibus,
655 1283 741 1360 quale
758 1292 803 1343 est
820 1285 1000 1363 prooemium
1015 1300 1068 1361 pro
1086 1281 1200 1343 Caelio.

286 1378 321 1431 lo
410 1369 465 1429 llla
480 1386 562 1444 vero,
579 1377 610 1427 ut
628 1370 665 1428 ait
683 1365 800 1443 Cicero,
818 1367 883 1427 sub
908 1367 1040 1427 oculos
1063 1367 1256 1429 subiectio
1271 1379 1321 1430 tun
1358 1360 1359 1385 ¹

324 1453 387 1513 lieri
401 1452 494 1529 solet,
516 1470 579 1511 cum
603 1470 650 1511 res
673 1469 730 1511 non
750 1460 836 1528 gesta
856 1451 998 1511 indicatur
1018 1450 1088 1525 sed,
1110 1460 1140 1510 ut
1166 1454 1205 1512 sit
1228 1462 1320 1530 geste,
1355 1468 1359 1519 1

323 1538 494 1610 ostenditur,
510 1554 564 1594 neo
576 1536 775 1596 universa-sed
786 1554 840 1614 per
851 1545 965 1613 partes:
983 1553 1068 1612 quem
1079 1535 1177 1595 locum
1191 1538 1321 1615 proximo

323 1621 397 1681 libro
413 1620 586 1680 subiecimus
602 1620 774 1696 evidentiae,
791 1629 821 1679 et
837 1617 941 1679 Celsus
957 1619 1014 1678 hoc
1029 1636 1133 1678 nomen
1152 1621 1202 1679 isti
1213 1621 1321 1698 figurae

323 1704 411 1765 dedit.
443 1704 489 1763 Ab
507 1704 570 1763 aliis
587 1697 773 1776 ὖιιοιιὶπωσις
789 1705 893 1768 dicitur
907 1704 1058 1782 proposita
1074 1702 1218 1783 quaedam
1234 1707 1321 1769 forna

323 1806 418 1847 rerum
445 1790 483 1846 ita
506 1805 647 1866 expressa
668 1788 782 1863 verbis,
810 1797 841 1847 ut
867 1788 947 1847 cerni
966 1788 1063 1866 potius
1084 1786 1218 1847 videatur
1242 1807 1321 1868 qnam

322 1872 428 1933 audiri:
449 1870 522 1951 lpse
541 1868 748 1956 inflammatus
761 1873 879 1933 saedere
897 1891 937 1933 nc
949 1872 1058 1951 furore
1071 1872 1104 1931 in
1117 1873 1221 1951 foram
1235 1875 1319 1950 venii

279 1960 314 2014 41
323 1958 475 2018 ardebant
488 1958 570 2017 oculi
576 2001 586 2032 ,
608 1965 667 2018 toto
687 1975 728 2017 en
746 1975 801 2018 ore
822 1957 991 2017 crudelitas
1005 1956 1165 2017 eminebat.
1195 1955 1264 2018 Nec
1279 1974 1319 2024 so

322 2040 397 2116 lum,
420 2039 591 2119 quaefacta
613 2041 669 2099 sint
684 2049 731 2099 aut
753 2040 838 2115 liant,
860 2039 1027 2115 sedetiam,
1053 2057 1127 2117 quae
1148 2039 1248 2102 lutura
1271 2034 1319 2103 sint

322 2134 371 2184 aut
387 2124 481 2184 lutura
495 2123 610 2200 luerint,
626 2125 821 2201 imaginamur.
856 2121 929 2183 Mire
947 2132 1051 2183 tractat
1072 2123 1130 2182 hoc
1145 2121 1256 2184 Cicero
1271 2141 1329 2205 pro¹

322 2206 444 2283 Milone,
461 2225 535 2286 quae
551 2208 677 2267 facturus
694 2209 779 2267 luerit
795 2205 926 2284 Clodius,
942 2209 967 2267 si
977 2217 1141 2287 praeturam
1156 2209 1317 2271 invasisset.

323 2294 381 2352 Sed
398 2291 471 2352 haec
493 2293 606 2370 quidem
628 2292 776 2352 translatio
798 2300 1073 2370 temporum,quae
1096 2295 1217 2370 proprie
1239 2286 1319 2371 perd·

323 2394 423 2448 στασις
437 2375 549 2435 dicitur.
586 2375 618 2435 ln
638 2367 815 2436 διατυπώσει
833 2375 1008 2436 verecundia
1030 2375 1104 2455 apud
1125 2373 1244 2453 priores
1262 2378 1318 2437 luit.

323 2459 542 2537 Praeponebant
562 2462 635 2519 enim
657 2460 741 2535 talia,
773 2457 899 2522 Credite
921 2479 976 2521 aas
996 2461 1126 2522 intueri:
1149 2469 1181 2518 ut
1204 2459 1317 2536 Cicero,

321 2541 424 2619 Haec,
447 2560 526 2620 qnae
544 2563 604 2604 non
622 2545 742 2605 vidistis
761 2545 876 2620 oculis,
901 2545 1013 2605 animis
1034 2563 1161 2605 cernere
1185 2547 1320 2623 poteriis.

280 2625 396 2687 42Novi
415 2645 487 2686 vero
508 2637 537 2687 et
561 2629 718 2706 praecipue
739 2627 950 2689 declamatores
972 2627 1108 2687 audacius
1129 2645 1186 2686 nec
1207 2628 1319 2688 meluer-

323 2710 388 2769 cule
410 2712 472 2769 sine
493 2721 571 2770 motu
594 2712 716 2789 quodam
737 2713 939 2788 imaginantur;
970 2721 1000 2771 ut
1024 2721 1054 2770 et
1077 2712 1192 2771 Seneca
1215 2712 1275 2772 ista
1296 2714 1321 2771 in

323 2797 536 2869 controversia,
559 2797 640 2854 cuius
661 2815 767 2856 summa
788 2805 850 2872 est,
874 2796 950 2874 quod
969 2804 1052 2874 pater
1067 2795 1154 2855 filium
1173 2804 1203 2854 et
1217 2814 1321 2856 nover-

322 2897 384 2939 cam
404 2878 558 2938 inducente
582 2880 675 2939 alteno
697 2880 757 2939 filio
776 2883 805 2940 in
825 2879 966 2940 adulterio
983 2879 1184 2959 deprehensos
1199 2881 1321 2941 occidit:

322 2961 408 3040 Dua,
436 2981 567 3041 aequom
589 2967 696 3043 accipe
717 2964 799 3026 donc
818 2965 943 3026 senilem
957 2983 1081 3025 manum
1097 2974 1125 3025 et
1140 2981 1323 3042 quacunque

280 3051 365 3111 43ais
379 3050 528 3127 imprime.
557 3046 593 3106 Et
609 3058 674 3124 post
691 3049 796 3126 paulo,
812 3045 941 3128 Aspice,
959 3051 1073 3126 inquit,
1092 3049 1174 3126 qnod
1192 3050 1250 3110 dia
1264 3069 1323 3112 non

322 3134 491 3195 credidisti.
523 3129 588 3210 Epo
602 3151 674 3194 aero
687 3152 747 3194 non
760 3135 861 3210 video,
875 3151 938 3194 naa
951 3134 1088 3195 adoritur
1098 3143 1126 3195 et
1138 3151 1252 3195 crassa
1269 3153 1322 3196 aa·

322 3219 391 3295 lipo.
419 3216 512 3276 Habet
526 3216 599 3275 liaeo
614 3217 704 3294 ligura
717 3217 896 3277 manifestius
908 3217 1030 3295 aliquid;
1048 3235 1105 3276 non
1122 3219 1197 3275 enim
1212 3217 1322 3277 narrari

280 3311 369 3364 dares
388 3301 440 3360 sed
456 3303 502 3377 agi
517 3301 638 3360 videtur.
668 3300 811 3360 Locorum
827 3319 943 3379 quoque
960 3301 1127 3361 dilucidatio
1143 3300 1211 3361 huic
1224 3303 1322 3362 virtuti

323 3385 485 3461 assignatur
500 3404 517 3444 a
535 3383 715 3462 quibusdam
736 3385 784 3444 alii
803 3385 1006 3465 roncypopiar
1020 3385 1125 3445 dicunt.

407 3467 586 3545 Εἰρωνείαν,
610 3471 720 3545 inveni,
744 3470 791 3546 qui
812 3469 1150 3529 dissimulationem
1163 3479 1321 3535 vocarent:

325 3571 382 3635 quo
401 3553 513 3611 nomine
538 3552 603 3630 qula
626 3572 726 3631 parum
745 3555 832 3612 totius
855 3555 937 3614 huius
959 3553 1069 3630 figurae
1089 3555 1168 3612 vires
1189 3552 1323 3614 videntur

325 3635 454 3710 ostendi,
476 3638 603 3694 nimirum
625 3639 699 3695 sieut
712 3640 739 3696 in
755 3637 905 3716 plerisque
925 3639 1031 3696 erimus
1055 3636 1167 3697 Graeca
1189 3638 1323 3716 appella·

325 3729 404 3789 tione
422 3723 557 3781 contenti.
606 3720 695 3797 Igitur
711 3721 857 3801 εἰρωνεία,
879 3731 1019 3799 quaeest
1040 3722 1175 3797 schema,
1199 3722 1236 3782 ab
1262 3723 1323 3798 illa,
