3184 4409
588 472 1009 569 1usr.onuron.n1c.X‚a.
1234 489 1294 554 tou

296 657 402 725 inillis
422 675 492 716 vera
516 657 545 715 in
568 655 611 715 his
630 656 793 717 assimulata
807 658 925 716 materia
943 666 997 716 est.
1035 656 1118 716 Adde
1143 656 1220 736 quod
1243 676 1292 732 ca,

297 761 372 822 quae
387 744 414 799 in
433 750 550 800 oratore
565 742 684 799 maxima
700 749 780 815 sunt,
804 740 950 800 imitabilia
964 758 1021 799 uon
1036 750 1114 813 suut,
1137 743 1291 817 ingenium,

296 827 441 900 inuentis,
457 826 517 898 uis,
540 823 714 884 facilitas'ct
736 823 871 902 quidquid
892 833 953 883 arte
976 841 1033 882 non
1055 825 1182 882 traditur.
1222 825 1291 884 Ideo
1302 836 1336 891 13

297 911 449 988 plerique,
469 925 532 966 cum
551 907 640 967 verba
664 909 803 985 quaedam
826 908 1059 967 exorationibus
1084 919 1293 986 excerpserunt

297 1003 345 1053 aut
358 993 479 1071 aliquos>
490 992 706 1068 compositionis
722 1001 818 1051 certos
835 991 943 1069 pedes,
966 993 1036 1050 mire
1058 1009 1074 1050 a
1091 1009 1140 1065 sc,
1162 1009 1235 1068 quae
1251 992 1292 1051 le·

297 1086 410 1154 gerunt,
428 1075 525 1151 effingi
542 1075 726 1142 arbitrantur;
753 1093 817 1134 cnm
838 1083 867 1134 ct
890 1075 980 1135 verba
1001 1075 1171 1134 intercidant
1185 1075 1292 1134 invale-

297 1170 436 1238 scantque
451 1158 640 1236 temporibus,
655 1169 686 1217 ut
701 1176 821 1236 quorum
838 1161 995 1218 certissima
1014 1161 1050 1217 sit
1062 1158 1163 1235 regula
1179 1160 1207 1216 in
1225 1177 1293 1218 con·

296 1244 458 1318 suetudine,
476 1260 568 1320 eaque
582 1259 639 1300 non
654 1260 705 1303 sua
720 1252 820 1302 natura
836 1244 892 1301 sint
906 1242 981 1301 bona
997 1251 1044 1302 aut
1056 1242 1130 1301 mala
1147 1241 1225 1320 (nam
1240 1261 1294 1320 per

296 1345 329 1387 so
352 1329 414 1387 soni
437 1335 542 1386 tantum
567 1328 652 1406 sunt)
676 1327 727 1386 sed
751 1335 836 1403 prout
857 1337 1018 1404 opportune
1040 1327 1216 1404 proprieque
1244 1336 1293 1387 aut

296 1429 382 1470 secus
401 1410 544 1471 collocata
559 1419 637 1477 sunt;
660 1420 689 1470 et
704 1411 875 1488 compositio
898 1429 961 1469 cum
976 1411 1064 1470 rebus
1080 1409 1293 1470 accommodata

296 1498 332 1554 sit
347 1505 405 1554 tum
424 1496 487 1572 ipsa
501 1495 640 1553 uarietate
655 1496 826 1570 gratissima.

382 1577 566 1655 Quapropter
585 1578 769 1637 exactissimo
789 1577 894 1636 iudicio
913 1579 990 1636 circa
1010 1576 1083 1636 hanc
1106 1586 1216 1654 partem
1236 1586 1336 1641 stu-14

297 1663 407 1723 diorum
425 1661 609 1721 examinanda
624 1671 688 1720 sunt
702 1663 806 1721 omnia.
832 1661 964 1734 Primum,
977 1679 1050 1738 quos
1063 1663 1213 1735 imitemur,
1229 1679 1293 1720 nam
1308 1686 1310 1691 ·

297 1755 362 1820 sunt
378 1746 501 1823 plurimi,
516 1747 563 1823 qui
579 1744 788 1804 similitudinem
800 1747 917 1822 pessimi
934 1746 1072 1822 cuiusque
1089 1754 1118 1804 et
1135 1747 1293 1823 corruptis·

297 1831 359 1888 simi
376 1831 597 1906 concupierunt;
623 1837 681 1888 tum
701 1830 729 1886 in
751 1830 834 1906 ipsis,
851 1846 925 1907 quos
943 1828 1136 1904 elegerimus,
1163 1829 1229 1907 quid
1245 1831 1292 1902 sit,

296 1915 332 1973 ad
348 1913 424 1990 qnod
436 1929 489 1971 nos
502 1912 683 1971 efficiendam
696 1930 905 1988 comparemus.
934 1911 1005 1970 Nam
1020 1915 1048 1970 in
1059 1915 1167 1987 maguis
1182 1924 1335 1991 quoqucus

297 1996 462 2056 auctoribus
477 1997 603 2055 incidunt
621 1996 714 2073 aliqua
730 1997 834 2055 vitiosa
851 2004 880 2054 et
891 2014 907 2055 a
920 1996 1012 2055 doctis
1025 1997 1099 2053 inter
1113 1999 1193 2073 ipsos
1208 1998 1293 2056 etiam

296 2089 393 2139 mutuo
409 2079 601 2157 reprehensa;
617 2088 703 2156 atque
719 2081 824 2138 utinam
840 2087 895 2138 tam
912 2078 988 2137 bona
1005 2079 1147 2138 imitantes
1162 2079 1293 2138 dicerent

295 2164 398 2223 melius
420 2181 503 2242 quam
521 2163 594 2222 mala
611 2165 692 2240 peius
709 2162 814 2221 dicunt.
851 2161 914 2221 Nec
929 2179 999 2221 vero
1012 2162 1113 2220 saltem
1129 2163 1172 2234 iis,
1190 2162 1293 2240 quibus

296 2249 330 2308 ad
349 2248 480 2307 evitanda
494 2249 562 2305 vitia
580 2247 676 2306 iudicii
697 2248 766 2305 satis
787 2247 853 2321 fuit,
877 2245 1001 2307 sufficiat
1018 2247 1167 2321 imaginem
1181 2248 1293 2304 virtutis

297 2332 438 2408 effingere
455 2340 484 2390 et
497 2331 599 2404 solam,
615 2338 644 2389 ut
658 2331 700 2388 sic
714 2330 845 2404 dixerim,
861 2339 955 2388 cutem
971 2329 1018 2388 vel
1035 2332 1130 2406 potius
1145 2329 1211 2388 illas
1223 2328 1292 2406 Epi·

296 2417 357 2475 curi
373 2416 496 2491 figuras,
520 2432 591 2492 quas
613 2432 629 2474 e
650 2415 765 2472 summis
786 2413 956 2492 corporibus
978 2414 1045 2472 dicit
1065 2413 1196 2474 eilluere.
1230 2412 1293 2475 Hoc
1303 2423 1335 2480 16

295 2508 390 2559 autem
406 2499 448 2556 his
465 2498 585 2572 accidit,
609 2499 657 2575 qui
676 2514 734 2556 non
748 2499 935 2575 introspectis
950 2498 1064 2574 penitus
1083 2498 1234 2557 uirtutibus
1256 2499 1293 2558 ad

296 2585 416 2662 primum
431 2601 464 2640 se
480 2582 560 2640 uelut
575 2591 723 2658 aspectum
739 2582 877 2641 orationis
893 2590 1039 2658 aptaruut;
1056 2590 1086 2640 et
1101 2600 1164 2641 cum
1179 2584 1213 2640 iis
1227 2582 1291 2642 feli-

296 2668 410 2727 cisslme
425 2667 514 2724 cessit
526 2666 660 2726 imitatio:
676 2665 774 2724 uerbis
787 2675 873 2743 atque
889 2666 1014 2724 numeris
1029 2675 1094 2726 sunt
1107 2684 1164 2725 non
1175 2667 1292 2726 multum

296 2751 479 2824 differentes,
501 2750 557 2808 vim
580 2749 692 2808 dicendi
716 2758 802 2826 atque
824 2749 995 2808 inventionis
1016 2766 1073 2808 uon
1089 2760 1293 2827 assequuntur,

294 2834 347 2893 scd
365 2834 533 2911 plerumque
550 2833 694 2893 declinant
712 2835 741 2892 iu
756 2834 839 2910 peius
861 2843 890 2891 et
905 2834 1034 2910 proxima
1056 2834 1206 2893 virtutibus
1223 2835 1292 2893 vitia

295 2916 540 2993 comprehendunt
557 2917 683 2995 fiuntque
698 2934 751 2995 pro
767 2915 923 2993 grandibus
935 2917 1042 2991 tumidi,
1059 2919 1168 2995 pressis
1186 2917 1291 2990 exiles,

294 2999 416 3060 lontibus
432 3002 586 3075 temerarii,
603 3001 686 3060 laetis
700 3001 838 3078 corrupti,
855 3002 1022 3079 compositis
1035 3001 1207 3073 exultantes,
1225 3001 1291 3060 sim·

294 3083 417 3161 plicibus
434 3083 625 3160 negligentes.
658 3083 787 3161 Ideoque
804 3085 852 3160 qui
866 3083 982 3145 horride
998 3094 1084 3161 atque
1099 3086 1291 3161 incomposite
1301 3092 1334 3148 17

295 3166 449 3243 quamlibet
474 3167 544 3227 illud
570 3167 703 3244 frigidum
733 3176 761 3226 et
786 3169 869 3226 inane
897 3168 1076 3242 extulerunt,
1106 3169 1228 3245 antiquis
1257 3185 1291 3226 sc

294 3268 380 3328 pares
397 3250 529 3317 credunt;
546 3252 593 3329 qui
614 3259 712 3309 carent
727 3250 805 3310 cultu
823 3246 910 3328 alque
927 3253 1093 3326 sententiis,
1113 3250 1217 3311 Atticis
1234 3252 1290 3311 sci·

294 3334 377 3399 licet;
397 3336 443 3410 qul
459 3335 599 3411 praecisis
620 3333 1002 3408 conclusionibus-obscuri,
1022 3334 1185 3394 Sallustium
1201 3344 1288 3415 atque

294 3416 489 3491 Thucydidem
505 3427 654 3495 superant:
671 3419 768 3477 tristes
778 3435 814 3478 ac
828 3419 914 3477 ieiuni
924 3417 1085 3478 Pollionem
1097 3419 1286 3486 aemulantur:

294 3501 380 3559 otiosi
397 3509 425 3558 et
442 3502 546 3577 supini,
562 3502 586 3558 si
602 3502 668 3578 quid
682 3502 767 3562 modo
785 3502 900 3579 longius
916 3503 1180 3578 circumduxerunt,
1197 3505 1289 3563 iurant

293 3586 331 3644 ita
350 3581 522 3643 Ciceronem
544 3577 823 3646 locuturnm‘luisse·
853 3583 998 3646 Noveram
1013 3587 1169 3665 quosdam,
1187 3589 1235 3665 qui
1254 3597 1331 3650 sc18

292 3668 414 3747 pulchre
438 3670 620 3746 expressisse
641 3688 732 3746 genus
752 3669 825 3730 illud
855 3670 994 3729 coelestis
1015 3671 1097 3730 huius
1116 3673 1145 3730 in
1164 3671 1286 3730 dicendo

292 3754 346 3813 uiri
361 3751 415 3813 sibi
429 3753 610 3835 uiderentur,
627 3755 651 3814 sl
666 3755 694 3815 in
708 3753 837 3816 clausula
853 3756 1017 3834 posuissent
1037 3752 1116 3818 Esse
1133 3756 1287 3818 videntur.
