3184 4409
336 433 399 498 256
652 448 1012 508 murcomannum

335 600 457 661 maxime
486 611 618 662 versatur
652 603 782 662 auectus.
827 601 886 663 Sed
916 603 1045 682 privatae
1077 622 1193 682 quoque
1223 611 1354 665 causae¹

335 696 484 762 utrumque
500 686 605 746 liabent
623 688 816 764 perorationis
831 703 941 763 genus,
964 696 994 746 et
1014 687 1102 762 illud,
1124 688 1201 766 quod
1226 698 1272 747 est
1293 706 1328 748 ex

336 771 550 830 enumeratione
568 771 783 848 probationum,
801 778 829 828 et
846 770 918 844 hoc,
936 770 1013 847 quod
1028 789 1066 830 ex
1088 772 1229 846 lacrimis,
1245 774 1271 830 si
1284 781 1328 831 aut
1358 792 1359 797 ¹

336 862 410 913 statu
424 854 580 931 periclitari
596 864 643 914 aut
658 856 793 933 opinione
812 854 941 930 litigator
960 855 1083 914 videtur.
1127 853 1200 915 Nam
1221 856 1249 913 in
1265 874 1327 933 par·

334 939 378 995 vis
396 939 509 1014 quidem
525 938 620 998 litibus
640 938 692 998 lras
713 936 880 1013 tragoedias
900 954 1018 997 mouere
1039 938 1097 997 talc
1118 948 1179 1014 est,
1203 941 1287 1016 quasi
1306 940 1328 997 si

335 1039 489 1099 personam
502 1021 636 1081 llerculis
653 1031 682 1081 et
698 1021 857 1080 cothurnos
873 1031 972 1098 aptare
988 1021 1141 1082 infantibus
1159 1023 1246 1082 velis.

294 1116 328 1173 37
420 1104 465 1164 Ne
487 1105 556 1165 illud
580 1105 694 1183 quidem
717 1104 863 1180 indignum
885 1113 930 1164 est
953 1104 1158 1181 admonitione,
1181 1107 1285 1182 ingens
1304 1107 1330 1165 in

337 1190 538 1274 epilogislmeo
551 1190 736 1249 iudicioverti
749 1189 912 1264 discrimen,
925 1190 1105 1266 quomodo
1123 1208 1162 1248 se
1178 1189 1329 1263 dicenti,

336 1274 396 1352 qui
423 1274 628 1348 excitatur,
660 1272 923 1332 accommodet.
978 1271 1050 1333 Nam
1081 1281 1110 1332 et
1136 1275 1280 1350 imperitia
1304 1281 1330 1332 et

335 1359 479 1416 rusticitas
496 1367 525 1417 et
540 1359 621 1433 rigor
636 1367 665 1415 et
680 1356 848 1416 deformitas
868 1355 990 1415 aderunt
1006 1358 1117 1416 interim
1139 1358 1248 1433 frigus,
1271 1357 1330 1417 dili-

293 1450 496 1518 38gcnterque
518 1450 582 1500 snut
601 1440 674 1500 haec
695 1441 787 1499 actori
810 1438 997 1517 providenda.
1042 1440 1079 1500 Et
1103 1440 1218 1519 quidem
1245 1459 1331 1519 repu-

334 1534 456 1603 gnantes
472 1541 524 1583 eos
539 1533 661 1601 patrono
678 1534 707 1583 et
722 1524 790 1583 nihil
805 1523 885 1582 vultu
905 1533 1064 1582 commotos
1080 1534 1109 1584 et
1129 1527 1332 1602 intempestive

334 1609 498 1668 residentes
531 1616 560 1666 et
585 1606 663 1667 iacto
690 1608 787 1684 aliquo
808 1607 856 1666 vel
878 1608 943 1685 ipso
964 1608 1044 1667 vultu
1068 1610 1156 1667 risum
1180 1618 1332 1666 moventes

335 1709 426 1768 saepe
441 1692 517 1767 vidi,
535 1693 692 1768 praecipue
714 1708 786 1749 vero
811 1710 874 1750 cum
894 1692 991 1769 aliqua
1010 1692 1090 1751 velut
1116 1693 1232 1750 scenice
1252 1692 1331 1750 liunt.

293 1786 327 1842 39
335 1775 492 1836 Transtulit
511 1775 663 1853 aliqnando
679 1783 817 1852 patronus
835 1775 977 1852 puellam,
1001 1794 1075 1853 quae
1090 1793 1179 1835 soror,
1194 1793 1264 1840 estse
1285 1775 1332 1834 ad·

334 1859 455 1918 versarii
471 1858 635 1934 dicebatur,
655 1860 734 1937 (nam
750 1858 786 1917 de
803 1858 861 1918 hoc
878 1858 914 1919 lis
930 1861 1007 1938 erat)
1032 1861 1060 1920 in
1078 1860 1199 1919 adversa
1217 1859 1331 1919 subsel-

335 1943 388 2019 lia,
408 1952 540 2020 tanquam
555 1945 583 2002 in
597 1945 707 2020 gremio
724 1943 820 2002 fratris
835 1941 1004 2018 relicturos,
1016 1953 1055 2002 -at
1070 1945 1094 2002 is
1116 1962 1132 2002 a
1147 1942 1229 2001 nobis
1246 1961 1331 2020 prae·

335 2029 458 2087 monitus
475 2027 660 2087 discesserat.
704 2027 775 2086 'lum
795 2027 864 2102 ille,
881 2027 988 2104 alioqui
1002 2028 1047 2086 vir
1062 2027 1216 2101 facundus,
1238 2028 1330 2104 inopi·

334 2121 417 2171 natae
433 2111 475 2170 rei
493 2130 560 2171 casu
578 2111 715 2170 obmutuit
736 2120 764 2169 et
780 2110 915 2171 infantem
935 2129 1014 2169 suam
1029 2111 1213 2188 lrigidissime
1228 2127 1331 2188 repor-

292 2198 413 2261 40tavit.
458 2195 539 2255 Alius
558 2197 707 2272 imaginem
718 2196 811 2254 mariti
825 2211 878 2272 pro
893 2212 943 2253 rea
955 2195 1088 2272 prolerre
1099 2194 1193 2270 magni
1206 2197 1331 2273 putavit;

272 2331 274 2336 .
336 2289 414 2339 ntea
431 2281 548 2358 saepius
569 2282 655 2338 risum
677 2279 756 2338 lecit.
801 2278 872 2338 Nam
891 2287 919 2337 et
940 2280 976 2352 ii,
1003 2295 1123 2356 quorum
1145 2278 1237 2337 oflicii
1259 2286 1331 2352 erat,

334 2373 364 2423 ut
380 2364 526 2423 traderent
540 2381 616 2439 eam,
632 2364 738 2439 ignari,
756 2365 804 2439 qui
819 2371 899 2421 esset
913 2362 1064 2440 epilogus,
1081 2363 1213 2440 quotiens
1228 2380 1331 2440 respe-

334 2449 427 2506 xisset
450 2456 604 2524 patronus,
621 2446 782 2506 ollerebant
800 2447 911 2525 palam,
932 2455 962 2504 et
978 2447 1091 2523 prolata
1109 2447 1266 2505 novissime
1282 2446 1332 2505 de·

335 2529 479 2589 formitate
495 2533 558 2608 ipsa
582 2530 661 2607 (nam
679 2533 756 2589 senis
780 2530 914 2590 cadaveri
938 2539 999 2589 erat
1018 2530 1127 2610 inlusa)
1146 2531 1333 2608 praeteritam

293 2623 327 2678 41
336 2631 451 2691 quoque
468 2616 605 2672 orationis
621 2615 741 2689 gratiam
756 2614 890 2691 perdidit.
934 2614 996 2672 Nec
1012 2616 1156 2689 ignotum5
1173 2614 1241 2690 qnid
1265 2613 1333 2688 Gly-

336 2697 417 2772 coni,
444 2699 488 2755 cui
511 2698 655 2774 Spiridion
674 2697 726 2755 fuit
748 2715 925 2773 cognomen,
948 2690 1094 2757 acciderit.
1146 2697 1218 2756 Huic
1247 2715 1333 2775 puer,

336 2798 419 2859 quem
442 2781 466 2839 is
487 2781 656 2857 productum
676 2783 742 2858 quid
766 2782 850 2840 deret
869 2781 1084 2857 interrogabat,
1110 2799 1131 2842 c
1149 2782 1334 2860 poedagogo

333 2866 522 2927 aecellicari
536 2865 695 2941 respoudit.
741 2866 800 2925 Sed
823 2864 892 2924 nihil
915 2865 966 2924 illa
990 2867 1067 2924 circa
1083 2863 1224 2943 Cepasios
1247 2862 1333 2924 Cice-

292 2949 413 3014 42r0nis
429 2948 529 3009 iabula
550 2948 697 3007 efficacius
722 2949 757 3008 ad
779 2949 910 3027 pericula
934 2949 1124 3029 epilogorum.
1170 2946 1271 3008 Omnia
1290 2958 1333 3008 ta·

334 3051 400 3093 men
415 3033 487 3092 haec
507 3031 668 3092 tolerabilia
684 3034 736 3106 iis,
754 3033 857 3111 quibus
873 3033 1015 3092 actionem
1035 3042 1145 3092 mutare
1166 3031 1253 3091 facile
1270 3041 1333 3100 est;

335 3125 380 3192 at,
397 3119 445 3196 qui
461 3135 476 3176 a
499 3117 565 3176 stilo
583 3134 640 3174 non
657 3116 812 3191 recedunt,
834 3125 881 3175 aut
899 3118 1097 3175 conticescunt
1114 3118 1149 3176 ad
1169 3116 1223 3175 lros
1244 3132 1333 3174 casus

248 3222 253 3241 ¹
335 3209 384 3261 aut
405 3202 636 3279 frequentissime
657 3200 730 3260 falsa
746 3201 851 3260 dicunt.
894 3199 964 3259 lnde
982 3210 1027 3259 est
1047 3203 1131 3276 enim,
1157 3199 1266 3260 Tendit
1288 3199 1335 3260 ad

332 3302 436 3367 penno
458 3294 562 3346 oestro
586 3286 739 3364 supplicet
763 3288 888 3359 monos,
921 3281 950 3343 et
976 3282 1091 3345 Haeret
1113 3287 1147 3345 ic
1172 3284 1335 3361 complecta

332 3367 500 3434 liberorum
513 3371 623 3443 miser,
647 3377 675 3427 et
690 3367 826 3429 ltewcct
840 3389 913 3429 ecce
927 3387 991 3438 mm
1012 3370 1122 3436 etiamsi
1144 3367 1213 3426 nihil
1228 3367 1333 3427 horum

287 3458 379 3526 tale,
398 3451 433 3510 de
451 3469 506 3529 quo
523 3452 641 3526 dicitur,
663 3452 758 3511 iaciat.
804 3452 849 3511 Ex
865 3452 973 3511 scholis
991 3452 1065 3511 lraec
1080 3453 1164 3526 vitia,
1181 3453 1209 3509 in
1226 3451 1331 3528 quibus

249 3592 253 3600 ,
323 3536 429 3606 omnia
444 3535 535 3594 libere
551 3536 680 3611 fingimus
698 3544 725 3593 et
737 3537 866 3612 impune,
884 3537 949 3612 quia
961 3552 1015 3613 pro
1029 3535 1108 3596 facto
1125 3543 1179 3610 est,
1192 3534 1332 3613 quidquid
1345 3526 1350 3537 ’

313 3617 492 3698 soluimum
509 3636 565 3678 non
580 3620 698 3679 admittit
714 3618 770 3677 lroc
785 3619 860 3678 idem
875 3620 998 3695 veritas,
1015 3621 1195 3696 egregieque
1211 3618 1331 3681 Cassios

301 3703 441 3792 (licenti
457 3701 690 3765 adolescentulo:
706 3699 787 3777 Quid
800 3722 847 3765 mc
860 3710 944 3766 torvo
955 3705 1037 3766 oudo
1047 3701 1332 3781 intuenteseveret
