<?xml version="1.0" encoding="UTF-8"?>
<!DOCTYPE html PUBLIC "-//W3C//DTD XHTML 1.0 Transitional//EN"
    "http://www.w3.org/TR/xhtml1/DTD/xhtml1-transitional.dtd">
<html xmlns="http://www.w3.org/1999/xhtml" xml:lang="en" lang="en">
 <head>
  <title>
</title>
<meta http-equiv="Content-Type" content="text/html;charset=utf-8" />
  <meta name='ocr-system' content='tesseract 3.04.00' />
  <meta name='ocr-capabilities' content='ocr_page ocr_carea ocr_par ocr_line ocrx_word'/>
</head>
<body>
  <div class='ocr_page' id='page_1' title='image "./mfabiiquintilia02quingoog_0528.png"; bbox 0 0 3184 4409; ppageno 0'>
   <div class='ocr_carea' id='block_1_1' title="bbox 304 470 987 546">
    <p class='ocr_par' dir='ltr' id='par_1_1' title="bbox 304 470 987 546">
     <span class='ocr_line' id='line_1_1' title="bbox 304 470 987 546; baseline 0.007 -14"><span class='ocrx_word' id='word_1_1' title='bbox 304 470 375 541; x_wconf 79' lang='grc' dir='ltr'>196Ι</span> <span class='ocrx_word' id='word_1_2' title='bbox 592 524 596 529; x_wconf 97' lang='grc'>.</span> <span class='ocrx_word' id='word_1_3' title='bbox 622 486 659 534; x_wconf 84' lang='lat' dir='ltr'>ss.</span> <span class='ocrx_word' id='word_1_4' title='bbox 673 484 752 534; x_wconf 76' lang='lat' dir='ltr'>nne.</span> <span class='ocrx_word' id='word_1_5' title='bbox 768 482 987 546; x_wconf 78' lang='lat' dir='ltr'>omnrmusn</span> 
     </span>
    </p>
   </div>
   <div class='ocr_carea' id='block_1_2' title="bbox 248 638 1356 3825">
    <p class='ocr_par' dir='ltr' id='par_1_2' title="bbox 248 638 1356 3825">
     <span class='ocr_line' id='line_1_2' title="bbox 301 638 1301 717; baseline 0.007 -19"><span class='ocrx_word' id='word_1_6' title='bbox 301 657 364 699; x_wconf 90' lang='lat' dir='ltr'>cem</span> <span class='ocrx_word' id='word_1_7' title='bbox 384 641 533 699; x_wconf 88' lang='lat' dir='ltr'>continuus</span> <span class='ocrx_word' id='word_1_8' title='bbox 555 638 667 717; x_wconf 85' lang='lat' dir='ltr'>quidam</span> <span class='ocrx_word' id='word_1_9' title='bbox 687 641 861 716; x_wconf 82' lang='lat' dir='ltr'>gemituset</span> <span class='ocrx_word' id='word_1_10' title='bbox 881 642 956 703; x_wconf 79' lang='lat' dir='ltr'>idem</span> <span class='ocrx_word' id='word_1_11' title='bbox 975 642 1113 703; x_wconf 80' lang='lat' dir='ltr'>trbtltiae</span> <span class='ocrx_word' id='word_1_12' title='bbox 1131 642 1235 705; x_wconf 77' lang='lat' dir='ltr'>vultus</span> <span class='ocrx_word' id='word_1_13' title='bbox 1248 660 1301 705; x_wconf 67' lang='lat' dir='ltr'>su·</span> 
     </span>
     <span class='ocr_line' id='line_1_3' title="bbox 299 723 1302 802; baseline 0.008 -21"><span class='ocrx_word' id='word_1_14' title='bbox 299 723 428 798; x_wconf 79' lang='lat' dir='ltr'>rabitur,</span> <span class='ocrx_word' id='word_1_15' title='bbox 453 726 478 782; x_wconf 90' lang='lat' dir='ltr'>si</span> <span class='ocrx_word' id='word_1_16' title='bbox 497 724 610 802; x_wconf 85' lang='lat' dir='ltr'>quidem</span> <span class='ocrx_word' id='word_1_17' title='bbox 630 723 712 783; x_wconf 83' lang='lat' dir='ltr'>volet</span> <span class='ocrx_word' id='word_1_18' title='bbox 731 724 863 787; x_wconf 82' lang='lat' dir='ltr'>dolorem</span> <span class='ocrx_word' id='word_1_19' title='bbox 883 742 965 787; x_wconf 85' lang='lat' dir='ltr'>sunm</span> <span class='ocrx_word' id='word_1_20' title='bbox 986 724 1073 786; x_wconf 82' lang='lat' dir='ltr'>etiarn</span> <span class='ocrx_word' id='word_1_21' title='bbox 1095 728 1130 787; x_wconf 83' lang='lat' dir='ltr'>ln</span> <span class='ocrx_word' id='word_1_22' title='bbox 1156 727 1302 789; x_wconf 73' lang='lat' dir='ltr'>audientes</span> 
     </span>
     <span class='ocr_line' id='line_1_4' title="bbox 299 806 1302 887; baseline 0.006 -21"><span class='ocrx_word' id='word_1_23' title='bbox 299 806 522 867; x_wconf 70' lang='lat' dir='ltr'>transfundere?</span> <span class='ocrx_word' id='word_1_24' title='bbox 541 825 626 885; x_wconf 88' lang='lat' dir='ltr'>quem</span> <span class='ocrx_word' id='word_1_25' title='bbox 641 809 666 867; x_wconf 89' lang='lat' dir='ltr'>si</span> <span class='ocrx_word' id='word_1_26' title='bbox 680 826 800 886; x_wconf 85' lang='lat' dir='ltr'>usquam</span> <span class='ocrx_word' id='word_1_27' title='bbox 816 809 969 887; x_wconf 72' lang='lat' dir='ltr'>remiserit,</span> <span class='ocrx_word' id='word_1_28' title='bbox 989 811 1017 869; x_wconf 89' lang='lat' dir='ltr'>lu</span> <span class='ocrx_word' id='word_1_29' title='bbox 1034 811 1166 872; x_wconf 84' lang='lat' dir='ltr'>animum</span> <span class='ocrx_word' id='word_1_30' title='bbox 1181 812 1302 873; x_wconf 75' lang='lat' dir='ltr'>indicn-</span> 
     </span>
     <span class='ocr_line' id='line_1_5' title="bbox 259 889 1303 977; baseline 0.007 -27"><span class='ocrx_word' id='word_1_31' title='bbox 259 892 366 952; x_wconf 80' lang='lat' dir='ltr'>55tium</span> <span class='ocrx_word' id='word_1_32' title='bbox 393 908 450 950; x_wconf 93' lang='lat' dir='ltr'>non</span> <span class='ocrx_word' id='word_1_33' title='bbox 474 892 604 952; x_wconf 83' lang='lat' dir='ltr'>reducet.</span> <span class='ocrx_word' id='word_1_34' title='bbox 642 889 726 964; x_wconf 79' lang='lat' dir='ltr'>Quod</span> <span class='ocrx_word' id='word_1_35' title='bbox 750 894 908 977; x_wconf 84' lang='lat' dir='ltr'>praecipue</span> <span class='ocrx_word' id='word_1_36' title='bbox 931 892 1167 955; x_wconf 69' lang='lat' dir='ltr'>declamantibus</span> <span class='ocrx_word' id='word_1_37' title='bbox 1195 895 1303 977; x_wconf 69' lang='lat' dir='ltr'>(nequ</span> 
     </span>
     <span class='ocr_line' id='line_1_6' title="bbox 299 972 1304 1056; baseline 0.007 -22"><span class='ocrx_word' id='word_1_38' title='bbox 299 976 373 1034; x_wconf 91' lang='lat' dir='ltr'>enim</span> <span class='ocrx_word' id='word_1_39' title='bbox 387 993 432 1034; x_wconf 88' lang='lat' dir='ltr'>me</span> <span class='ocrx_word' id='word_1_40' title='bbox 447 977 578 1054; x_wconf 87' lang='lat' dir='ltr'>poenitet</span> <span class='ocrx_word' id='word_1_41' title='bbox 592 975 627 1035; x_wconf 92' lang='lat' dir='ltr'>ad</span> <span class='ocrx_word' id='word_1_42' title='bbox 642 975 698 1034; x_wconf 92' lang='lat' dir='ltr'>boc</span> <span class='ocrx_word' id='word_1_43' title='bbox 713 994 830 1054; x_wconf 83' lang='lat' dir='ltr'>quoque</span> <span class='ocrx_word' id='word_1_44' title='bbox 846 992 920 1056; x_wconf 89' lang='lat' dir='ltr'>opus</span> <span class='ocrx_word' id='word_1_45' title='bbox 933 993 1028 1037; x_wconf 84' lang='lat' dir='ltr'>meum</span> <span class='ocrx_word' id='word_1_46' title='bbox 1041 985 1072 1037; x_wconf 84' lang='lat' dir='ltr'>et</span> <span class='ocrx_word' id='word_1_47' title='bbox 1087 972 1195 1039; x_wconf 74' lang='lat' dir='ltr'>cnm</span> <span class='ocrx_word' id='word_1_48' title='bbox 1207 996 1304 1041; x_wconf 83' lang='lat' dir='ltr'>snsce-</span> 
     </span>
     <span class='ocr_line' id='line_1_7' title="bbox 298 1059 1304 1141; baseline 0.009 -25"><span class='ocrx_word' id='word_1_49' title='bbox 298 1068 412 1137; x_wconf 89' lang='lat' dir='ltr'>ptorum</span> <span class='ocrx_word' id='word_1_50' title='bbox 436 1059 527 1118; x_wconf 89' lang='lat' dir='ltr'>semel</span> <span class='ocrx_word' id='word_1_51' title='bbox 552 1059 777 1119; x_wconf 90' lang='lat' dir='ltr'>adolescentium</span> <span class='ocrx_word' id='word_1_52' title='bbox 802 1062 967 1141; x_wconf 77' lang='lat' dir='ltr'><strong>respicere)</strong></span> <span class='ocrx_word' id='word_1_53' title='bbox 995 1060 1229 1125; x_wconf 82' lang='lat' dir='ltr'>custodiendum</span> <span class='ocrx_word' id='word_1_54' title='bbox 1255 1072 1304 1139; x_wconf 49' lang='grc' dir='ltr'>ἢ</span> 
     </span>
     <span class='ocr_line' id='line_1_8' title="bbox 299 1142 1305 1224; baseline 0.008 -23"><span class='ocrx_word' id='word_1_55' title='bbox 299 1159 357 1220; x_wconf 86' lang='lat' dir='ltr'>quo</span> <span class='ocrx_word' id='word_1_56' title='bbox 373 1143 471 1220; x_wconf 79' lang='lat' dir='ltr'>plures</span> <span class='ocrx_word' id='word_1_57' title='bbox 487 1144 515 1202; x_wconf 92' lang='lat' dir='ltr'>in</span> <span class='ocrx_word' id='word_1_58' title='bbox 532 1142 633 1202; x_wconf 87' lang='lat' dir='ltr'>schola</span> <span class='ocrx_word' id='word_1_59' title='bbox 649 1143 791 1221; x_wconf 79' lang='lat' dir='ltr'>linguntur</span> <span class='ocrx_word' id='word_1_60' title='bbox 806 1144 938 1224; x_wconf 74' lang='lat' dir='ltr'>affectus,</span> <span class='ocrx_word' id='word_1_61' title='bbox 954 1144 1029 1223; x_wconf 81' lang='lat' dir='ltr'>qnos</span> <span class='ocrx_word' id='word_1_62' title='bbox 1042 1160 1101 1205; x_wconf 84' lang='lat' dir='ltr'>non</span> <span class='ocrx_word' id='word_1_63' title='bbox 1120 1154 1156 1206; x_wconf 86' lang='lat' dir='ltr'>ul</span> <span class='ocrx_word' id='word_1_64' title='bbox 1171 1147 1305 1209; x_wconf 77' lang='lat' dir='ltr'>advocati</span> 
     </span>
     <span class='ocr_line' id='line_1_9' title="bbox 256 1225 1306 1306; baseline 0.003 -18"><span class='ocrx_word' id='word_1_65' title='bbox 256 1226 349 1288; x_wconf 86' lang='lat' dir='ltr'>56sed</span> <span class='ocrx_word' id='word_1_66' title='bbox 364 1235 394 1285; x_wconf 95' lang='lat' dir='ltr'>ut</span> <span class='ocrx_word' id='word_1_67' title='bbox 414 1228 492 1305; x_wconf 88' lang='lat' dir='ltr'>passi</span> <span class='ocrx_word' id='word_1_68' title='bbox 512 1226 648 1285; x_wconf 84' lang='lat' dir='ltr'><strong>subimus.</strong></span> <span class='ocrx_word' id='word_1_69' title='bbox 681 1225 753 1287; x_wconf 84' lang='lat' dir='ltr'>Cum</span> <span class='ocrx_word' id='word_1_70' title='bbox 769 1230 854 1289; x_wconf 88' lang='lat' dir='ltr'>etiam</span> <span class='ocrx_word' id='word_1_71' title='bbox 874 1228 931 1293; x_wconf 86' lang='lat' dir='ltr'>boe</span> <span class='ocrx_word' id='word_1_72' title='bbox 953 1244 1045 1306; x_wconf 55' lang='lat' dir='ltr'>mnus</span> <span class='ocrx_word' id='word_1_73' title='bbox 1061 1228 1201 1291; x_wconf 77' lang='lat' dir='ltr'>&#39;sbnnlari</span> <span class='ocrx_word' id='word_1_74' title='bbox 1219 1230 1306 1293; x_wconf 80' lang='lat' dir='ltr'>litlu</span> 
     </span>
     <span class='ocr_line' id='line_1_10' title="bbox 297 1310 1307 1393; baseline 0.007 -25"><span class='ocrx_word' id='word_1_75' title='bbox 297 1310 405 1385; x_wconf 82' lang='lat' dir='ltr'>soleat,</span> <span class='ocrx_word' id='word_1_76' title='bbox 429 1328 493 1370; x_wconf 92' lang='lat' dir='ltr'>cum</span> <span class='ocrx_word' id='word_1_77' title='bbox 514 1312 558 1369; x_wconf 85' lang='lat' dir='ltr'>ius</span> <span class='ocrx_word' id='word_1_78' title='bbox 576 1312 675 1370; x_wconf 89' lang='lat' dir='ltr'>mortis</span> <span class='ocrx_word' id='word_1_79' title='bbox 692 1328 709 1370; x_wconf 92' lang='lat' dir='ltr'>a</span> <span class='ocrx_word' id='word_1_80' title='bbox 723 1320 824 1371; x_wconf 89' lang='lat' dir='ltr'>senatu</span> <span class='ocrx_word' id='word_1_81' title='bbox 836 1312 960 1390; x_wconf 77' lang='lat' dir='ltr'>¹(puidam</span> <span class='ocrx_word' id='word_1_82' title='bbox 973 1311 1012 1373; x_wconf 84' lang='lat' dir='ltr'>ob</span> <span class='ocrx_word' id='word_1_83' title='bbox 1027 1311 1159 1391; x_wconf 77' lang='lat' dir='ltr'>adquam</span> <span class='ocrx_word' id='word_1_84' title='bbox 1173 1330 1307 1393; x_wconf 71' lang='lat' dir='ltr'>mgna·</span> 
     </span>
     <span class='ocr_line' id='line_1_11' title="bbox 296 1393 1305 1475; baseline 0.007 -23"><span class='ocrx_word' id='word_1_85' title='bbox 296 1393 493 1454; x_wconf 76' lang='lat' dir='ltr'>infelicitatem</span> <span class='ocrx_word' id='word_1_86' title='bbox 512 1393 561 1455; x_wconf 90' lang='lat' dir='ltr'>vel</span> <span class='ocrx_word' id='word_1_87' title='bbox 582 1395 667 1455; x_wconf 87' lang='lat' dir='ltr'>etlam</span> <span class='ocrx_word' id='word_1_88' title='bbox 689 1397 893 1473; x_wconf 83' lang='lat' dir='ltr'>poenitentiam</span> <span class='ocrx_word' id='word_1_89' title='bbox 914 1396 1040 1475; x_wconf 83' lang='lat' dir='ltr'>petunt‚&#39;</span> <span class='ocrx_word' id='word_1_90' title='bbox 1057 1396 1088 1456; x_wconf 88' lang='lat' dir='ltr'>in</span> <span class='ocrx_word' id='word_1_91' title='bbox 1113 1396 1228 1475; x_wconf 65' lang='lat' dir='ltr'>qubus</span> <span class='ocrx_word' id='word_1_92' title='bbox 1251 1414 1305 1459; x_wconf 81' lang='lat' dir='ltr'>noa</span> 
     </span>
     <span class='ocr_line' id='line_1_12' title="bbox 297 1464 1305 1558; baseline 0.007 -22"><span class='ocrx_word' id='word_1_93' title='bbox 297 1477 389 1536; x_wconf 90' lang='lat' dir='ltr'>solum</span> <span class='ocrx_word' id='word_1_94' title='bbox 408 1487 543 1553; x_wconf 76' lang='lat' dir='ltr'>cantare,</span> <span class='ocrx_word' id='word_1_95' title='bbox 567 1479 645 1557; x_wconf 86' lang='lat' dir='ltr'>quod</span> <span class='ocrx_word' id='word_1_96' title='bbox 665 1481 762 1540; x_wconf 85' lang='lat' dir='ltr'>vitium</span> <span class='ocrx_word' id='word_1_97' title='bbox 782 1480 926 1558; x_wconf 79' lang='lat' dir='ltr'>pervasit,</span> <span class='ocrx_word' id='word_1_98' title='bbox 948 1464 996 1540; x_wconf 73' lang='lat' dir='ltr'>dut</span> <span class='ocrx_word' id='word_1_99' title='bbox 1016 1479 1160 1541; x_wconf 81' lang='lat' dir='ltr'>lascivire</span> <span class='ocrx_word' id='word_1_100' title='bbox 1178 1482 1246 1545; x_wconf 73' lang='lat' dir='ltr'>sed</span> <span class='ocrx_word' id='word_1_101' title='bbox 1268 1500 1305 1543; x_wconf 79' lang='lat' dir='ltr'>se</span> 
     </span>
     <span class='ocr_line' id='line_1_13' title="bbox 296 1561 1305 1645; baseline 0.008 -25"><span class='ocrx_word' id='word_1_102' title='bbox 296 1564 489 1639; x_wconf 80' lang='lat' dir='ltr'>argumentari</span> <span class='ocrx_word' id='word_1_103' title='bbox 505 1561 619 1640; x_wconf 85' lang='lat' dir='ltr'>quidem</span> <span class='ocrx_word' id='word_1_104' title='bbox 634 1563 688 1622; x_wconf 89' lang='lat' dir='ltr'>nisi</span> <span class='ocrx_word' id='word_1_105' title='bbox 701 1563 796 1622; x_wconf 78' lang='lat' dir='ltr'>mixtis</span> <span class='ocrx_word' id='word_1_106' title='bbox 813 1562 972 1643; x_wconf 85' lang='lat' dir='ltr'>etquidem</span> <span class='ocrx_word' id='word_1_107' title='bbox 988 1564 1044 1639; x_wconf 83' lang='lat' dir='ltr'>lta,</span> <span class='ocrx_word' id='word_1_108' title='bbox 1065 1570 1098 1623; x_wconf 85' lang='lat' dir='ltr'>ut</span> <span class='ocrx_word' id='word_1_109' title='bbox 1111 1564 1182 1643; x_wconf 79' lang='lat' dir='ltr'>ipsa</span> <span class='ocrx_word' id='word_1_110' title='bbox 1196 1566 1305 1645; x_wconf 62' lang='lat' dir='ltr'>probe</span> 
     </span>
     <span class='ocr_line' id='line_1_14' title="bbox 296 1644 1305 1726; baseline 0.008 -22"><span class='ocrx_word' id='word_1_111' title='bbox 296 1646 375 1705; x_wconf 89' lang='lat' dir='ltr'>tione</span> <span class='ocrx_word' id='word_1_112' title='bbox 389 1646 481 1723; x_wconf 79' lang='lat' dir='ltr'>magis</span> <span class='ocrx_word' id='word_1_113' title='bbox 496 1648 647 1722; x_wconf 84' lang='lat' dir='ltr'>emineant,</span> <span class='ocrx_word' id='word_1_114' title='bbox 663 1646 814 1706; x_wconf 74' lang='lat' dir='ltr'>dilectibus</span> <span class='ocrx_word' id='word_1_115' title='bbox 829 1647 924 1709; x_wconf 86' lang='lat' dir='ltr'>decet.</span> <span class='ocrx_word' id='word_1_116' title='bbox 954 1644 1026 1708; x_wconf 80' lang='lat' dir='ltr'>Nam</span> <span class='ocrx_word' id='word_1_117' title='bbox 1042 1648 1091 1726; x_wconf 80' lang='lat' dir='ltr'>qul</span> <span class='ocrx_word' id='word_1_118' title='bbox 1105 1648 1305 1712; x_wconf 76' lang='lat' dir='ltr'>intermittere</span> 
     </span>
     <span class='ocr_line' id='line_1_15' title="bbox 296 1729 1262 1819; baseline 0.006 -31"><span class='ocrx_word' id='word_1_119' title='bbox 296 1729 453 1806; x_wconf 79' lang='lat' dir='ltr'>iungendo</span> <span class='ocrx_word' id='word_1_120' title='bbox 469 1729 600 1789; x_wconf 91' lang='lat' dir='ltr'>dolorem</span> <span class='ocrx_word' id='word_1_121' title='bbox 614 1739 729 1809; x_wconf 86' lang='lat' dir='ltr'>potest,</span> <span class='ocrx_word' id='word_1_122' title='bbox 749 1731 864 1791; x_wconf 84' lang='lat' dir='ltr'>videtur</span> <span class='ocrx_word' id='word_1_123' title='bbox 880 1746 969 1810; x_wconf 86' lang='lat' dir='ltr'>posse</span> <span class='ocrx_word' id='word_1_124' title='bbox 983 1732 1070 1791; x_wconf 81' lang='lat' dir='ltr'>etiam</span> <span class='ocrx_word' id='word_1_125' title='bbox 1090 1731 1262 1819; x_wconf 67' lang='lat' dir='ltr'>deponepe.</span> 
     </span>
     <span class='ocr_line' id='line_1_16' title="bbox 253 1811 1302 1895; baseline 0.006 -21"><span class='ocrx_word' id='word_1_126' title='bbox 253 1819 288 1875; x_wconf 84' lang='grc'>57</span> <span class='ocrx_word' id='word_1_127' title='bbox 378 1811 487 1874; x_wconf 87' lang='lat' dir='ltr'>Nescio</span> <span class='ocrx_word' id='word_1_128' title='bbox 502 1821 597 1873; x_wconf 89' lang='lat' dir='ltr'>tamen</span> <span class='ocrx_word' id='word_1_129' title='bbox 613 1832 649 1873; x_wconf 86' lang='lat' dir='ltr'>an</span> <span class='ocrx_word' id='word_1_130' title='bbox 663 1814 756 1892; x_wconf 88' lang='lat' dir='ltr'>buius,</span> <span class='ocrx_word' id='word_1_131' title='bbox 772 1815 809 1875; x_wconf 91' lang='lat' dir='ltr'>de</span> <span class='ocrx_word' id='word_1_132' title='bbox 823 1811 1049 1895; x_wconf 61' lang='lat' dir='ltr'>melequinum,</span> <span class='ocrx_word' id='word_1_133' title='bbox 1065 1813 1188 1877; x_wconf 75' lang='lat' dir='ltr'>decoris</span> <span class='ocrx_word' id='word_1_134' title='bbox 1204 1820 1302 1879; x_wconf 72' lang='grc' dir='ltr'><strong>οιιιιι-</strong></span> 
     </span>
     <span class='ocr_line' id='line_1_17' title="bbox 256 1896 1299 1978; baseline 0.01 -25"><span class='ocrx_word' id='word_1_135' title='bbox 256 1946 259 1951; x_wconf 95' lang='grc'><em>.</em></span> <span class='ocrx_word' id='word_1_136' title='bbox 296 1896 480 1957; x_wconf 85' lang='lat' dir='ltr'>dia&#39;maxime</span> <span class='ocrx_word' id='word_1_137' title='bbox 503 1898 581 1958; x_wconf 90' lang='lat' dir='ltr'>eirca</span> <span class='ocrx_word' id='word_1_138' title='bbox 603 1915 671 1974; x_wconf 87' lang='lat' dir='ltr'>eos,</span> <span class='ocrx_word' id='word_1_139' title='bbox 694 1906 824 1960; x_wconf 88' lang='lat' dir='ltr'>contra</span> <span class='ocrx_word' id='word_1_140' title='bbox 843 1915 934 1978; x_wconf 86' lang='lat' dir='ltr'>quos</span> <span class='ocrx_word' id='word_1_141' title='bbox 950 1897 1084 1975; x_wconf 82' lang='lat' dir='ltr'>dicimus,</span> <span class='ocrx_word' id='word_1_142' title='bbox 1105 1902 1299 1965; x_wconf 75' lang='lat' dir='ltr'>mummia</span> 
     </span>
     <span class='ocr_line' id='line_1_18' title="bbox 295 1979 1300 2048; baseline 0.006 -8"><span class='ocrx_word' id='word_1_143' title='bbox 295 1982 341 2041; x_wconf 89' lang='lat' dir='ltr'>sit.</span> <span class='ocrx_word' id='word_1_144' title='bbox 380 1979 452 2041; x_wconf 87' lang='lat' dir='ltr'>Nam</span> <span class='ocrx_word' id='word_1_145' title='bbox 471 1983 532 2041; x_wconf 89' lang='lat' dir='ltr'>sine</span> <span class='ocrx_word' id='word_1_146' title='bbox 556 1981 642 2042; x_wconf 89' lang='lat' dir='ltr'>dnbio</span> <span class='ocrx_word' id='word_1_147' title='bbox 666 1985 695 2044; x_wconf 89' lang='lat' dir='ltr'>in</span> <span class='ocrx_word' id='word_1_148' title='bbox 715 1982 846 2042; x_wconf 88' lang='lat' dir='ltr'>omnibus</span> <span class='ocrx_word' id='word_1_149' title='bbox 869 1981 965 2043; x_wconf 84' lang='lat' dir='ltr'>statim</span> <span class='ocrx_word' id='word_1_150' title='bbox 983 1984 1223 2045; x_wconf 74' lang='lat' dir='ltr'>accusationibus</span> <span class='ocrx_word' id='word_1_151' title='bbox 1245 1984 1300 2048; x_wconf 88' lang='lat' dir='ltr'>boc</span> 
     </span>
     <span class='ocr_line' id='line_1_19' title="bbox 295 2064 1297 2141; baseline 0.006 -17"><span class='ocrx_word' id='word_1_152' title='bbox 295 2066 436 2141; x_wconf 77' lang='lat' dir='ltr'>agendum</span> <span class='ocrx_word' id='word_1_153' title='bbox 451 2075 507 2141; x_wconf 82' lang='lat' dir='ltr'>est,</span> <span class='ocrx_word' id='word_1_154' title='bbox 522 2084 559 2125; x_wconf 89' lang='lat' dir='ltr'>ne</span> <span class='ocrx_word' id='word_1_155' title='bbox 574 2067 609 2126; x_wconf 86' lang='lat' dir='ltr'>ad</span> <span class='ocrx_word' id='word_1_156' title='bbox 625 2084 675 2126; x_wconf 90' lang='lat' dir='ltr'>eas</span> <span class='ocrx_word' id='word_1_157' title='bbox 689 2065 812 2127; x_wconf 84' lang='lat' dir='ltr'>libenter</span> <span class='ocrx_word' id='word_1_158' title='bbox 826 2065 1014 2127; x_wconf 66' lang='lat' dir='ltr'>descenditis</span> <span class='ocrx_word' id='word_1_159' title='bbox 1025 2064 1190 2128; x_wconf 73' lang='lat' dir='ltr'>&#39;sidenorum</span> <span class='ocrx_word' id='word_1_160' title='bbox 1207 2067 1297 2130; x_wconf 82' lang='lat' dir='ltr'>&#39;ldeo</span> 
     </span>
     <span class='ocr_line' id='line_1_20' title="bbox 295 2147 1297 2231; baseline 0.008 -24"><span class='ocrx_word' id='word_1_161' title='bbox 295 2166 351 2226; x_wconf 87' lang='lat' dir='ltr'>que</span> <span class='ocrx_word' id='word_1_162' title='bbox 375 2149 441 2210; x_wconf 89' lang='lat' dir='ltr'>mibi</span> <span class='ocrx_word' id='word_1_163' title='bbox 461 2149 533 2210; x_wconf 95' lang='lat' dir='ltr'>illud</span> <span class='ocrx_word' id='word_1_164' title='bbox 550 2147 641 2209; x_wconf 80' lang='lat' dir='ltr'>Cassii</span> <span class='ocrx_word' id='word_1_165' title='bbox 663 2151 766 2210; x_wconf 83' lang='lat' dir='ltr'>Severi</span> <span class='ocrx_word' id='word_1_166' title='bbox 787 2167 845 2211; x_wconf 87' lang='lat' dir='ltr'>non</span> <span class='ocrx_word' id='word_1_167' title='bbox 865 2150 1050 2210; x_wconf 83' lang='lat' dir='ltr'>mediocriter</span> <span class='ocrx_word' id='word_1_168' title='bbox 1065 2148 1297 2231; x_wconf 63' lang='lat' dir='ltr'>displicetrllit&#39;</span> 
     </span>
     <span class='ocr_line' id='line_1_21' title="bbox 294 2234 1295 2312; baseline 0.005 -18"><span class='ocrx_word' id='word_1_169' title='bbox 294 2234 378 2311; x_wconf 75' lang='lat' dir='ltr'>dcet,</span> <span class='ocrx_word' id='word_1_170' title='bbox 407 2236 495 2304; x_wconf 82' lang='lat' dir='ltr'>oico,·</span> <span class='ocrx_word' id='word_1_171' title='bbox 523 2241 567 2309; x_wconf 75' lang='grc' dir='ltr'>ει,</span> <span class='ocrx_word' id='word_1_172' title='bbox 594 2252 652 2312; x_wconf 81' lang='lat' dir='ltr'>quo</span> <span class='ocrx_word' id='word_1_173' title='bbox 672 2253 720 2296; x_wconf 84' lang='lat' dir='ltr'>ote</span> <span class='ocrx_word' id='word_1_174' title='bbox 737 2237 841 2296; x_wconf 75' lang='lat' dir='ltr'>cicere</span> <span class='ocrx_word' id='word_1_175' title='bbox 861 2235 957 2311; x_wconf 74' lang='lat' dir='ltr'>iacet,</span> <span class='ocrx_word' id='word_1_176' title='bbox 981 2236 1192 2311; x_wconf 64' lang='lat' dir='ltr'>Asprenatem</span> <span class='ocrx_word' id='word_1_177' title='bbox 1212 2254 1295 2299; x_wconf 67' lang='lat' dir='ltr'>rem</span> 
     </span>
     <span class='ocr_line' id='line_1_22' title="bbox 292 2317 1294 2399; baseline 0.003 -22"><span class='ocrx_word' id='word_1_178' title='bbox 292 2318 388 2378; x_wconf 82' lang='lat' dir='ltr'>uideo.</span> <span class='ocrx_word' id='word_1_179' title='bbox 424 2318 489 2377; x_wconf 88' lang='lat' dir='ltr'>Non</span> <span class='ocrx_word' id='word_1_180' title='bbox 510 2319 583 2376; x_wconf 91' lang='lat' dir='ltr'>enim</span> <span class='ocrx_word' id='word_1_181' title='bbox 598 2320 671 2378; x_wconf 89' lang='lat' dir='ltr'>iusta</span> <span class='ocrx_word' id='word_1_182' title='bbox 688 2337 726 2377; x_wconf 85' lang='lat' dir='ltr'>ex</span> <span class='ocrx_word' id='word_1_183' title='bbox 742 2336 828 2378; x_wconf 88' lang='lat' dir='ltr'>causa</span> <span class='ocrx_word' id='word_1_184' title='bbox 842 2318 891 2378; x_wconf 85' lang='lat' dir='ltr'>rel</span> <span class='ocrx_word' id='word_1_185' title='bbox 906 2318 1071 2378; x_wconf 85' lang='lat' dir='ltr'>necessaria</span> <span class='ocrx_word' id='word_1_186' title='bbox 1086 2317 1185 2378; x_wconf 83' lang='lat' dir='ltr'>rideri</span> <span class='ocrx_word' id='word_1_187' title='bbox 1198 2328 1294 2399; x_wconf 81' lang='lat' dir='ltr'>potest</span> 
     </span>
     <span class='ocr_line' id='line_1_23' title="bbox 249 2400 1292 2480; baseline 0.003 -19"><span class='ocrx_word' id='word_1_188' title='bbox 249 2409 284 2462; x_wconf 78' lang='lat'>58</span> <span class='ocrx_word' id='word_1_189' title='bbox 293 2400 457 2478; x_wconf 89' lang='lat' dir='ltr'>postulasse</span> <span class='ocrx_word' id='word_1_190' title='bbox 475 2420 539 2461; x_wconf 91' lang='lat' dir='ltr'>eum</span> <span class='ocrx_word' id='word_1_191' title='bbox 553 2401 605 2461; x_wconf 89' lang='lat' dir='ltr'>sed</span> <span class='ocrx_word' id='word_1_192' title='bbox 621 2403 742 2480; x_wconf 87' lang='lat' dir='ltr'>quadam</span> <span class='ocrx_word' id='word_1_193' title='bbox 752 2402 907 2462; x_wconf 83' lang='lat' dir='ltr'>accusandi</span> <span class='ocrx_word' id='word_1_194' title='bbox 921 2403 1079 2480; x_wconf 82' lang='lat' dir='ltr'>voluptate.</span> <span class='ocrx_word' id='word_1_195' title='bbox 1103 2400 1231 2464; x_wconf 80' lang='lat' dir='ltr'>Praeter</span> <span class='ocrx_word' id='word_1_196' title='bbox 1239 2402 1292 2464; x_wconf 82' lang='lat' dir='ltr'>loc</span> 
     </span>
     <span class='ocr_line' id='line_1_24' title="bbox 291 2485 1292 2565; baseline 0.005 -23"><span class='ocrx_word' id='word_1_197' title='bbox 291 2493 395 2559; x_wconf 76' lang='lat' dir='ltr'>mmen,</span> <span class='ocrx_word' id='word_1_198' title='bbox 412 2486 489 2562; x_wconf 90' lang='lat' dir='ltr'>quod</span> <span class='ocrx_word' id='word_1_199' title='bbox 509 2494 554 2545; x_wconf 88' lang='lat' dir='ltr'>est</span> <span class='ocrx_word' id='word_1_200' title='bbox 570 2502 729 2561; x_wconf 82' lang='lat' dir='ltr'>commune,</span> <span class='ocrx_word' id='word_1_201' title='bbox 746 2487 892 2565; x_wconf 88' lang='lat' dir='ltr'>propriam</span> <span class='ocrx_word' id='word_1_202' title='bbox 906 2485 1134 2546; x_wconf 80' lang='lat' dir='ltr'>moderationem</span> <span class='ocrx_word' id='word_1_203' title='bbox 1151 2487 1292 2565; x_wconf 70' lang='lat' dir='ltr'>quaeda</span> 
     </span>
     <span class='ocr_line' id='line_1_25' title="bbox 292 2568 1292 2650; baseline 0.006 -24"><span class='ocrx_word' id='word_1_204' title='bbox 292 2585 396 2627; x_wconf 86' lang='lat' dir='ltr'>causae</span> <span class='ocrx_word' id='word_1_205' title='bbox 414 2569 586 2628; x_wconf 86' lang='lat' dir='ltr'>desiderent.</span> <span class='ocrx_word' id='word_1_206' title='bbox 627 2568 812 2648; x_wconf 84' lang='lat' dir='ltr'>Quapropter</span> <span class='ocrx_word' id='word_1_207' title='bbox 828 2579 873 2646; x_wconf 89' lang='lat' dir='ltr'>et,</span> <span class='ocrx_word' id='word_1_208' title='bbox 896 2571 944 2650; x_wconf 78' lang='lat' dir='ltr'>qui</span> <span class='ocrx_word' id='word_1_209' title='bbox 960 2569 1137 2630; x_wconf 82' lang='lat' dir='ltr'>curationem</span> <span class='ocrx_word' id='word_1_210' title='bbox 1153 2570 1292 2644; x_wconf 79' lang='lat' dir='ltr'>bonnm</span> 
     </span>
     <span class='ocr_line' id='line_1_26' title="bbox 290 2650 1355 2733; baseline 0.007 -24"><span class='ocrx_word' id='word_1_211' title='bbox 290 2653 380 2728; x_wconf 86' lang='lat' dir='ltr'>patris</span> <span class='ocrx_word' id='word_1_212' title='bbox 396 2653 562 2729; x_wconf 82' lang='lat' dir='ltr'>postulabit,</span> <span class='ocrx_word' id='word_1_213' title='bbox 582 2653 681 2714; x_wconf 90' lang='lat' dir='ltr'>doleat</span> <span class='ocrx_word' id='word_1_214' title='bbox 697 2655 759 2713; x_wconf 87' lang='lat' dir='ltr'>eius</span> <span class='ocrx_word' id='word_1_215' title='bbox 774 2653 982 2722; x_wconf 73' lang='lat' dir='ltr'>valetudinem</span> <span class='ocrx_word' id='word_1_216' title='bbox 1008 2660 1039 2713; x_wconf 87' lang='lat' dir='ltr'>et</span> <span class='ocrx_word' id='word_1_217' title='bbox 1053 2650 1217 2732; x_wconf 77' lang='lat' dir='ltr'>quamlibet</span> <span class='ocrx_word' id='word_1_218' title='bbox 1229 2670 1291 2733; x_wconf 73' lang='lat' dir='ltr'>gre·</span> <span class='ocrx_word' id='word_1_219' title='bbox 1353 2692 1355 2723; x_wconf 80' lang='grc'>,</span> 
     </span>
     <span class='ocr_line' id='line_1_27' title="bbox 290 2735 1356 2817; baseline 0.003 -24"><span class='ocrx_word' id='word_1_220' title='bbox 290 2736 336 2794; x_wconf 87' lang='lat' dir='ltr'>via</span> <span class='ocrx_word' id='word_1_221' title='bbox 353 2735 411 2794; x_wconf 88' lang='lat' dir='ltr'>lilio</span> <span class='ocrx_word' id='word_1_222' title='bbox 427 2745 510 2814; x_wconf 89' lang='lat' dir='ltr'>pater</span> <span class='ocrx_word' id='word_1_223' title='bbox 525 2737 691 2797; x_wconf 88' lang='lat' dir='ltr'>obiecturus</span> <span class='ocrx_word' id='word_1_224' title='bbox 706 2739 907 2797; x_wconf 89' lang='lat' dir='ltr'>misserrimam</span> <span class='ocrx_word' id='word_1_225' title='bbox 922 2736 977 2796; x_wconf 90' lang='lat' dir='ltr'>sibi</span> <span class='ocrx_word' id='word_1_226' title='bbox 991 2735 1126 2799; x_wconf 75' lang='lat' dir='ltr'>ostendat</span> <span class='ocrx_word' id='word_1_227' title='bbox 1139 2738 1292 2799; x_wconf 82' lang='lat' dir='ltr'>eseebanc</span> <span class='ocrx_word' id='word_1_228' title='bbox 1354 2808 1356 2817; x_wconf 33' lang='grc' dir='ltr'>Ι</span> 
     </span>
     <span class='ocr_line' id='line_1_28' title="bbox 290 2820 1290 2901; baseline 0.003 -24"><span class='ocrx_word' id='word_1_229' title='bbox 290 2821 380 2897; x_wconf 89' lang='lat' dir='ltr'>ipsam</span> <span class='ocrx_word' id='word_1_230' title='bbox 405 2822 626 2896; x_wconf 74' lang='lat' dir='ltr'>necessitatem,</span> <span class='ocrx_word' id='word_1_231' title='bbox 653 2839 708 2880; x_wconf 90' lang='lat' dir='ltr'>nec</span> <span class='ocrx_word' id='word_1_232' title='bbox 729 2821 786 2881; x_wconf 92' lang='lat' dir='ltr'>boc</span> <span class='ocrx_word' id='word_1_233' title='bbox 808 2822 908 2901; x_wconf 87' lang='lat' dir='ltr'>paucis</span> <span class='ocrx_word' id='word_1_234' title='bbox 926 2820 1013 2881; x_wconf 89' lang='lat' dir='ltr'>modo</span> <span class='ocrx_word' id='word_1_235' title='bbox 1036 2820 1136 2881; x_wconf 82' lang='lat' dir='ltr'>verbis</span> <span class='ocrx_word' id='word_1_236' title='bbox 1159 2822 1215 2883; x_wconf 87' lang='lat' dir='ltr'>scd</span> <span class='ocrx_word' id='word_1_237' title='bbox 1231 2829 1290 2882; x_wconf 89' lang='lat' dir='ltr'>toto</span> 
     </span>
     <span class='ocr_line' id='line_1_29' title="bbox 292 2903 1290 2980; baseline 0.004 -18"><span class='ocrx_word' id='word_1_238' title='bbox 292 2905 392 2964; x_wconf 88' lang='lat' dir='ltr'>colore</span> <span class='ocrx_word' id='word_1_239' title='bbox 408 2905 546 2980; x_wconf 87' lang='lat' dir='ltr'>actionis,</span> <span class='ocrx_word' id='word_1_240' title='bbox 569 2913 599 2963; x_wconf 96' lang='lat' dir='ltr'>ut</span> <span class='ocrx_word' id='word_1_241' title='bbox 623 2905 651 2964; x_wconf 93' lang='lat' dir='ltr'>id</span> <span class='ocrx_word' id='word_1_242' title='bbox 672 2923 736 2964; x_wconf 89' lang='lat' dir='ltr'>eum</span> <span class='ocrx_word' id='word_1_243' title='bbox 759 2922 817 2965; x_wconf 91' lang='lat' dir='ltr'>non</span> <span class='ocrx_word' id='word_1_244' title='bbox 833 2905 932 2966; x_wconf 83' lang='lat' dir='ltr'>dicere</span> <span class='ocrx_word' id='word_1_245' title='bbox 946 2903 1033 2965; x_wconf 90' lang='lat' dir='ltr'>modo</span> <span class='ocrx_word' id='word_1_246' title='bbox 1048 2904 1207 2966; x_wconf 81' lang='lat' dir='ltr'>sedetiam</span> <span class='ocrx_word' id='word_1_247' title='bbox 1221 2922 1290 2966; x_wconf 81' lang='lat' dir='ltr'>vere</span> 
     </span>
     <span class='ocr_line' id='line_1_30' title="bbox 248 2987 1290 3068; baseline 0.006 -27"><span class='ocrx_word' id='word_1_248' title='bbox 248 2989 388 3049; x_wconf 83' lang='lat' dir='ltr'>59dicere</span> <span class='ocrx_word' id='word_1_249' title='bbox 405 2997 553 3067; x_wconf 88' lang='lat' dir='ltr'>appareat.</span> <span class='ocrx_word' id='word_1_250' title='bbox 584 2987 647 3048; x_wconf 90' lang='lat' dir='ltr'>Nec</span> <span class='ocrx_word' id='word_1_251' title='bbox 663 2991 790 3049; x_wconf 89' lang='lat' dir='ltr'>causanti</span> <span class='ocrx_word' id='word_1_252' title='bbox 805 2988 916 3068; x_wconf 90' lang='lat' dir='ltr'>pupillo</span> <span class='ocrx_word' id='word_1_253' title='bbox 930 2988 974 3048; x_wconf 90' lang='lat' dir='ltr'>sic</span> <span class='ocrx_word' id='word_1_254' title='bbox 988 2997 1067 3048; x_wconf 89' lang='lat' dir='ltr'>tutor</span> <span class='ocrx_word' id='word_1_255' title='bbox 1081 2987 1227 3050; x_wconf 78' lang='lat' dir='ltr'>irascatur</span> <span class='ocrx_word' id='word_1_256' title='bbox 1243 3006 1290 3049; x_wconf 88' lang='lat' dir='ltr'>un·</span> 
     </span>
     <span class='ocr_line' id='line_1_31' title="bbox 290 3073 1292 3153; baseline 0.002 -23"><span class='ocrx_word' id='word_1_257' title='bbox 290 3090 388 3150; x_wconf 74' lang='lat' dir='ltr'>quam,</span> <span class='ocrx_word' id='word_1_258' title='bbox 414 3082 444 3132; x_wconf 89' lang='lat' dir='ltr'>ut</span> <span class='ocrx_word' id='word_1_259' title='bbox 468 3090 525 3132; x_wconf 92' lang='lat' dir='ltr'>non</span> <span class='ocrx_word' id='word_1_260' title='bbox 542 3082 708 3133; x_wconf 90' lang='lat' dir='ltr'>remaneant</span> <span class='ocrx_word' id='word_1_261' title='bbox 726 3075 832 3133; x_wconf 86' lang='lat' dir='ltr'>amoris</span> <span class='ocrx_word' id='word_1_262' title='bbox 849 3073 973 3149; x_wconf 80' lang='lat' dir='ltr'>vestigia</span> <span class='ocrx_word' id='word_1_263' title='bbox 994 3080 1024 3132; x_wconf 89' lang='lat' dir='ltr'>et</span> <span class='ocrx_word' id='word_1_264' title='bbox 1043 3090 1129 3133; x_wconf 88' lang='lat' dir='ltr'>sacra</span> <span class='ocrx_word' id='word_1_265' title='bbox 1151 3074 1292 3153; x_wconf 75' lang='lat' dir='ltr'>quaedam</span> 
     </span>
     <span class='ocr_line' id='line_1_32' title="bbox 290 3156 1292 3238; baseline 0.002 -23"><span class='ocrx_word' id='word_1_266' title='bbox 290 3160 378 3234; x_wconf 87' lang='lat' dir='ltr'>patris</span> <span class='ocrx_word' id='word_1_267' title='bbox 402 3159 464 3215; x_wconf 88' lang='lat' dir='ltr'>eius</span> <span class='ocrx_word' id='word_1_268' title='bbox 488 3159 633 3217; x_wconf 88' lang='lat' dir='ltr'>memoria.</span> <span class='ocrx_word' id='word_1_269' title='bbox 665 3157 724 3217; x_wconf 90' lang='lat' dir='ltr'>lam</span> <span class='ocrx_word' id='word_1_270' title='bbox 752 3156 897 3238; x_wconf 87' lang='lat' dir='ltr'>quomodo</span> <span class='ocrx_word' id='word_1_271' title='bbox 919 3165 1019 3217; x_wconf 88' lang='lat' dir='ltr'>contra</span> <span class='ocrx_word' id='word_1_272' title='bbox 1039 3156 1224 3218; x_wconf 80' lang='lat' dir='ltr'>abdicantem</span> <span class='ocrx_word' id='word_1_273' title='bbox 1244 3174 1292 3238; x_wconf 84' lang='lat' dir='ltr'>pa·</span> 
     </span>
     <span class='ocr_line' id='line_1_33' title="bbox 289 3240 1293 3320; baseline 0.002 -22"><span class='ocrx_word' id='word_1_274' title='bbox 289 3249 371 3315; x_wconf 74' lang='lat' dir='ltr'>trem,</span> <span class='ocrx_word' id='word_1_275' title='bbox 389 3251 555 3318; x_wconf 87' lang='lat' dir='ltr'>querentem</span> <span class='ocrx_word' id='word_1_276' title='bbox 572 3257 708 3316; x_wconf 86' lang='lat' dir='ltr'>uxorem,</span> <span class='ocrx_word' id='word_1_277' title='bbox 730 3243 777 3317; x_wconf 85' lang='lat' dir='ltr'>agi</span> <span class='ocrx_word' id='word_1_278' title='bbox 793 3258 909 3301; x_wconf 88' lang='lat' dir='ltr'>causam</span> <span class='ocrx_word' id='word_1_279' title='bbox 925 3249 1092 3320; x_wconf 80' lang='lat' dir='ltr'>oporteret,</span> <span class='ocrx_word' id='word_1_280' title='bbox 1108 3240 1137 3299; x_wconf 90' lang='lat' dir='ltr'>in</span> <span class='ocrx_word' id='word_1_281' title='bbox 1153 3241 1249 3317; x_wconf 84' lang='lat' dir='ltr'>libro,</span> <span class='ocrx_word' id='word_1_282' title='bbox 1264 3248 1293 3301; x_wconf 90' lang='lat' dir='ltr'>ut</span> 
     </span>
     <span class='ocr_line' id='line_1_34' title="bbox 290 3323 1293 3404; baseline 0.004 -23"><span class='ocrx_word' id='word_1_283' title='bbox 290 3324 428 3400; x_wconf 81' lang='lat' dir='ltr'>arbitror,</span> <span class='ocrx_word' id='word_1_284' title='bbox 452 3327 573 3404; x_wconf 89' lang='lat' dir='ltr'>septimo</span> <span class='ocrx_word' id='word_1_285' title='bbox 597 3325 664 3384; x_wconf 87' lang='lat' dir='ltr'>dixi.</span> <span class='ocrx_word' id='word_1_286' title='bbox 706 3323 827 3397; x_wconf 81' lang='lat' dir='ltr'>Quando</span> <span class='ocrx_word' id='word_1_287' title='bbox 848 3326 930 3403; x_wconf 88' lang='lat' dir='ltr'>ipsos</span> <span class='ocrx_word' id='word_1_288' title='bbox 951 3324 1048 3402; x_wconf 78' lang='lat' dir='ltr'>loqui,</span> <span class='ocrx_word' id='word_1_289' title='bbox 1069 3324 1187 3402; x_wconf 65' lang='lat' dir='ltr'>mando</span> <span class='ocrx_word' id='word_1_290' title='bbox 1209 3326 1293 3385; x_wconf 62' lang='lat' dir='ltr'>men</span> 
     </span>
     <span class='ocr_line' id='line_1_35' title="bbox 290 3407 1291 3489; baseline 0 -22"><span class='ocrx_word' id='word_1_291' title='bbox 290 3407 421 3467; x_wconf 87' lang='lat' dir='ltr'>advocati</span> <span class='ocrx_word' id='word_1_292' title='bbox 432 3425 506 3467; x_wconf 91' lang='lat' dir='ltr'>voce</span> <span class='ocrx_word' id='word_1_293' title='bbox 523 3411 562 3469; x_wconf 89' lang='lat' dir='ltr'>uti</span> <span class='ocrx_word' id='word_1_294' title='bbox 577 3410 690 3483; x_wconf 80' lang='lat' dir='ltr'>deceat,</span> <span class='ocrx_word' id='word_1_295' title='bbox 707 3417 824 3486; x_wconf 82' lang='lat' dir='ltr'>quartus</span> <span class='ocrx_word' id='word_1_296' title='bbox 839 3409 923 3486; x_wconf 87' lang='lat' dir='ltr'>liber,</span> <span class='ocrx_word' id='word_1_297' title='bbox 939 3409 968 3468; x_wconf 87' lang='lat' dir='ltr'>lo</span> <span class='ocrx_word' id='word_1_298' title='bbox 979 3424 1037 3486; x_wconf 82' lang='lat' dir='ltr'>quo</span> <span class='ocrx_word' id='word_1_299' title='bbox 1051 3411 1196 3487; x_wconf 86' lang='lat' dir='ltr'>prooemii</span> <span class='ocrx_word' id='word_1_300' title='bbox 1207 3424 1291 3489; x_wconf 81' lang='lat' dir='ltr'>prae-</span> 
     </span>
     <span class='ocr_line' id='line_1_36' title="bbox 291 3495 1127 3570; baseline 0.001 -19"><span class='ocrx_word' id='word_1_301' title='bbox 291 3501 374 3570; x_wconf 83' lang='lat' dir='ltr'>cepta</span> <span class='ocrx_word' id='word_1_302' title='bbox 390 3501 464 3557; x_wconf 70' lang='lat' dir='ltr'>sunt,</span> <span class='ocrx_word' id='word_1_303' title='bbox 481 3495 615 3552; x_wconf 88' lang='lat' dir='ltr'>continet.</span> <span class='ocrx_word' id='word_1_304' title='bbox 1122 3497 1127 3508; x_wconf 85' lang='lat'>&#39;</span> 
     </span>
     <span class='ocr_line' id='line_1_37' title="bbox 248 3574 1293 3657; baseline 0.002 -24"><span class='ocrx_word' id='word_1_305' title='bbox 248 3589 282 3644; x_wconf 72' lang='lat'>60</span> <span class='ocrx_word' id='word_1_306' title='bbox 370 3574 444 3634; x_wconf 84' lang='lat' dir='ltr'>llsse</span> <span class='ocrx_word' id='word_1_307' title='bbox 460 3578 488 3634; x_wconf 93' lang='lat' dir='ltr'>in</span> <span class='ocrx_word' id='word_1_308' title='bbox 503 3577 599 3635; x_wconf 89' lang='lat' dir='ltr'>verbis</span> <span class='ocrx_word' id='word_1_309' title='bbox 618 3579 693 3654; x_wconf 88' lang='lat' dir='ltr'>quod</span> <span class='ocrx_word' id='word_1_310' title='bbox 712 3578 815 3638; x_wconf 89' lang='lat' dir='ltr'>deceat</span> <span class='ocrx_word' id='word_1_311' title='bbox 830 3587 878 3638; x_wconf 92' lang='lat' dir='ltr'>aut</span> <span class='ocrx_word' id='word_1_312' title='bbox 894 3583 978 3657; x_wconf 83' lang='lat' dir='ltr'>turpe</span> <span class='ocrx_word' id='word_1_313' title='bbox 989 3578 1040 3650; x_wconf 83' lang='lat' dir='ltr'>sit,</span> <span class='ocrx_word' id='word_1_314' title='bbox 1056 3576 1163 3635; x_wconf 82' lang='lat' dir='ltr'>nemini</span> <span class='ocrx_word' id='word_1_315' title='bbox 1176 3575 1293 3638; x_wconf 81' lang='lat' dir='ltr'>dubium</span> 
     </span>
     <span class='ocr_line' id='line_1_38' title="bbox 292 3659 1293 3739; baseline -0.002 -18"><span class='ocrx_word' id='word_1_316' title='bbox 292 3672 344 3721; x_wconf 87' lang='lat' dir='ltr'>est.</span> <span class='ocrx_word' id='word_1_317' title='bbox 381 3659 471 3718; x_wconf 91' lang='lat' dir='ltr'>Unum</span> <span class='ocrx_word' id='word_1_318' title='bbox 491 3661 544 3718; x_wconf 86' lang='lat' dir='ltr'>lam</span> <span class='ocrx_word' id='word_1_319' title='bbox 566 3662 651 3736; x_wconf 80' lang='lat' dir='ltr'>igitur</span> <span class='ocrx_word' id='word_1_320' title='bbox 667 3661 732 3721; x_wconf 90' lang='lat' dir='ltr'>bulc</span> <span class='ocrx_word' id='word_1_321' title='bbox 748 3661 832 3737; x_wconf 85' lang='lat' dir='ltr'>loco,</span> <span class='ocrx_word' id='word_1_322' title='bbox 855 3660 933 3739; x_wconf 86' lang='lat' dir='ltr'>quod</span> <span class='ocrx_word' id='word_1_323' title='bbox 949 3669 995 3721; x_wconf 84' lang='lat' dir='ltr'>eet</span> <span class='ocrx_word' id='word_1_324' title='bbox 1009 3677 1079 3721; x_wconf 80' lang='lat' dir='ltr'>sane</span> <span class='ocrx_word' id='word_1_325' title='bbox 1093 3672 1225 3722; x_wconf 75' lang='lat' dir='ltr'>summae</span> <span class='ocrx_word' id='word_1_326' title='bbox 1241 3659 1293 3721; x_wconf 83' lang='lat' dir='ltr'>dll-</span> 
     </span>
     <span class='ocr_line' id='line_1_39' title="bbox 291 3744 1295 3825; baseline -0.003 -19"><span class='ocrx_word' id='word_1_327' title='bbox 291 3746 440 3820; x_wconf 84' lang='lat' dir='ltr'>lucultatis,</span> <span class='ocrx_word' id='word_1_328' title='bbox 463 3744 651 3803; x_wconf 87' lang='lat' dir='ltr'>adiiciendum</span> <span class='ocrx_word' id='word_1_329' title='bbox 673 3745 801 3822; x_wconf 86' lang='lat' dir='ltr'>videtur,</span> <span class='ocrx_word' id='word_1_330' title='bbox 822 3745 1038 3824; x_wconf 80' lang='lat' dir='ltr'>quibusmodis</span> <span class='ocrx_word' id='word_1_331' title='bbox 1060 3748 1111 3823; x_wconf 72' lang='lat' dir='ltr'>ea,</span> <span class='ocrx_word' id='word_1_332' title='bbox 1135 3753 1295 3825; x_wconf 76' lang='lat' dir='ltr'>quaesunt</span> 
     </span>
    </p>
   </div>
   <div class='ocr_carea' id='block_1_3' title="bbox 1134 4000 1208 4071">
    <p class='ocr_par' dir='ltr' id='par_1_3' title="bbox 1134 3962 1208 4071">
     <span class='ocr_line' id='line_1_40' title="bbox 1134 4000 1208 4071; baseline 0 0"><span class='ocrx_word' id='word_1_333' title='bbox 1134 4000 1208 4071; x_wconf 73' lang='lat' dir='ltr'>ds...</span> 
     </span>
    </p>
   </div>
   <div class='ocr_carea' id='block_1_4' title="bbox 0 0 1596 4409">
    <p class='ocr_par' dir='ltr' id='par_1_4' title="bbox 0 0 1596 4409">
     <span class='ocr_line' id='line_1_41' title="bbox 0 0 1596 4409; baseline 0 0"><span class='ocrx_word' id='word_1_334' title='bbox 0 0 1596 4409; x_wconf 95' lang='lat' dir='ltr'> </span> 
     </span>
    </p>
   </div>
  </div>
 </body>
</html>
