3184 4409
567 484 656 534 rusr.
672 485 821 535 oneror.
837 488 906 535 ura.
918 489 971 554 nx,
985 485 1011 539 3.
1226 476 1285 539 117

294 651 324 700 et
345 641 492 718 deinceps.
521 639 575 699 llla
595 656 666 699 vero
686 639 762 718 apud
778 637 949 700 Ciceronem
966 645 1035 701 mira
1052 643 1203 719 figurarum
1217 647 1328 708 mix-40
1356 682 1359 715 ι

294 735 357 784 tura
372 723 610 800 deprehenditur,
634 725 663 782 in
680 740 734 800 qua
754 733 783 782 et
803 727 893 801 primo
909 725 999 784 verbo
1016 725 1104 802 longo
1121 738 1188 804 post
1201 732 1286 804 inter·

294 808 371 868 vallo
387 807 527 866 redditum
543 815 587 866 est
603 807 745 882 ultimum,
768 816 796 866 et
811 808 904 867 media
919 809 1015 886 primis
1032 819 1061 868 et
1076 811 1174 870 mediis
1190 813 1287 872 ultima

295 900 469 968 congruunt:
498 888 635 952 Vestrum
660 893 722 952 iam
743 891 793 951 bie
816 894 931 970 scotum
952 893 1204 971 deprehenditur,
1225 894 1287 956 Pc-

293 984 357 1037 tres
374 976 555 1052 conscripti,
573 994 632 1036 mon
647 993 762 1043 meam,-
783 993 822 1035 cc
842 977 1077 1052 pulcherrimum
1097 981 1219 1055 quidem
1237 981 1287 1057 fo*

295 1068 389 1135 dnm,
411 1077 531 1134 ceram,
553 1065 585 1118 at
606 1060 688 1133 dimi,
708 1077 768 1120 mom
786 1077 883 1120 meum
896 1061 953 1119 sed
969 1068 1110 1120 vestram.
1137 1062 1217 1121 Hanc
1231 1063 1329 1127 ire-41

296 1145 473 1221 quentiorem
488 1144 688 1219 repetitionem
702 1133 817 1219 πλοκὴν
832 1151 953 1217 vocant,
977 1161 1050 1220 quae
1066 1143 1096 1202 lit
1113 1162 1149 1203 ex
1164 1147 1287 1223 permix-

294 1229 332 1286 tis
347 1227 463 1303 iiguris,
480 1234 510 1284 ut
525 1226 700 1302 supradixi,
721 1235 810 1303 utque
825 1244 857 1285 se
872 1226 959 1286 babet
971 1227 1096 1302 epistola
1112 1229 1147 1287 ad
1162 1229 1288 1304 Brutum,

295 1306 362 1389 Epo
374 1328 441 1370 eum
451 1311 483 1370 in
492 1312 624 1388 pretium
640 1310 785 1371 redierim
796 1329 864 1370 com
876 1309 974 1388 Appio
988 1308 1132 1387 Claudio,
1149 1321 1177 1374 et
1187 1315 1289 1373 redie-

295 1396 354 1454 rim
372 1411 432 1472 per
449 1391 503 1454 Gn.
518 1391 717 1472 Pompeiam,¹
729 1403 758 1453 et
772 1412 827 1472 epo
844 1413 917 1473 erpo
933 1413 1001 1454 cmm
1012 1396 1165 1455 redierim.
1207 1394 1245 1454 Et
1263 1397 1331 1459 inda

295 1478 396 1537 iisdem
405 1478 554 1536 sententiis
567 1468 761 1537 crebrioribus
773 1487 877 1538 mutata
890 1478 1128 1538 declinationibus
1139 1482 1290 1542 iteratione

296 1560 466 1621 verborum:
489 1571 520 1620 ut
534 1562 610 1641 apud
628 1562 767 1637 Bersium,

706 1679 748 1693 -
765 1643 865 1724 Usque
879 1645 997 1708 adeone

359 1726 449 1789 Scire
466 1735 550 1789 tuum
563 1729 637 1790 nibil
656 1737 710 1805 eat,
731 1731 791 1790 nis-i
811 1739 839 1790 te
858 1731 939 1790 scire
955 1731 1013 1791 boc
1031 1731 1111 1790 aciat
1131 1731 1230 1790 alter?

298 1810 336 1872 Et
359 1812 433 1890 apud
459 1810 643 1873 Ciceronem:
672 1812 778 1892 Nepae
803 1816 880 1874 enim
903 1821 1045 1890 poterant
1070 1814 1186 1874 indicio
1214 1820 1243 1875 et
1263 1813 1293 1873 bi

299 1897 457 1972 damnati,
480 1897 532 1975 qni
545 1897 740 1960 iudicabant.
784 1897 843 1957 Sed
858 1914 959 1955 seusus
975 1913 1090 1974 quoque
1108 1899 1176 1971 toti,
1195 1901 1335 1974 quem-43

299 1979 448 2040 admodum
466 1987 641 2057 coeperunt,
659 1979 807 2039 desinunt:
830 1978 916 2040 Venit
933 1999 973 2040 ec
991 1977 1075 2041 Asia.
1116 1979 1180 2040 Hoc
1193 1983 1294 2057 iprum

299 2082 391 2144 paam
412 2065 541 2125 mcum?
560 2062 727 2124 -Tridunoe
741 2065 931 2142 plebiscenit
952 2081 992 2123 ec
1005 2060 1090 2123 Ario.
1134 2061 1168 2121 ln
1191 2062 1293 2122 eadem

298 2159 393 2208 tamen
419 2148 540 2225 periodo
565 2155 594 2206 et
618 2147 737 2207 verbum
759 2147 886 2207 ultimum
907 2148 997 2224 primo
1017 2147 1159 2221 refertur,
1180 2147 1294 2205 tertium

298 2235 354 2291 iam
368 2233 396 2290 in
411 2247 561 2306 sermone,
580 2231 722 2291 adiectum
739 2241 783 2290 est
799 2233 886 2290 enim:
909 2228 1118 2290 Verumtamen
1132 2232 1221 2290 venit.
1248 2228 1293 2288 ln·

300 2317 383 2375 terim
398 2317 538 2374 sententia
554 2316 656 2374 eodem
667 2317 807 2392 repetitur
818 2314 971 2373 verborum
983 2315 1098 2374 ordine:
1116 2310 1197 2385 Quid
1210 2309 1293 2374 Cleo·

300 2417 401 2460 merres
416 2399 523 2478 fucere
540 2401 656 2476 potuit?
692 2395 760 2460 Non
781 2401 859 2460 enim
878 2416 1001 2475 possam
1017 2413 1196 2476 paentpccm
1218 2397 1295 2456 taat-

300 2482 419 2544 mulore
439 2483 527 2562 falso.
572 2480 668 2558 Quia,
693 2484 833 2561 inquam,
857 2481 1030 2544 Cleomenes
1052 2482 1159 2558 facere
1178 2479 1295 2558 potuit?

301 2565 407 2626 Prioris
424 2567 584 2625 sententiae
597 2565 716 2625 verbum
733 2567 860 2626 ultimum
880 2583 915 2625 ac
935 2566 1082 2642 sequentis
1098 2565 1218 2640 primurn
1236 2562 1338 2624 ire-44

302 2658 423 2728 quenter
433 2649 633 2730 estidem,qu0
641 2649 754 2727 quidem
766 2652 913 2711 schcmate
924 2657 1152 2726 utunturpoetae
1163 2648 1294 2726 saepius:

384 2729 541 2809 Pierideo,
561 2752 615 2796 cos
629 2734 706 2796 bueo
724 2735 846 2813 societis
867 2735 1001 2794 maximo
1022 2732 1118 2807 Gallo,

385 2815 487 2892 (iulio,
510 2819 597 2878 caina
616 2835 702 2879 umor
717 2825 832 2880 tantum
848 2819 921 2878 milri
938 2818 1050 2878 erescit
1062 2818 1095 2876 ia
1112 2816 1214 2875 toros.

303 2898 362 2960 Sed
375 2918 411 2960 ne
427 2893 559 2960 oratores
575 2902 689 2979 quidem
703 2919 784 2962 raro:
804 2901 863 2963 liic
878 2911 979 2963 tomen
992 2903 1083 2968 eicit,-
1096 2898 1192 2960 eicit?
1209 2897 1298 2956 imore

300 3002 375 3046 aero
395 2987 485 3045 etiam
505 2987 537 3045 in
557 2991 693 3046 senatum
711 2989 800 3047 venit.
841 2985 1022 3064 Aliquando,
1038 2985 1111 3042 sicut
1127 2983 1155 3039 in
1173 2980 1339 3056 gemina-45

302 3069 382 3128 tione
402 3068 556 3128 verborum
575 3068 712 3144 diximus,
735 3071 813 3129 initia
835 3087 950 3146 quoque
969 3077 998 3127 et
1016 3064 1162 3126 clausulae
1183 3070 1298 3121 senten·

302 3152 404 3210 tiarum
424 3152 488 3211 aliis
511 3152 563 3211 sed
584 3170 641 3211 non
661 3151 718 3212 alio
740 3151 922 3213 tendentibus
937 3149 1034 3210 'verbis
1051 3151 1126 3208 inter
1140 3164 1173 3205 se
1193 3161 1297 3203 conso·

302 3243 380 3296 nant.
423 3235 503 3295 Initia
517 3235 574 3296 boc
588 3235 689 3295 modo:
706 3233 887 3298 Dedidem'm
903 3235 1052 3313 perimatis
1069 3230 1220 3304 omnibus,
1241 3228 1299 3291 ob·

301 3320 423 3380 tulerim
447 3321 582 3395 insidiis,
612 3321 773 3382 obiecerim
796 3321 943 3381 incidiae.
998 3316 1107 3376 Rursus
1133 3310 1298 3374 clausulae:

303 3402 410 3462 ibidem
427 3405 537 3478 statim,
561 3402 621 3465 Von
635 3405 714 3464 enim
729 3404 893 3478 metuistis,
907 3420 961 3464 eos
973 3399 1152 3462 sententiam
1166 3397 1299 3471 dicistis,

302 3504 358 3549 eos
370 3488 540 3548 indicantia.
583 3486 647 3546 lloc
667 3487 714 3547 alii
730 3487 934 3564 σννὼνυμίαν,
952 3485 1000 3544 alii
1016 3484 1233 3544 disiunctionem
1247 3496 1299 3538 vn·

305 3579 385 3638 cant;
408 3580 575 3647 utrumque,
594 3573 704 3631 etiamsi
719 3580 763 3630 est
778 3571 938 3646 diversum,
954 3577 1050 3636 recte;
1072 3585 1136 3626 nam
1152 3573 1196 3625 est
1210 3565 1298 3622 nomi·

304 3672 371 3712 uum
395 3654 470 3713 idem
495 3653 712 3729 significantium
733 3655 889 3733 separatio.
941 3650 1160 3729 Congregautur
1184 3663 1300 3725 qunque

304 3737 396 3798 rerba
407 3737 481 3798 idem
493 3735 682 3814 significantia
720 3735 806 3811 Quae
817 3756 884 3800 mem
896 3738 940 3800 ito
950 3739 1025 3812 rint,
1041 3733 1190 3807 Catilina,
1205 3747 1301 3808 perpe
