3184 4409
342 440 403 502 266
659 455 696 502 nr.
708 454 786 502 uus.
801 453 1019 514 commum

343 611 443 686 cepti:
459 610 497 667 ita
514 608 600 687 plane
615 607 744 684 altirmo,
761 609 920 688 praecipue
934 611 1059 688 positum
1076 626 1144 669 esse
1159 612 1188 670 in
1209 619 1336 672 natura

301 702 373 756 12et
388 694 416 750 in
432 696 647 752 occasione.
684 692 774 751 Porro
794 703 895 752 natura
917 711 974 752 non
995 701 1101 752 tantum
1121 696 1150 752 in
1172 694 1230 754 boc
1244 695 1334 769 valet,

342 786 373 835 ut
394 777 505 835 acutior
527 779 590 852 quis
615 785 702 855 atque
726 775 851 837 habilior
866 779 903 836 sit
914 777 960 836 ·ad
975 777 1188 845 inveniendum
1214 778 1296 856 (nam
1310 779 1336 839 id

341 877 411 919 sane
432 860 560 919 doctrina
579 863 673 938 possit
692 862 816 940 angeri)
841 861 894 920 sed
915 862 990 920 inest
1011 862 1145 938 proprius
1167 861 1336 939 quibusdam

342 944 433 1003 decor
447 945 475 1002 in
489 943 585 1003 habitu
608 962 643 1003 ac
662 944 759 1019 vultu,
780 948 815 1003 ut
835 944 936 1004 eadem
957 943 1006 1003 illa
1026 945 1117 1002 minus
1137 945 1196 1004 alio
1221 945 1335 1005 dicente

301 1039 334 1093 13
341 1027 451 1086 urbana*
464 1045 531 1086 esse
545 1028 705 1087 rideantur.
742 1027 896 1088 Occasioni
917 1045 989 1087 vero
1006 1036 1036 1086 et
1050 1029 1079 1086 in
1093 1027 1181 1087 rebus'
1196 1037 1243 1088 est
1261 1038 1335 1088 tantu

341 1113 400 1187 vis,
424 1120 454 1170 ut
475 1129 565 1189 saepe
586 1113 673 1172 adiuti
694 1129 729 1170 ea
750 1129 808 1170 nou
828 1113 936 1172 indocti
958 1112 1044 1170 modo
1064 1111 1221 1171 sedetiam
1235 1114 1335 1172 rustici

340 1195 419 1254 salse
433 1196 543 1270 dicant,
564 1204 594 1254 et
609 1198 637 1254 in
654 1212 708 1270 eo,
732 1213 795 1254 curn
812 1197 875 1273 quis
893 1195 998 1272 aliquid
1014 1194 1118 1254 dixerit
1136 1197 1226 1273 prior.
1265 1196 1335 1256 Sunt

341 1280 415 1338 enirn
430 1278 518 1356 longe
532 1280 698 1338 venustiora
714 1281 807 1339 omnia
821 1282 849 1338 in
864 1278 1069 1357 respondendo
1084 1295 1167 1356 qnam
1183 1279 1213 1337 in
1226 1296 1334 1356 provo·

299 1373 333 1426 14
341 1363 443 1422 cando.
474 1361 598 1423 Accedit
615 1362 793 1438 difficultati,
815 1363 893 1440 qnod
913 1364 976 1422 eius
997 1364 1041 1421 rei
1061 1361 1139 1422 nulla
1161 1360 1334 1423 exercitatio

340 1456 396 1520 est,
418 1446 488 1505 nulli
512 1455 731 1524 praeceptores.
768 1445 869 1524 ltaque
887 1447 916 1504 in
942 1447 1080 1505 conviviis
1102 1455 1132 1504 et
1152 1446 1335 1506 sermonibus

338 1529 419 1588 multi
443 1530 575 1606 dicaces,
599 1532 664 1608 qnia
684 1532 712 1588 in
732 1529 789 1589 boc
809 1548 862 1589 usa
886 1530 1029 1590 cotidiano
1045 1530 1219 1607 proficimus.
1264 1529 1334 1590 0ra·

339 1614 413 1672 toria
428 1612 574 1673 urbanitas
588 1631 670 1688 rara,
694 1631 749 1672 nec
765 1632 802 1673 ex
820 1623 903 1690 parte
922 1615 1040 1692 propria
1055 1613 1107 1673 sed
1124 1613 1159 1672 ad
1175 1613 1250 1672 hanc
1266 1631 1334 1673 cou-

299 1709 331 1760 15
339 1698 518 1756 suetudinem
537 1697 761 1757 accommodata.
797 1697 875 1757 Nihil
901 1707 995 1757 autem
1017 1696 1133 1757 vetabat
1154 1706 1184 1756 et
1198 1699 1335 1774 componi

339 1781 476 1839 materias
498 1783 526 1840 in
547 1781 604 1840 hoc
618 1781 755 1855 idoneas,
776 1790 808 1840 ut
824 1783 1041 1840 controversiae
1057 1782 1206 1858 permixtis
1223 1779 1334 1840 salibus

341 1864 532 1939 fingerentur,
554 1865 603 1925 vel
623 1883 672 1924 res
689 1866 814 1943 proponi
829 1865 957 1942 singulas
978 1865 1014 1924 ad
1031 1867 1163 1924 iuvenum
1177 1863 1267 1924 talem
1284 1883 1333 1925 ex·

299 1958 332 2012 16
340 1949 547 2007 ercitationem.
571 1947 645 2021 Quin
661 1949 729 2008 illae
746 1951 839 2026 ipsae,
856 1950 1033 2026 (dictasunt
1048 1949 1246 2026 acvocantur)
1261 1966 1334 2026 quas

340 2033 427 2090 certis
446 2032 546 2092 diebus
569 2032 663 2092 iestae
684 2033 819 2092 licentiae
846 2032 944 2092 dicere
968 2031 1149 2106 solebamus,
1171 2032 1195 2090 si
1217 2033 1334 2109 paulum

340 2114 464 2175 adbibita
480 2119 590 2176 ratione
606 2117 792 2193 tingerentur,
809 2124 857 2175 ant
872 2116 979 2194 aliquid
994 2119 1022 2174 in
1037 2116 1081 2175 bis
1097 2117 1202 2175 serium
1215 2133 1333 2193 qnoque

340 2208 419 2259 esset
440 2201 607 2276 admixtum,
636 2201 786 2278 plurimum
811 2208 946 2278 poterant
965 2200 1094 2258 utilitatis
1115 2200 1236 2267 aderre;
1259 2217 1332 2279 quae

338 2302 413 2342 nunc
431 2286 563 2343 iuvenum
577 2285 626 2343 vel
641 2284 695 2343 sibi
711 2285 867 2345 ludentium
883 2285 1053 2342 exercitatio
1069 2293 1123 2342 est

299 2376 331 2431 17
422 2368 552 2427 Pluribus
575 2379 669 2427 autem
691 2367 885 2428 nominibus
876 2386 905 2426 nn
925 2367 1027 2426 eadem
1048 2385 1081 2426 re
1096 2366 1191 2466 ‘vulgo
1212 2367 1332 2432 utimum

340 2469 413 2529 quae
428 2461 523 2510 tamen
543 2471 568 2510 sr
561 2452 718 2526 diducas,
740 2469 820 2511 suam
843 2451 982 2528 quandam
1004 2453 1149 2529 propriam
1162 2452 1220 2508 vim
1235 2459 1332 2509 osten·

340 2536 416 2594 dent.
452 2534 524 2593 Nam
546 2545 575 2594 et
597 2535 795 2594 urbanitas
816 2535 934 2609 dicitur,
962 2553 1018 2612 qna
1041 2535 1155 2612 quidem
1175 2533 1333 2610 significari

339 2618 425 2676 indeo
445 2634 607 2677 sermonem
623 2619 869 2696 praeferentem
861 2637 889 2677 ιιι
903 2617 1000 2676 verbis
1017 2627 1045 2677 et
1062 2635 1134 2676 sono
1151 2626 1180 2675 et
1194 2635 1249 2676 usu
1265 2634 1332 2694 pro·

340 2703 432 2779 prium
454 2702 592 2777 quendam
613 2712 726 2777 gustum
746 2702 826 2762 urbis
847 2711 876 2761 et
897 2711 1036 2779 sumptam
1056 2720 1093 2760 ex
1109 2703 1333 2760 conversatione

341 2784 491 2844 doctorum
506 2787 619 2844 tacitam
634 2786 836 2860 eruditionem,
860 2786 983 2862 denique
1004 2787 1049 2845 cui
1071 2786 1213 2844 contraria
1235 2785 1273 2844 sit
1286 2803 1332 2843 ru·

299 2880 332 2934 18
341 2870 459 2927 sticitas.
498 2867 697 2928 Venustum
719 2887 801 2945 esse,
824 2869 902 2948 quod
917 2870 1085 2946 cumgratia
1102 2869 1223 2946 quadam
1238 2877 1268 2927 et
1282 2887 1332 2926 ve·

340 2970 411 3011 nere
426 2951 547 3027 dicatur,
564 2962 693 3029 apparet.
727 2953 867 3012 Salsum
883 2955 910 3011 in
924 2953 1130 3012 consuetudine
1142 2952 1331 3030 proridicnlo

339 3045 445 3095 ta'ntum
466 3038 638 3114 accipimus;
662 3046 760 3095 natura
781 3054 839 3095 nou
853 3038 951 3115 ntique
973 3036 1029 3095 hoc
1045 3045 1099 3110 est,
1120 3052 1281 3113 quanquam
1304 3043 1333 3093 et

338 3120 458 3180 ridicula
482 3129 617 3198 oporteat
637 3137 704 3178 esse
728 3120 814 3179 salsa.
854 3119 926 3179 Nam
948 3129 986 3179 et·
1001 3119 1106 3179 Cicer'o
1129 3137 1230 3193 omne,
1254 3118 1332 3196 quod

339 3203 445 3262 salsum
461 3206 513 3279 sit,
537 3206 576 3263 ait
591 3222 658 3262 esse
674 3203 849 3278 Atticorum,
871 3223 928 3265 non
946 3206 1011 3282 quia
1027 3213 1092 3262 sunt
1105 3205 1226 3262 maxime
1241 3202 1278 3261 ad
1294 3203 1332 3260 ri·

339 3303 401 3344 snm
417 3290 583 3364 compositiss
602 3297 630 3347 et
647 3287 790 3362 Catullus,
809 3305 872 3346 cnm
889 3287 972 3362 dicit,
989 3285 1081 3348 Nulla
1097 3296 1143 3348 est
1155 3289 1188 3347 io
1204 3305 1332 3364 corpore

339 3371 420 3430 mica
434 3373 525 3447 rods,
541 3388 598 3430 non
613 3372 670 3431 hoc
686 3372 768 3445 dicit,
790 3371 860 3430 nihil
879 3373 907 3429 in
923 3387 1048 3449 corpore
1064 3372 1126 3430 eius
1143 3387 1210 3429 esse
1226 3369 1331 3429 ridicu·

299 3452 406 3511 19lum.
438 3455 548 3513 Salsum
564 3457 650 3532 igitur
665 3456 728 3530 erit,
748 3455 824 3532 quod
840 3472 897 3513 non
913 3457 967 3513 erit
982 3454 1129 3527 insulsum,
1144 3452 1225 3512 velut
1241 3451 1330 3530 quod-

340 3535 404 3595 dam
427 3537 551 3613 simplex
577 3541 714 3599 orationis
736 3539 960 3613 condimentum,
984 3539 1060 3616 qnod
1080 3538 1200 3596 sentitur
1222 3536 1330 3595 latente

340 3620 445 3679 iudicio
466 3621 546 3680 velut
569 3623 683 3699 palato,
706 3624 869 3701 excitatque
891 3630 921 3681 et
936 3639 952 3680 a
967 3623 1063 3681 taedio
1079 3620 1208 3680 defendit
1224 3620 1329 3679 oratio·

340 3721 414 3764 nem.
448 3705 523 3765 Sane
541 3713 650 3783 tamen,
672 3715 703 3767 nt
717 3706 766 3766 ille
782 3708 813 3767 in
827 3706 899 3767 cibis
914 3705 1002 3784 paulo
1015 3705 1163 3767 liberalius
1179 3719 1330 3785 aspersus,
