3184 4409
562 483 651 533 ruer.
666 483 815 533 olearon.
831 486 900 533 mn.
917 487 953 551 11,
963 483 1010 542 15.
1247 475 1286 539 87

289 639 430 704 cratim
451 639 680 718 persuasibilia.
729 638 783 711 Qui
806 639 870 698 linis
885 649 913 700 et
934 641 1003 701 illul
1025 643 1139 720 vitium,
1168 645 1203 705 de
1229 663 1285 723 quo

290 742 379 804 supra
400 723 533 799 diximus,
548 722 635 782 habet
653 733 682 783 et
696 725 830 800 insuper,
848 723 924 802 quod
940 725 1008 785 nihil
1026 729 1080 787 nisi
1095 730 1286 790 inventionem

291 808 511 886 complectitur,
528 825 602 886 quae
615 808 677 867 sine
693 808 858 867 elocutione
874 825 931 867 non
947 819 992 868 est
1007 814 1109 871 oratio.
1138 813 1330 880 Herma-14

290 910 427 971 garae,
447 893 495 969 qui
517 891 600 951 hnenr
620 894 682 950 eius
706 910 773 951 esse
793 894 832 951 ait
850 895 1094 970 persuasibiliter
1115 899 1235 974 dicere,
1258 908 1287 958 et

292 978 367 1052 aliis,
390 977 439 1055 qui
455 976 575 1036 eandem
591 978 762 1036 sententiam
776 977 947 1036 noniisdem
962 986 1068 1039 tantum
1082 981 1179 1041 verbis
1195 983 1286 1060 expli·

245 1120 248 1137 ,
293 1069 358 1122 cant
372 1079 409 1121 ac
424 1059 585 1119 lincmesse
597 1060 791 1120 demonstrant
802 1062 918 1137 dicere,
934 1078 1014 1139 quae
1025 1074 1171 1142 oporteat,
1186 1069 1287 1127 amaia
1338 1131 1345 1146 ‚

246 1146 248 1163 '
293 1147 337 1207 ad
348 1146 609 1224 persuadendum,
627 1147 697 1204 satis
712 1161 885 1222 responsum
900 1155 955 1220 cst,
969 1164 1032 1205 cum
1043 1148 1219 1225 persuadere
1230 1167 1287 1209 non

292 1239 402 1290 tantum
420 1231 545 1288 oratoris
561 1246 628 1288 esse
645 1230 830 1288 convicimus.
862 1228 966 1289 Addita
984 1240 1049 1290 sunt
1067 1232 1111 1290 his
1127 1233 1182 1292 alia
1197 1237 1287 1293 varie.
1296 1247 1328 1299 15

294 1313 415 1387 Quidam
435 1315 509 1372 enim
531 1314 618 1374 circe
637 1333 689 1374 res
706 1329 825 1389 omnes,
845 1312 957 1390 quidam
974 1317 1060 1376 eirca
1081 1318 1184 1378 ciuiles
1202 1318 1287 1378 modo

293 1398 405 1458 versari
421 1397 587 1457 rhetoricen
608 1405 792 1476 putaverunt;
814 1415 934 1475 quorum
953 1401 1050 1459 verius
1071 1409 1163 1460 utrum
1183 1403 1237 1477 sit,
1259 1405 1288 1460 in

295 1481 433 1557 cnloco,
457 1483 504 1560 qui
526 1481 608 1540 huius
629 1483 806 1558 quaestionis
821 1483 954 1561 proprius
970 1492 1030 1558 est,
1051 1484 1152 1545 dicam.
1189 1483 1287 1547 Omnia
1297 1497 1330 1552 16

295 1566 457 1626 subiecisse
473 1567 582 1625 oratori
593 1567 706 1625 videtur
723 1564 974 1642 Aristoteles,
994 1586 1057 1627 cum
1069 1568 1139 1628 dixit
1151 1571 1211 1631 circ
1222 1590 1288 1632 esse

294 1650 438 1725 ridendi,
462 1652 537 1727 quid
556 1652 589 1710 ia
608 1667 728 1728 quaque
744 1670 780 1710 re
795 1653 894 1728 possit
916 1670 983 1713 esse
1000 1655 1214 1730 persuasibile.
1251 1654 1289 1714 Et

294 1733 513 1808 Patrocles,
538 1735 586 1811 qui
603 1751 660 1793 non
676 1735 789 1811 quidem
805 1734 901 1794 adiicit
914 1737 947 1795 ia
966 1752 1087 1815 artaque
1101 1755 1153 1815 re,
1174 1737 1227 1797 sed
1247 1741 1288 1797 ni-

294 1818 332 1878 hil
353 1818 527 1896 exoipiendo
551 1819 627 1878 idem
649 1818 790 1893 ostendit,
815 1821 875 1879 cim
898 1822 972 1878 enim
994 1831 1080 1880 vocat
1102 1823 1286 1898 inveniendi,

294 1905 377 1981 qaod
395 1904 436 1963 sit
453 1904 485 1963 in
502 1904 640 1964 oratione
655 1904 880 1981 persuasibile,·
906 1905 953 1981 qui
974 1903 1045 1963 lines
1068 1915 1096 1964 et
1116 1908 1170 1984 ipsi
1196 1907 1287 1966 solam

295 1986 526 2066 complectuntur
547 1988 748 2046 inventionem.
792 1986 877 2059 Quod
895 1989 993 2046 vitium
1015 1988 1128 2065 lugiens
1151 1989 1287 2050 Diodo-

293 2090 354 2131 rus
377 2073 440 2132 cim
458 2079 538 2150 putat
551 2072 726 2134 inveniendi
745 2078 773 2131 et
786 2072 931 2148 loquendi
950 2091 1018 2132 crura
1031 2082 1140 2134 ornatu
1154 2076 1287 2136 credibi-

293 2157 336 2218 lia
349 2157 383 2216 ire
397 2157 637 2217 coniuratione.
674 2155 733 2215 Sed
755 2173 818 2214 cum
839 2155 942 2214 eodem
963 2155 1049 2214 modo
1065 2156 1212 2217 credibilia
1231 2164 1328 2237 quolt

294 2238 498 2319 persuasibilia
520 2242 605 2301 etiam
625 2256 682 2298 non
698 2247 797 2298 orator
811 2241 952 2315 inveniat,
977 2240 1135 2300 adiiciendo
1157 2243 1190 2302 ia
1209 2244 1289 2303 omni

292 2325 433 2385 credone
459 2326 549 2400 magis
581 2341 664 2401 quam
686 2325 855 2401 superiores
882 2323 1014 2383 concedit
1036 2325 1149 2385 scelera
1172 2342 1287 2404 quoque

294 2407 482 2467 suadentibus
497 2407 708 2485 pulcherrimae
723 2409 765 2466 rei
779 2424 893 2467 noman.
928 2407 1081 2485 Gorgias
1104 2410 1178 2488 apud
1193 2409 1287 2470 Plato·
1296 2415 1330 2470 18

293 2511 358 2552 nem
380 2491 518 2551 suadendi
539 2510 572 2551 se
594 2492 786 2552 artificemic
802 2493 926 2553 iudiciis
946 2501 974 2553 et
986 2495 1059 2554 aliis
1074 2496 1208 2556 coetibus
1221 2513 1288 2556 esse

294 2578 341 2652 ait,
362 2577 403 2637 de
416 2577 506 2636 iustis
521 2592 639 2654 quoque
654 2586 682 2638 et
695 2578 815 2637 iniustis
829 2583 985 2647 tractare;
1002 2578 1047 2636 cui
1063 2578 1200 2638 Socrates
1220 2596 1286 2657 per·

294 2660 436 2720 suadendi
461 2676 518 2718 non
540 2659 663 2719 docendi
686 2659 820 2720 concedit
839 2659 1012 2720 facultatem.
1058 2660 1114 2734 Qui
1137 2679 1209 2722 vero
1229 2668 1330 2722 non19

294 2745 389 2804 omnia
409 2743 599 2803 subiiciebant
619 2746 742 2819 oratori,
767 2741 918 2804 sollicitius
944 2763 979 2804 ac
1001 2744 1169 2822 verbosius,
1194 2756 1224 2806 ut
1237 2764 1287 2805 ne·

295 2846 382 2888 cesse
397 2836 478 2902 erat,
502 2827 689 2887 adhibuerunt
711 2828 885 2897 discrimina;
909 2845 1029 2906 quorum
1049 2829 1101 2888 luit
1117 2830 1287 2905 Ariston,

295 2910 418 2972 Critolai
436 2911 619 2990 Peripatetici
635 2911 809 2992 discipulus,
831 2915 911 2976 cuius
932 2912 979 2972 hic
1000 2912 1063 2972 finis
1079 2923 1139 2989 est,
1160 2916 1290 2976 scientia

293 2997 422 3058 ridendi
436 3004 464 3057 et
478 2997 591 3074 apendi
604 2997 636 3056 ia
659 2997 885 3074 quaestionibus
899 2998 1038 3058 ciuilibus
1051 3000 1290 3076 perorationem

292 3081 457 3160 popularis
473 3082 694 3159 persuasionis.
736 3080 790 3140 llic
811 3083 977 3156 scientiam,
1001 3082 1065 3159 quia
1080 3081 1332 3160 Peripateticusio

294 3174 357 3239 est,
377 3181 453 3239 non,
475 3173 506 3223 nt
527 3164 634 3240 Stoici,
656 3165 769 3224 virtutis
791 3164 858 3225 loco
880 3165 974 3243 ponit;
1004 3165 1174 3243 popularem
1195 3176 1290 3226 autem

294 3246 572 3327 comprehendendo
588 3250 807 3327 persuasionem
831 3250 915 3308 etiam
931 3249 1154 3309 contumeliosus
1175 3259 1221 3310 est
1240 3252 1289 3311 ad·

293 3350 401 3391 versus
421 3341 511 3391 artem
535 3334 653 3408 orandi,
677 3350 760 3410 quarn
779 3333 849 3392 nihil
870 3341 950 3411 putat
969 3332 1063 3391 doctis
1077 3351 1288 3411 persuasuram.

293 3409 424 3476 lllud'de
440 3415 587 3492 omnibus,
612 3418 659 3494 qui
684 3419 760 3476 circa
781 3417 883 3475 civiles
898 3415 1008 3476 demunt
1024 3419 1209 3494 quaestiones
1226 3436 1289 3478 ora·

293 3509 390 3560 torem
409 3500 534 3559 iudicant
558 3502 685 3575 versari,
712 3499 818 3560 dictum
841 3503 895 3575 sit,
919 3500 1034 3559 excludi
1054 3501 1090 3561 ah
1109 3502 1153 3562 his
1169 3503 1290 3580 plurima

294 3584 422 3643 oratoris
440 3584 551 3659 officia,
572 3584 648 3644 illam
664 3593 744 3643 certe
760 3583 929 3644 laudativam
943 3593 1045 3661 totam,
1067 3603 1141 3663 quae
1165 3595 1210 3645 est
1224 3586 1288 3645 rhe-

294 3669 407 3728 torices
430 3685 497 3746 pars
518 3670 612 3726 tertia.
650 3665 766 3727 Cautius
791 3666 1005 3727 Theodorus
1033 3668 1232 3744 Gadareus,
1258 3676 1330 3732 util

294 3753 353 3812 iam
375 3750 410 3811 ad
431 3753 660 3828 conveniamus,
689 3753 736 3830 qui
755 3760 845 3811 artem
866 3752 980 3832 quidem
998 3769 1067 3814 esse
1089 3753 1300 3827 eamsehnon
