3184 4409
254 524 258 532 ·
316 479 376 546 158
459 507 462 512 ·
628 497 667 546 ur.
678 495 757 546 usn.
772 492 1004 558 consummas·

312 651 527 731 Euripides,
555 668 675 729 quorum
701 651 730 711 in
751 650 859 731 dispari
878 650 992 713 dicendi
1008 651 1055 712 via
1074 658 1141 712 utet·
1163 652 1204 713 sit
1228 658 1314 732 pou

310 736 430 811 melior,
452 736 528 795 inter
541 733 680 813 plurimos
696 737 852 813 quaeritur.
886 734 977 814 ldquc
994 750 1052 812 ego
1068 752 1157 812 sene,
1181 738 1310 815 quonia·

312 819 347 880 ad
365 827 547 898 praesentem
559 820 706 878 materiam
720 817 789 878 nibil
805 819 947 898 pertinet,
968 818 1152 879 iniudicatum
1167 820 1306 899 relinque

312 901 386 963 lllnd
401 902 515 982 quidem
529 919 613 962 nemo
629 919 686 962 non
702 902 827 963 fateatur
845 919 970 963 necesse
992 910 1055 977 est,
1072 903 1124 976 iis,
1149 904 1203 981 qul
1225 921 1260 965 se
1277 901 1306 965 ed

272 985 453 1064 satagendum
470 995 653 1065 comparant,
675 985 819 1046 utiliorem
835 986 924 1063 longe
946 985 1011 1045 iore
1027 984 1200 1064 Euripiden.
1231 986 1305 1047 iiam

311 1088 368 1148 que
383 1071 407 1129 is
426 1078 455 1129 et
469 1086 603 1130 sermone
616 1069 709 1148 (quod
720 1070 813 1147 ipsum
823 1068 1048 1149 reprehendunt,
1067 1068 1173 1147 quibus
1186 1072 1304 1149 grauitas

312 1163 341 1214 et
355 1153 511 1214 cothurnus
526 1162 556 1213 et
571 1171 659 1214 sonus
675 1152 831 1232 Sophoclis
845 1152 960 1213 uidetur
975 1170 1043 1212 esse
1060 1152 1236 1235 sublimior)
1255 1170 1303 1215 me

310 1238 357 1315 gis
372 1237 485 1298 accedit
500 1239 627 1298 oratorio
639 1238 741 1314 generi
753 1245 783 1296 et
793 1238 944 1297 sententiis
959 1235 1065 1297 densus
1086 1245 1116 1296 et
1132 1238 1222 1315 iniis,
1239 1255 1304 1318 quus

310 1339 327 1381 a
347 1320 524 1400 sapientibus
540 1320 641 1381 tradita
657 1329 732 1396 sunt,
748 1338 842 1401 paene
856 1322 928 1400 ipsiu
940 1337 1007 1399 par,
1031 1329 1060 1380 et
1074 1318 1202 1382 dicendo
1217 1340 1254 1383 ac
1266 1339 1303 1381 re

310 1404 480 1484 spondendo
498 1404 618 1464 cuilibet
630 1422 745 1480 eorum,
767 1406 816 1484 qui
838 1404 953 1465 luerunt
969 1404 998 1463 in
1011 1402 1077 1464 ioro
1093 1403 1215 1482 diserti,
1238 1420 1303 1467 oon·

310 1488 470 1567 parandus;
494 1489 522 1547 in
543 1488 694 1549 allectibus
715 1505 787 1548 vero
811 1507 875 1549 cum
897 1487 1026 1548 omnibns
1045 1489 1133 1547 mirum
1150 1497 1211 1549 tum
1225 1490 1303 1563 iniis,

269 1573 358 1651 69qni
378 1575 562 1632 iniseratione
584 1580 733 1647 constant,
758 1572 846 1632 lacile
866 1573 1050 1652 praecipuus.
1093 1570 1132 1631 lit
1158 1572 1304 1633 anninus

310 1657 433 1716 maxime
449 1664 504 1731 est,
519 1666 550 1716 ut
565 1673 656 1736 saepe
672 1665 810 1732 testatur,
826 1664 856 1715 et
873 1673 938 1716 eum
953 1663 1088 1730 secutus,
1106 1657 1304 1735 quanquamiu

311 1737 1305 1907 titttrttttthlntttitsaitiihitntfttitttlh
1353 1784 1355 1813 ²

312 1908 382 1976 ciat;
404 1909 443 1967 ita
458 1924 569 1967 omnem
592 1909 670 1968 vitae
684 1909 836 1985 imaginem
851 1909 1014 1987 expressit,
1036 1914 1113 1967 tanta
1133 1908 1165 1967 in
1183 1924 1221 1968 eo
1236 1909 1306 1968 iure·

311 1991 406 2052 niendi
429 1992 513 2071 eopia
534 2000 564 2052 et
584 1992 741 2071 eloquendi
764 1990 904 2068 facultas,
931 1992 971 2051 ita
993 1998 1038 2051 est
1061 1990 1195 2053 omnibus
1214 1990 1306 2067 rebus,

269 2076 456 2154 topersonis,
472 2075 623 2136 affectibus
638 2075 880 2136 accommodatus.
916 2073 980 2135 Nec
994 2072 1064 2134 nihil
1080 2074 1220 2153 proiecto
1236 2076 1307 2139 tide·

310 2168 385 2235 runt,
403 2160 451 2238 qui
463 2162 619 2236 orationes,
637 2178 710 2238 quae
723 2157 845 2219 Charisii
855 2161 969 2219 nomine
985 2158 1116 2233 eduntur,
1128 2176 1147 2219 a
1157 2157 1309 2221 llennndut

312 2245 436 2323 scriptas
452 2252 559 2322 putant.
588 2244 646 2303 Sed
657 2243 724 2302 mihi
736 2244 823 2320 longe
837 2243 930 2320 magis
942 2251 1041 2302 orator
1050 2241 1212 2321 probari-‚in
1224 2258 1309 2324 opere

312 2344 366 2387 suo
382 2328 504 2404 videtur,
520 2329 574 2388 nisi
585 2327 662 2387 lorte
673 2336 720 2386 aut
731 2327 779 2386 illa
791 2327 866 2388 mala
876 2325 991 2401 iudicia,
1007 2343 1082 2403 quae
1092 2324 1308 2407 Epitrepontes,

311 2409 484 2488 Epicleros,
505 2410 618 2472 locros
639 2410 758 2487 habent,
786 2404 836 2485 aqt
856 2409 1055 2471 meditationes
1077 2411 1106 2469 iu
1125 2408 1309 2491 Psophodee,
1355 2438 1357 2444 ·

312 2493 502 2570 Nomothete,
531 2495 767 2574 Hypobolimaeo·
788 2510 846 2554 non
877 2493 1007 2554 omnibus
1030 2494 1167 2553 oratoriis
1188 2494 1309 2555 numeris
1354 2563 1359 2573 ¹

273 2587 378 2646 71snnt
394 2578 554 2639 absolutae.
594 2577 659 2657 Ego
679 2587 773 2638 tannen
794 2578 861 2656 plus
881 2577 976 2638 adhuc
991 2577 1123 2656 quiddam
1140 2578 1309 2639 collatum

314 2678 378 2720 eurn
393 2662 633 2722 declamatoribus
646 2672 726 2742 puto,
745 2663 879 2741 quoniam
893 2661 937 2721 his
952 2678 1076 2721 necesse
1092 2669 1139 2721 est
1155 2662 1310 2723 secuntus

314 2746 513 2805 condicionem
525 2747 785 2807 controversiarum
796 2746 896 2825 plnres
907 2745 1005 2805 subire
1019 2761 1173 2823 pomonas,
1189 2755 1308 2825 patrum,

312 2829 444 2904 liliorum,
456 2829 584 2905 militurn,
595 2832 777 2905 rusticorum,
795 2831 922 2905 divitum,
934 2846 1102 2908 pauperum,
1116 2829 1308 2903 irascentium,

313 2913 538 2992 deprecantium,
554 2916 670 2989 mitium,
690 2930 869 2993 asperorum.
913 2911 945 2972 ln
965 2912 1069 2991 quibus
1091 2911 1225 2975 omnibus
1245 2914 1309 2973 mist

271 2997 471 3065 aecastoditur
488 2997 596 3057 abhoc
617 3008 705 3076 poeta
727 2997 826 3058 decor.
869 2996 966 3075 Atque
986 2997 1037 3057 ille
1051 2995 1168 3073 quidem
1182 2994 1308 3057 omnibus

313 3081 440 3141 eiusdem
458 3083 556 3160 operis
574 3081 739 3141 auctoribus
756 3079 873 3142 abstulit
887 3098 992 3141 nomen
1007 3088 1036 3141 et
1054 3078 1172 3157 fulgore
1189 3080 1309 3160 modu
1355 3096 1359 3173 'q

313 3183 383 3225 suae
405 3165 542 3226 claritatis
560 3164 695 3225 tenebras
712 3164 840 3225 obduxit.
874 3163 981 3225 Tamen
995 3163 1102 3224 babent
1123 3162 1177 3224 alii
1197 3178 1309 3244 quoque
1348 3178 1359 3201 ··

314 3246 437 3323 Comici,
461 3251 485 3308 si
506 3268 569 3309 oum
583 3253 666 3309 venia
681 3249 825 3326 leguntur,
843 3248 983 3329 quaedam
999 3265 1074 3326 quae
1090 3248 1188 3326 possis
1213 3248 1318 3309 decer
1353 3266 1356 3273 ·

314 3348 400 3409 pere;
426 3342 455 3392 et
472 3336 629 3412 praecipue
649 3332 856 3408 Philemon,
879 3333 927 3411 qui
947 3341 977 3392 ut
999 3331 1097 3410 pravis
1112 3333 1157 3391 sui
1173 3329 1308 3411 temporit

313 3415 424 3479 indiciis
446 3415 601 3476 Menandro
624 3435 714 3495 saepe
736 3416 883 3496 praelatus
904 3425 964 3477 est:
988 3417 1029 3476 ita
1051 3430 1197 3476 consensu
1220 3425 1310 3477 unes
1337 3472 1340 3479 .

314 3500 436 3556 omnium
453 3503 556 3559 meruit
573 3501 652 3560 credi
666 3500 820 3560 secundus.
1338 3502 1342 3511 '

272 3587 307 3648 ta
396 3581 595 3644 Historiam
609 3584 689 3644 multi
706 3585 854 3662 scripsere
871 3582 1043 3663 praeclare,
1063 3580 1309 3645 seducnodrtt
1357 3621 1359 3631 ·

314 3674 356 3726 tat
370 3667 458 3744 longe
474 3666 546 3726 dnos
572 3669 677 3727 ceteris
692 3667 920 3747 praeferendos,
942 3684 1064 3746 quorum
1085 3667 1202 3728 diversa
1226 3669 1310 3727 virtut
1339 3726 1341 3733 .

302 3749 423 3816 laudem
439 3769 537 3836 paene
559 3761 606 3816 est
626 3769 727 3834 parem
753 3760 920 3814 consecuta.
966 3749 1082 3812 Densus
1102 3759 1132 3813 et
1161 3749 1264 3813 brevis
1284 3756 1311 3809 et
1341 3752 1344 3765 '
