3184 4409
328 471 368 531 54
636 480 994 542 sammonicum

327 634 494 714 Quanquam
509 637 583 695 euim
597 637 758 695 rectissime
774 636 907 697 traditum
921 645 983 712 est,
1001 637 1239 715 perspicuitatem
1253 652 1317 716 pro·

325 721 413 798 priis,
435 729 564 779 omatum
579 720 722 779 translatis
742 719 841 780 verbis
860 723 952 796 magis
971 738 1076 796 egere:
1104 722 1230 780 sciamus
1251 720 1317 780 nihil

283 818 317 872 16
326 813 455 863 ornatum
473 821 555 879 esse,
572 803 648 881 quod
664 805 701 863 sit
715 804 910 883 improprium.
939 804 998 863 Sed
1013 805 1168 864 cumidem
1184 805 1317 882 frequen·

324 889 432 947 tissime
448 887 531 965 plura
551 887 727 963 significent,
747 888 825 964 quod
840 887 1010 964 συνωνυμία
1024 897 1160 948 vocatur:
1185 889 1241 947 iam
1256 896 1319 947 sunt

325 971 388 1030 aliis
405 970 460 1031 alia
471 970 653 1045 honestiora,
669 969 852 1046 sublimiora,
867 970 1015 1048 nitidiora,
1032 971 1218 1047 iucundiora,
1234 988 1318 1031 voca·

324 1055 408 1115 liora.
441 1053 512 1114 Nam
527 1063 557 1114 ut
573 1053 704 1129 syllabae
721 1071 737 1112 e
756 1055 860 1113 litteris
877 1054 979 1114 melius
996 1054 1163 1116 sonantibus
1178 1055 1318 1115 clariores

325 1147 404 1198 suut:
420 1139 458 1197 ita
474 1138 564 1198 verba
580 1157 596 1196 e
612 1137 733 1212 syllabis
747 1139 839 1215 magis
858 1138 985 1214 vocalia,
1009 1149 1053 1216 et,
1071 1156 1128 1219 quo
1146 1139 1213 1216 plus
1230 1139 1317 1216 quod·

325 1241 381 1301 que
396 1223 511 1301 spiritus
527 1221 633 1297 habet,
652 1221 748 1281 auditu
763 1221 921 1299 pulchrius.
944 1221 1000 1298 Et,
1016 1224 1094 1302 quod
1108 1222 1178 1282 facit
1193 1214 1317 1297 syllaba·

324 1325 402 1382 rum,
420 1306 495 1366 idem
508 1306 662 1365 verborum
677 1322 793 1384 quoque
808 1305 931 1364 intense
946 1307 1110 1385 copulatio,
1133 1315 1164 1365 ut
1179 1305 1256 1365 aliud
1272 1307 1318 1366 alii

283 1392 447 1452 liiuuctum
475 1390 577 1449 melius
602 1398 695 1449 sonet.
737 1389 878 1448 Diversus
898 1398 992 1448 tamen
1013 1409 1092 1451 usus.
1138 1389 1211 1449 Nam
1231 1389 1318 1449 rebus

323 1474 469 1534 atrocibus
490 1473 578 1532 verba
601 1475 685 1531 ctiam
706 1475 771 1550 ipso
789 1474 885 1533 auditu
904 1492 1009 1553 aspera
1023 1474 1115 1550 magis
1133 1474 1316 1533 convenient.

325 1559 354 1618 lu
370 1559 533 1616 universnm
549 1556 662 1634 quidem
677 1559 783 1635 optima
798 1557 968 1635 simplicium
985 1559 1155 1633 creduntur,
1178 1575 1254 1636 quae
1272 1566 1319 1617 aut

324 1643 446 1701 maxime
466 1640 627 1700 exclamant
648 1649 694 1698 aut
716 1658 789 1703 sono
811 1650 877 1701 sunt
893 1642 1103 1702 iucundissima.
1145 1641 1182 1701 Et
1196 1641 1319 1701 honesta

325 1723 439 1803 quidem
454 1722 584 1802 turpibus
598 1725 712 1802 potiora
727 1743 843 1803 semper
858 1743 913 1785 nec
925 1725 1048 1786 sordidis
1063 1726 1235 1804 unquam-in
1250 1743 1318 1785 ora-

283 1812 402 1874 18tione
428 1808 537 1870 erudita
563 1808 655 1869 locus.
697 1806 783 1868 Clara
803 1809 854 1869 illa
881 1819 967 1888 atque
990 1810 1122 1870 sublimia
1147 1808 1320 1888 plerumque

324 1896 462 1954 materiae
483 1894 568 1954 modo
593 1892 782 1954 discernenda
804 1902 879 1953 sunt.
923 1891 1008 1967 Quod
1031 1893 1099 1953 alibi
1124 1893 1318 1970 magnificum,

325 1976 459 2038 tumidum
472 1977 549 2037 alibi.
581 1977 620 2037 Et
633 1995 707 2055 quae
724 1977 840 2038 humilia
855 1978 932 2038 circa
942 1996 991 2038 res
1005 1995 1139 2054 magnas,
1156 1985 1224 2055 apta
1240 1978 1320 2036 circa

324 2063 449 2120 minores
461 2063 602 2121 videntur.
642 2061 679 2121 Ut
695 2070 788 2121 autem
805 2063 833 2121 in
845 2062 975 2121 oratione
987 2061 1073 2122 nitida
1085 2059 1212 2120 notabile
1229 2061 1318 2121 hurni-

325 2146 380 2205 lius
396 2145 515 2205 verbum
530 2155 559 2206 et
572 2145 652 2205 velut
666 2145 794 2204 macula:
816 2147 855 2206 ita
870 2163 887 2204 a
901 2163 1034 2205 sermone
1049 2147 1126 2205 tenui
1140 2144 1263 2205 sublime
1278 2145 1318 2203 ni·

325 2229 468 2307 tidumque
489 2230 639 2291 ‚discordat
660 2229 747 2306 litque
769 2239 950 2309 corruptum,
975 2231 1040 2309 quia
1060 2231 1089 2288 in
1109 2229 1196 2308 plano
1219 2237 1317 2289 tumet.

284 2314 317 2370 19
327 2312 473 2386 Quaedam
487 2333 544 2374 uon
559 2324 615 2375 tam
630 2315 741 2373 ratione
757 2313 840 2390 quan
855 2331 943 2373 seusu
957 2314 1130 2374 iudicantur:
1145 2321 1177 2372 ut
1193 2312 1276 2389 illud,

529 2433 571 2445 -
586 2396 686 2459 Caeso
700 2398 864 2476 lampabant
877 2399 1007 2477 foedera
1019 2416 1127 2476 porca,

325 2482 395 2541 fecit
411 2482 530 2559 elegans
547 2482 623 2541 fictio
639 2482 775 2556 nominis,
792 2481 869 2559 quod
885 2481 910 2540 si
924 2481 1027 2540 luisset
1040 2499 1152 2560 porco,
1170 2480 1230 2540 vile
1246 2489 1318 2540 erat.

325 2564 357 2626 ln
373 2565 539 2643 quibusdam
553 2567 625 2624 ratio
641 2565 791 2625 manifesta
807 2574 860 2625 est.
902 2564 1041 2636 Risimus,
1063 2574 1092 2624 et
1107 2566 1320 2644 meritonuper

325 2658 455 2726 poetam,
474 2652 521 2727 qui
537 2650 647 2708 dixerat

469 2732 662 2793 Proclestom
676 2734 707 2792 in
722 2734 800 2793 cisto
813 2751 916 2794 mures
928 2751 1033 2795 rosere
1049 2729 1176 2794 Considi.

282 2814 361 2877 ioht
376 2816 499 2892 Vergilii
516 2818 647 2875 miramur
662 2815 742 2891 illud,
966 2829 968 2832 ’

598 2932 641 2945 -
656 2898 759 2978 Saepe
775 2901 906 2978 amycus
924 2919 999 2962 mur.

323 2983 395 3044 Nam
410 2982 557 3063 epitheton
572 2985 699 3061 emicans
715 2992 825 3061 aptum,
843 2986 990 3062 proprium
1007 2984 1119 3059 effecit,
1135 3002 1171 3042 ne
1184 2983 1251 3061 plus
1267 3002 1319 3045 ex·

323 3077 523 3145 pecteremus,
540 3076 569 3125 et
581 3086 664 3126 casus
677 3067 830 3143 singularis
841 3070 931 3144 magis
946 3063 1058 3142 decuit,
1073 3076 1101 3126 et
1114 3068 1243 3127 clausula
1254 3071 1319 3147 ipsa

323 3155 405 3211 unius
422 3151 551 3227 syllabae
566 3168 622 3210 non
637 3153 740 3210 usitata
757 3151 864 3210 addidit
878 3153 1009 3229 gratiam.
1052 3150 1179 3211 Imitatus
1200 3162 1246 3212 est
1265 3154 1318 3213 ita-

324 3251 380 3311 que
398 3244 547 3314 utrumque
562 3235 706 3310 Horatius,
973 3234 979 3243 '

569 3352 610 3368 -
626 3318 779 3379 Nascetur
800 3319 951 3378 ridiculas
970 3337 1047 3379 mus.

281 3400 385 3460 ilNec
411 3402 540 3477 augenda
561 3421 677 3481 semper
699 3403 790 3461 oratio
817 3401 869 3460 sed
894 3401 1091 3461 summittenda
1116 3419 1318 3480 nonnunquam

324 3493 378 3543 est.
415 3484 480 3543 Vim
506 3485 593 3546 rebus
621 3488 772 3564 aliquando
797 3484 953 3544 uerborum
973 3488 1036 3565 ipsa
1057 3485 1201 3546 humilitas
1223 3487 1316 3546 affert

323 3568 384 3644 An,
405 3586 469 3628 cum
492 3568 559 3628 dicit
580 3571 607 3627 in
623 3569 755 3629 Pisonem
772 3566 892 3643 Cicero,
926 3565 1001 3630 Cam
1021 3570 1075 3630 att
1094 3577 1156 3631 tota
1179 3571 1319 3649 coenatio

321 3671 450 3714 serraco
470 3653 655 3730 odoebctar,
679 3654 830 3712 incidissse
852 3651 965 3711 videtur
982 3654 1011 3711 in
1030 3653 1177 3712 sordidum
1197 3671 1317 3722 nomen,

320 3753 379 3797 nou
399 3755 435 3798 eo
452 3745 643 3817 contemptum
664 3736 800 3814 hominis,
823 3754 907 3817 quem
924 3736 1099 3796 destructum
1112 3737 1246 3815 volebat,
1268 3753 1314 3798 au·
