3184 4409
370 476 407 536 14
677 489 714 536 id.
725 487 804 534 FAB.
818 485 1038 546 antummum

324 652 358 706 16
367 644 508 704 conuertit
522 642 597 703 bunc
612 641 750 702 ordinem.
779 640 927 701 Defensor
940 649 1035 702 autem
1050 657 1168 718 semper
1180 641 1263 720 prius
1276 659 1310 703 ne

365 728 407 787 bit
429 745 497 786 esse
518 728 642 802 iactum,
668 728 752 805 quia,
775 726 800 784 si
821 726 850 784 iu
865 725 921 784 bac
935 733 1018 804 parte
1033 727 1153 801 vicerit,
1175 725 1292 805 reliqua
1305 743 1344 786 uos

365 828 490 871 necesse
500 809 588 870 babet
603 809 716 877 dicere;
732 810 811 868 victo
822 818 972 888 superest,
985 817 1016 868 ut
1030 810 1105 868 tueri
1119 826 1152 868 se
1168 811 1277 887 possit.
1300 809 1344 871 tlte

366 912 501 974 quoquc,
521 894 570 953 ubi
593 893 630 953 de
649 894 728 953 iacto
743 902 850 956 tantum
867 894 1065 952 controversia
1082 900 1142 967 est,
1161 893 1243 970 quod
1259 895 1284 952 si
1298 909 1342 973 pru

364 977 463 1055 betur,
490 995 548 1037 non
570 978 663 1057 possit
686 976 722 1037 de
745 985 864 1036 auctore
883 975 1023 1052 dubitari,
1045 976 1178 1035 similiter
1196 985 1345 1054 argument·

365 1072 395 1122 et
412 1080 449 1122 ex
463 1078 589 1141 persona
607 1070 636 1120 et
652 1079 690 1120 ex
704 1078 736 1120 re
754 1061 908 1134 ducuntur,
925 1060 978 1120 sed
993 1062 1115 1120 inunum
1130 1060 1201 1123 iacti
1217 1061 1339 1139 quaeris

322 1153 445 1222 utrem,
458 1147 533 1205 sicut
544 1147 572 1204 in
583 1145 853 1205 iliacontroversia:
868 1142 1017 1221 (utendum
1029 1153 1074 1203 est
1084 1145 1158 1203 enim
1171 1152 1201 1204 et
1212 1143 1261 1204 bis
1271 1160 1340 1205 esar

363 1230 437 1309 plis,
460 1236 614 1309 quaesunt
632 1227 809 1289 discentibus
823 1228 915 1304 magis
931 1227 1096 1307 familiaria)
1113 1226 1290 1290 Abdicatus
1301 1245 1339 1288 ns

364 1315 488 1375 (ticinae
506 1314 630 1374 studuit.
669 1311 744 1373 Cum
757 1320 850 1390 pater
869 1313 936 1373 eius
956 1320 1147 1390 aegrotaret,
1170 1310 1341 1391 demorati

364 1399 421 1460 bus
436 1397 476 1458 de
495 1416 531 1458 eo
550 1398 660 1458 ceteris
673 1397 816 1472 medicis,
839 1396 1009 1469 adbibitus,
1029 1404 1212 1457 sanaturum
1227 1416 1265 1458 ss
1279 1394 1342 1467 dicit

364 1484 392 1542 si
405 1482 434 1541 is
443 1482 595 1558 potionem
609 1499 629 1541 a
644 1499 678 1542 se
693 1482 798 1542 datam
814 1481 946 1541 bibisset.
981 1477 1091 1557 Pater,
1106 1489 1261 1558 acceptae
1273 1479 1344 1560 potis

363 1567 412 1626 nis
437 1571 527 1642 apoto
546 1572 654 1642 purte,
676 1565 773 1640 dicit,
788 1583 935 1624 cenenum
948 1565 1008 1624 sibi
1022 1566 1146 1633 dotum
1165 1563 1269 1640 fitius,
1286 1559 1345 1643 pust

365 1650 512 1725 rotonum
525 1657 609 1724 erut,
621 1648 777 1722 eubausit,
791 1657 883 1725 pater
894 1649 1033 1722 decessi,
1048 1649 1099 1709 ilie
1108 1648 1282 1724 parricidii
1293 1661 1345 1708 rest

323 1737 357 1790 18
366 1740 419 1793 est.
443 1730 639 1806 Manifestum,
655 1733 718 1810 quis
734 1732 881 1809 potionem
897 1731 1024 1806 dederit,
1042 1749 1116 1811 quae
1133 1732 1158 1788 si
1172 1734 1282 1791 veneni
1297 1731 1345 1792 tut:

365 1815 443 1874 nulla
468 1817 599 1893 quaestio
624 1815 660 1874 de
685 1824 819 1883 auctore;
844 1824 954 1889 tamen,
979 1832 1015 1874 an
1036 1831 1177 1874 venenum
1197 1815 1305 1892 fuerit,
1322 1827 1359 1871 a*

366 1900 542 1976 argumentis
557 1917 573 1958 a
589 1916 713 1977 persona
729 1899 821 1958 ductis
838 1899 1001 1976 colligetur.
1030 1899 1172 1976 Superest
1187 1896 1348 1972 tertiumn

366 1998 423 2061 quo
440 1983 546 2042 iactum
562 2001 629 2042 esse
642 1992 756 2043 constat
770 1983 892 2061 aliquid;
911 2001 927 2042 a
943 2000 999 2061 quo
1015 1984 1052 2042 sit
1067 1982 1189 2058 iactum,
1206 1983 1346 2060 quaeritu-

366 2065 453 2126 Cuius
470 2068 514 2126 rei
535 2062 744 2145 supervacuum
766 2076 811 2126 est
827 2084 937 2144 ponere
956 2067 1135 2144 exemplum,
1157 2083 1223 2124 cum
1244 2064 1347 2145 pluras

365 2153 421 2210 sint
437 2150 598 2211 huiusmodi
616 2152 736 2227 iudicia,
752 2159 782 2210 ut
798 2150 941 2210 bominem
957 2152 1084 2210 occisum
1100 2166 1167 2208 esse
1182 2150 1347 2210 montiosum

365 2237 402 2294 sit
424 2235 473 2295 vel
494 2236 679 2313 sacrilegium
700 2236 897 2311 commissum,
918 2236 942 2294 is
966 2243 1076 2311 autem,
1100 2234 1147 2312 qui
1169 2234 1303 2311 arguitur
1316 2229 1347 2289 ie

366 2321 459 2394 cisse,
476 2328 573 2396 neget.

447 2402 494 2461 Ex
519 2403 575 2462 hoc
597 2403 724 2463 nascitur
745 2392 981 2484 ἆντικατηγορία.
1024 2401 1130 2479 Utique
1158 2402 1233 2460 eniru
1259 2400 1348 2460 iactum

326 2492 359 2545 19
366 2504 432 2544 esse
450 2488 601 2563 convenit,
625 2487 702 2566 quod
720 2485 776 2546 duo
792 2487 914 2545 invicem
934 2484 1079 2546 obiiciunt.
1119 2483 1227 2563 loquo
1250 2482 1350 2563 quiden

364 2587 474 2645 genere
487 2587 637 2629 causarum
653 2571 786 2630 admouet
799 2568 919 2646 Celsus,
937 2571 1000 2629 beri
1016 2570 1044 2629 id
1060 2571 1087 2628 iu
1102 2569 1166 2628 foro
1182 2584 1242 2626 non
1257 2582 1350 2646 posset

364 2653 441 2729 qnod
456 2655 598 2712 neminem
613 2656 747 2730 ignorare
762 2653 895 2713 arbitror.
933 2653 978 2713 De
996 2670 1053 2712 uno
1074 2670 1126 2713 reo
1147 2652 1299 2711 consilium
1313 2665 1352 2708 eo·

363 2738 440 2812 gitur
461 2737 562 2812 etiam,
587 2747 616 2795 et
637 2739 660 2795 si
679 2739 726 2815 qui
748 2746 830 2813 sunt,
853 2739 900 2816 qui
922 2739 1044 2798 invicem
1065 2744 1220 2810 accusent,
1243 2735 1352 2794 aitemn

321 2819 496 2884 toiudicium
511 2821 644 2898 perferre
659 2840 782 2880 necesse
805 2831 858 2880 est.
894 2820 1092 2900 Apollodorus
1109 2837 1225 2898 quoque
1244 2812 1352 2878 ἀντικα-

362 2903 501 2984 τηγορίαν
516 2905 586 2964 duas
603 2923 670 2964 esse
683 2907 897 2966 controversias
913 2907 999 2981 dixit,
1017 2914 1046 2964 et
1062 2913 1127 2963 sunt
1141 2920 1246 2962 revera
1262 2916 1352 2961 secun

363 2987 428 3046 dum
444 2988 562 3047 forense
574 2990 616 3047 ius
629 2989 702 3049 duae
714 2989 790 3049 lites.
828 2989 1034 3049 Potesttamen
1048 2989 1105 3048 boc
1117 3005 1210 3064 genus
1222 2987 1253 3044 in
1266 2982 1351 3062 cogui-

362 3074 469 3130 tionem
490 3075 590 3131 venirc
614 3083 730 3132 senatus
752 3082 801 3133 aut
822 3075 970 3151 principis.
1009 3073 1067 3132 Sed
1084 3073 1112 3130 in
1128 3071 1233 3130 iudicio
1250 3081 1353 3148 quoque

363 3157 433 3215 nihil
452 3158 573 3216 interest
594 3159 752 3232 actionum,
775 3166 868 3216 utrum
888 3157 970 3216 sirnul
994 3158 1030 3217 de
1052 3165 1175 3232 utroque
1198 3153 1353 3232 pronuntia

321 3245 352 3297 21
364 3249 425 3314 tur,
455 3258 490 3298 an
512 3243 654 3300 sententia
676 3242 711 3301 de
732 3257 788 3299 uno
812 3240 929 3300 ieratur.
976 3241 1040 3314 Quo
1065 3242 1093 3299 in
1115 3256 1226 3316 genere
1248 3249 1355 3314 semper

362 3324 442 3400 prior
463 3323 581 3383 debebit
605 3342 671 3390 esse
693 3324 843 3392 defensio;
867 3327 985 3402 primum
1001 3325 1067 3403 quia
1087 3332 1187 3382 natura
1207 3324 1307 3400 potior
1320 3324 1357 3378 est

362 3406 440 3464 salus
464 3418 561 3468 nostra
591 3426 675 3486 quam
701 3409 859 3468 adversarii
883 3410 1043 3486 pernicies,
1068 3407 1172 3467 deinde
1197 3406 1277 3484 quod
1300 3403 1359 3482 ptus

363 3489 530 3550 habebimus
552 3494 580 3550 in
596 3494 780 3551 accusatione
802 3495 996 3568 auctoritatis,
1016 3495 1040 3551 si
1056 3493 1135 3570 prius
1149 3490 1185 3549 de
1202 3487 1359 3549 innocentia

363 3583 461 3633 nostra
480 3578 656 3651 constiterit,
673 3585 864 3654 postremum,
881 3577 958 3654 quod
973 3577 1011 3636 ita
1026 3577 1138 3636 demum
1154 3575 1267 3652 duplex
1281 3585 1359 3631 causa

363 3657 426 3717 erit.
462 3657 534 3716 Nam
558 3662 604 3736 qui
626 3661 710 3735 dicit,
734 3656 799 3738 Epo
820 3679 881 3721 uon
896 3661 1016 3736 occidi,
1039 3659 1127 3719 babet
1141 3657 1285 3736 reliquam
1303 3670 1359 3734 par·
