3184 4409
352 460 412 526 184
668 473 1033 534 muanomnummru

350 628 452 706 dicem,
472 627 665 706 mitigandum,
684 628 891 688 concitandum.
931 627 1015 703 Quod
1039 628 1223 689 lineriushic
1244 639 1274 690 et
1287 651 1338 692 vc

309 713 505 777 lohementius
521 714 583 773 lieri
602 714 718 790 potest,
740 713 808 790 quia
833 712 919 772 iudici
937 730 1024 773 causa
1043 715 1098 772 iam
1113 722 1179 772 nota
1200 723 1254 772 est.
1285 716 1340 787 Hic

348 798 434 874 igitur
451 796 531 856 velut
555 796 704 871 lomentis,
726 796 750 855 ei
768 796 908 874 quid-erit
926 814 1073 874 asperum,
1094 797 1337 874 praemolliemue,

349 897 410 961 quo,
421 879 535 940 facilius
552 897 637 939 aures
654 879 776 939 iudicum
793 897 867 958 quae
888 887 955 958 post
975 883 1151 959 proposituri
1167 883 1271 939 erimus
1288 884 1337 942 ad

347 965 471 1040 mittant,
497 981 534 1023 ne
556 966 659 1022 iustum
679 962 800 1023 oderint.
844 962 920 1023 Nihil
944 965 1018 1022 enim
1039 964 1126 1024 iacile
1146 964 1339 1041 persuadetur

307 1049 451 1111 lliuvitis.
493 1045 557 1121 Quo
583 1046 771 1119 loco'tamen
796 1047 897 1107 iudicis
919 1063 1035 1125 quoque
1064 1047 1211 1107 noscenda
1237 1057 1338 1108 natura

348 1140 407 1206 est,
429 1132 483 1190 iuri
506 1131 597 1207 magis
620 1148 655 1190 an
674 1146 767 1209 aequo
788 1132 825 1191 sit
840 1133 1003 1209 appositus;
1020 1132 1139 1209 proinde
1156 1133 1229 1190 enim
1244 1133 1338 1208 magis

347 1223 394 1275 aut
414 1215 503 1273 minus
523 1216 580 1290 erit
610 1213 667 1274 hoc
689 1215 893 1274 necessarium.
944 1211 1079 1274 Ceterum
1107 1233 1156 1274 res
1182 1215 1283 1274 eadem
1308 1225 1338 1274 et

347 1306 413 1377 post
429 1299 624 1375 quaestionem
639 1299 831 1375 perorationis
849 1300 915 1356 vice
930 1298 1065 1375 iungitur

305 1392 338 1445 lu
427 1381 506 1441 llanc
524 1391 633 1459 partem
644 1380 736 1481 ιιαρέιι
719 1383 824 1460 κβασιν
839 1391 945 1440 vocant
963 1381 1075 1456 Graeci,
1095 1381 1185 1441 Latini
1205 1399 1336 1458 egres-

345 1484 419 1524 sum
440 1464 489 1524 vel
511 1467 776 1541 egressionem
819 1465 878 1525 Sed
900 1464 955 1524 hae
978 1475 1043 1524 suut
1068 1465 1184 1559 plures,
1212 1474 1248 1524 ut
1263 1465 1335 1540 dixi,

346 1567 420 1628 quae
439 1567 494 1627 per
507 1557 595 1607 totam
610 1566 724 1608 causam
741 1549 838 1608 varios
854 1548 959 1608 habent
979 1542 1135 1624 excursu's,
1157 1558 1189 1608 ut
1203 1548 1265 1608 laus
1282 1549 1336 1608 ho-

345 1634 447 1693 minum
465 1631 669 1708 locorumque,
695 1641 725 1690 ut
740 1633 897 1711 descriptio
914 1633 1078 1709 regionum,
1104 1634 1247 1712 expositio
1264 1651 1336 1710 qua·

305 1716 462 1779 larundam
475 1733 571 1774 rerum
587 1725 748 1792 gestarum,
764 1725 794 1774 ut
814 1715 922 1775 laetitia
942 1716 1110 1776 fabularum.
1145 1716 1208 1790 Quo
1224 1734 1262 1774 ex
1281 1734 1336 1793 ge·

346 1818 416 1858 nere
438 1801 529 1859 estin
553 1798 729 1859 orationihus
753 1807 852 1859 contra
873 1797 994 1858 Verrem
1027 1801 1194 1878 compositis
1214 1800 1337 1859 Siciliae

345 1883 418 1959 laus,
433 1883 624 1960 Proserpinae
639 1891 751 1960 raptus;
774 1899 828 1961 pro
846 1880 878 1942 C.
896 1880 1032 1943 Cornelio
1047 1885 1195 1962 popularis
1210 1883 1260 1942 illa
1276 1885 1335 1942 vir·

344 1974 433 2026 tutum
451 1964 502 2026 ca
520 1967 647 2044 Pompeii
663 1969 910 2042 commemoratio,
931 1968 959 2025 in
974 1985 1057 2044 quam
1077 1968 1128 2026 ille
1142 1968 1251 2026 divinus
1268 1983 1335 2026 ora-

344 2058 400 2126 tor,
418 2050 499 2110 velut
514 2053 627 2110 nomine
642 2052 706 2129 ipso
722 2051 803 2110 ducis
821 2068 920 2110 cursus
936 2051 1048 2111 dicendi
1063 2060 1226 2126 teneretur,
1247 2049 1335 2109 altru-

303 2141 337 2195 14
346 2144 412 2214 pto,
429 2153 513 2212 quem
527 2135 727 2210 inchoaverat,
748 2152 881 2194 sermone
899 2134 1030 2194 devertit.
1062 2135 1107 2195 Ac
1122 2143 1210 2194 totum
1224 2133 1335 2213 copiu-

344 2221 428 2297 βασις
451 2229 513 2295 est,
539 2228 570 2278 ut
590 2236 653 2278 mea
670 2219 781 2297 quidem
796 2219 853 2277 iert
877 2220 990 2297 opinio,
1013 2219 1169 2278 alicuius
1190 2219 1246 2276 rei
1269 2218 1334 2276 sed

345 2303 385 2362 ad
409 2302 614 2362 utilitatem
635 2319 769 2361 causae
789 2304 1011 2380 pertinentis
1040 2312 1147 2363 extra
1168 2301 1332 2360 ordinem

345 2404 548 2446 excurrens
569 2388 753 2445 tractatio.
789 2384 973 2464 Quapropter
991 2385 1163 2461 nouvideo,
1186 2402 1236 2443 cur
1253 2383 1331 2443 hunc

345 2472 371 2528 ei
386 2470 562 2546 potissimum
577 2468 672 2527 locum
685 2470 845 2544 assignent,
867 2471 914 2547 qui
930 2487 1025 2527 rerum
1040 2469 1168 2528 ordinem
1185 2470 1330 2544 sequitur:

343 2570 400 2610 non
414 2554 504 2628 magis
522 2569 604 2629 quam
619 2551 707 2626 illud,
730 2571 781 2611 cur
800 2551 858 2613 hoc
875 2569 977 2612 nomen
999 2554 1037 2612 ita
1058 2553 1169 2612 demum
1184 2552 1333 2629 proprium

313 2643 453 2714 putent,
469 2654 492 2694 er
486 2634 641 2712 aliquid
632 2653 660 2692 ιιι
673 2635 805 2712 digressu
820 2638 856 2695 sit
871 2635 1081 2714 exponendum,
1100 2654 1162 2695 cum
1180 2642 1221 2693 tot
1237 2633 1332 2692 modis

302 2728 334 2780 15
347 2737 362 2778 a
377 2727 458 2778 recto
478 2721 579 2778 itinere
594 2717 719 2778 declinet
736 2720 837 2778 oratio.
873 2719 944 2779 Nam
966 2719 1101 2797 quidquid
1123 2720 1226 2779 dicitur
1245 2734 1331 2795 prae·

343 2813 387 2862 ter
407 2802 470 2861 illas
487 2804 627 2879 quinque,
652 2820 721 2880 quas
740 2802 876 2878 fecimus,
900 2811 1012 2881 partes,
1035 2804 1166 2880 egressio
1184 2810 1245 2875 est,
1260 2800 1332 2859 indi·

342 2887 456 2963 gnatio,
472 2887 634 2961 miseratio,
651 2887 767 2960 invidia,
786 2888 960 2962 convicium,
977 2889 1136 2961 excusatio,
1154 2884 1330 2958 conciliatio,

342 2969 557 3029 maledictorum
572 2969 716 3029 refutatio.
746 2969 853 3029 Similia
868 2970 929 3046 his,
950 2988 1023 3047 quae
1049 2988 1106 3029 non
1121 2979 1184 3028 eunt
1200 2971 1228 3027 in
1243 2985 1331 3045 quae·

343 3056 447 3129 stione,
464 3056 553 3112 omnis
568 3054 765 3132 amplificatio,
781 3056 908 3129 minutio,
932 3071 1015 3114 omne
1032 3055 1153 3114 allectus
1165 3069 1271 3130 genum
1287 3061 1331 3110 at-

344 3156 399 3215 que
418 3156 453 3198 ea
475 3139 595 3197 maxime
621 3137 769 3196 iucundam
788 3147 817 3197 et
832 3147 959 3198 ornatam
973 3138 1080 3198 iaciunt
1095 3139 1269 3210 orationem,
1293 3135 1331 3194 de

343 3220 474 3298 luxuria,
505 3223 541 3281 de
562 3223 694 3298 avaritia,
716 3221 752 3280 de
771 3221 930 3299 religione,
956 3221 992 3280 de
1019 3222 1136 3289 oificiis;
1165 3236 1237 3298 quac
1266 3236 1332 3277 cum

343 3305 398 3362 sint
423 3307 595 3381 argumentis
619 3305 748 3364 subiecta
773 3306 903 3364 similium
928 3323 1038 3381 rerum,
1065 3307 1131 3384 quia
1160 3303 1330 3376 cohaerent,

302 3401 334 3455 16
344 3389 445 3463 egredi
462 3406 518 3446 non
531 3390 672 3448 uidentur.
704 3387 741 3447 itt
757 3388 877 3466 plurima
892 3397 972 3464 sunt,
995 3407 1068 3466 quae
1089 3388 1175 3448 rebus
1196 3385 1266 3445 nihil
1283 3404 1330 3444 se·

344 3489 407 3530 cum
425 3471 644 3531 cohaerentibus
660 3475 839 3547 inseruntur,
856 3472 957 3550 quibus
973 3473 1059 3532 iudex
1072 3473 1215 3546 relicitur,
1232 3469 1329 3530 admo·

342 3563 435 3628 netur,
451 3554 595 3633 placatur,
610 3565 744 3633 rogatur,
762 3555 901 3615 laudatur.
933 3555 1151 3616 innumerabilia
1166 3563 1231 3614 sunt
1245 3553 1328 3627 haec,

344 3655 462 3716 quorum
476 3638 531 3697 alia
547 3639 590 3697 sic
604 3647 773 3718 praeparata
791 3639 953 3714 aderimus,
970 3641 1107 3717 quaedam
1122 3657 1160 3698 ex
1173 3639 1328 3698 occasione

342 3721 389 3782 uel
405 3741 442 3782 ex
455 3723 630 3782 necessitate
645 3724 789 3801 ducimus,
811 3725 836 3783 si
853 3723 1018 3803 quidnobis
1035 3723 1186 3802 agentibus
1200 3723 1268 3782 novi
1280 3735 1328 3779 ae
