3184 4409
347 466 401 530 18'
663 478 1022 538 u.uss.oumr1n1nn1

301 644 335 698 39
427 636 470 693 Do
487 651 573 693 causa
589 633 667 711 prius
683 651 718 692 an
738 633 774 693 de
796 651 921 711 persona
944 635 1094 695 dicendum
1108 638 1164 712 sit,
1188 655 1268 714 quae

344 722 480 800 varieque
500 727 543 776 est
563 716 597 776 ab
613 717 775 776 oratoribus
790 717 911 794 iactum,
926 737 942 778 a
959 717 1101 778 Cicerone
1122 721 1211 779 etiam
1231 739 1267 799 pr

343 813 389 861 tae
411 803 578 880 frequenter
600 819 714 860 causae.
757 801 817 861 Sed
838 803 920 875 milri,
943 803 968 860 si
993 811 1096 862 neutro
1124 802 1185 863 litis
1212 822 1268 864 cou

343 888 572 964 praeponderet,
589 885 744 944 secuudum
758 894 885 944 naturam
896 886 1010 945 videtur
1024 887 1155 964 incipere
1173 905 1192 946 a
1208 907 1268 966 pen

343 970 406 1028 Non
420 972 476 1029 hoc
493 971 583 1045 magis
596 969 734 1045 generale
753 977 798 1026 est
812 971 978 1048 rectiorque
994 970 1112 1046 divisio,
1132 989 1168 1030 an
1183 971 1268 1031 ulluu

296 1064 334 1116 'to
344 1072 408 1112 meu
425 1053 580 1127 credibile,
598 1071 632 1111 an
644 1053 710 1111 hoo.
738 1052 838 1111 Potest
849 1061 943 1112 tamen
958 1054 986 1113 id
1001 1055 1110 1131 ipsum,
1127 1056 1205 1114 sicut
1221 1057 1268 1133 ple

342 1157 416 1216 que,
441 1147 557 1196 vertere
587 1136 703 1195 utilitas.
741 1134 805 1195 Nec
835 1145 940 1195 tantum
962 1155 1067 1196 causae
1090 1136 1252 1198 voluntatis

342 1222 542 1301 quaerendae,
565 1220 618 1280 sed
637 1221 794 1278 interimet
811 1221 933 1295 erroris,
957 1229 987 1278 ut
1003 1220 1145 1294 ebrietas,
1169 1223 1268 1298 ignora

341 1306 413 1365 Nam
428 1307 517 1380 haec,
541 1312 571 1362 ut
594 1305 621 1361 in
639 1304 775 1381 qualitate
798 1305 906 1362 crimen
923 1304 1052 1378 elevant,
1075 1307 1113 1363 ita
1129 1305 1157 1362 in
1173 1309 1267 1367 conie

298 1399 329 1451 ll
342 1399 481 1468 premunt.
519 1387 556 1446 Et
578 1404 703 1465 persona
724 1389 839 1464 quidem
861 1389 962 1446 nescio
985 1406 1020 1447 an
1034 1406 1172 1467 uuquam,
1200 1392 1264 1469 utiq

341 1491 412 1533 vero
430 1482 494 1532 actu
512 1473 573 1545 rei,
592 1473 685 1548 possit
700 1471 846 1546 incidere,
864 1472 900 1530 de
920 1489 975 1550 qua
996 1480 1096 1531 neutra
1114 1489 1180 1548 pars
1198 1475 1265 1534 dica

341 1559 435 1617 causis
454 1557 622 1633 frequenter
639 1557 738 1633 quaeri
760 1555 828 1614 nibil
849 1557 966 1630 attinet,
988 1565 1018 1615 ut
1035 1557 1063 1614 in
1078 1556 1248 1633 adulteriis,

341 1641 440 1713 iurtis,
459 1640 524 1717 quia
539 1638 603 1696 illas
621 1657 674 1716 per
689 1657 721 1696 se
740 1640 803 1715 ipsa
821 1639 936 1697 crimina
954 1657 1053 1698 secum
1071 1637 1186 1698 babent.

298 1735 332 1786 42
424 1723 493 1782 Post
511 1723 584 1782 baec
614 1723 747 1781 intuenda
771 1721 902 1781 videntur
928 1732 956 1781 et
983 1723 1160 1790 oonsilia;
1184 1741 1264 1801 quae

340 1816 455 1885 patent,
472 1805 517 1864 An
534 1806 672 1866 credibile
688 1807 741 1879 sit,
760 1824 839 1864 reum
855 1824 1008 1884 sperasse,
1024 1807 1052 1866 id
1068 1825 1084 1866 a
1099 1825 1132 1865 se
1146 1808 1268 1867 scelus·

339 1887 450 1969 posse?
471 1908 506 1948 an
521 1891 662 1966 ignorari,
680 1909 743 1948 oum
755 1887 896 1948 fecisset‘.l
912 1908 962 1965 au,
982 1891 1092 1949 etiamsi
1107 1892 1268 1966 ignoratum

339 1984 436 2049 esset,
461 1975 573 2034 absolvi
594 1975 642 2033 vel
663 1991 758 2051 poena
784 1974 842 2032 levi
864 1976 982 2051 transigi
1008 1974 1056 2032 vel
1079 1975 1206 2034 tardiore
1234 1995 1268 2034 ve

340 2077 395 2137 qua
419 2060 509 2118 minus
536 2059 706 2118 incommodi
735 2066 942 2117 consecutums
970 2075 1054 2136 quam
1079 2074 1116 2116 ex
1141 2058 1222 2117 iacto
1245 2078 1266 2136 g

296 2151 331 2205 43
339 2140 504 2202 videretur?
520 2160 555 2201 an
567 2145 651 2202 etiam
663 2143 732 2201 tanti
744 2142 887 2219 putaverit
901 2159 1024 2219 poenam
1040 2138 1158 2200 subire?
1174 2141 1268 2202 Postl

287 2233 289 2237 ’
339 2228 383 2286 An
400 2228 457 2286 alio
473 2235 605 2303 tempore
621 2236 650 2285 et
668 2226 751 2285 aliter
766 2225 865 2283 lacere
881 2226 929 2284 vel
944 2225 1056 2285 facilius
1072 2225 1119 2301 vel
1136 2228 1268 2286 securius

253 2378 259 2397 ι
339 2308 445 2370 tuerit?
470 2321 500 2369 ut
516 2311 584 2369 dicit
600 2308 704 2369 Cicero
721 2325 774 2386 pro
790 2307 897 2367 Milone
913 2327 1082 2367 enumerans
1097 2309 1237 2386 plurimas
1253 2327 1268 2368 o

339 2397 453 2470 sioncs,
471 2394 573 2472 quibus
589 2393 624 2453 ab
645 2411 680 2451 eo
699 2391 817 2451 Clodius
833 2393 946 2470 impune
967 2393 1060 2452 occidi
1080 2393 1216 2470 potuerit.
1254 2393 1268 2454 l

339 2487 435 2551 terea,
459 2496 509 2536 cur
526 2479 702 2555 potissimum
718 2475 768 2534 illo
786 2476 871 2551 loco,
896 2477 947 2536 illo
963 2486 1110 2553 tempore,
1127 2476 1178 2534 illo
1196 2477 1267 2536 mod

340 2579 515 2637 aggressus,
540 2561 610 2639 (qui
626 2569 655 2619 et
681 2562 744 2636 ipse
761 2559 980 2635 diligentissime
996 2568 1134 2619 tractatur
1154 2577 1209 2637 pro
1235 2577 1268 2619 eo

296 2644 438 2721 lllocus)
458 2663 508 2718 an,
525 2646 635 2704 etiamsi
650 2643 727 2703 nulla
743 2645 855 2702 ratione
870 2644 971 2704 ductus
988 2652 1048 2717 cst,
1064 2646 1171 2720 impetu
1187 2653 1268 2722 raptu

339 2734 368 2786 et
388 2727 528 2805 absque
553 2729 756 2800 sententia,
781 2727 867 2804 (uam
886 2728 974 2803 vulgo
997 2728 1115 2800 dicitur,
1138 2728 1261 2786 Scelera

339 2810 446 2871 habere
476 2812 646 2890 consilium)
674 2830 709 2870 an
732 2813 817 2869 etiam
840 2811 1046 2870 consuetudine
1069 2812 1210 2888 peccandi
1237 2813 1268 2869 sit

339 2892 457 2954 lectus?

336 2966 341 2974 ’
421 2978 553 3040 Excussa
573 2979 662 3057 prima
684 2988 783 3057 parte,
805 2998 840 3038 an
864 2979 1005 3053 voluerit,
1028 2978 1176 3055 sequitur,
1205 2978 1258 3034 Au

338 3061 477 3123 tuerit?
515 3063 567 3121 Hic
591 3072 729 3123 tractatur
749 3063 849 3138 locus,
876 3073 1003 3140 tempus,
1029 3071 1059 3119 ut
1085 3061 1188 3119 lurtum
1211 3062 1241 3118 in

338 3147 436 3223 cluso,
454 3148 611 3225 frequenti;
631 3155 761 3224 tempore
775 3147 822 3205 vel
838 3147 954 3220 diurno,
972 3163 1035 3204 cum
1053 3154 1144 3203 testes
1157 3144 1258 3221 plures

256 3285 260 3291 .
295 3236 494 3306 45uocturno,
512 3250 574 3290 cum
592 3232 683 3290 maior
697 3230 862 3289 difficultas.
895 3229 1195 3307 lnspiciunturutique
1213 3228 1268 3287 dttt

338 3322 428 3390 tates,
445 3317 633 3389 occasiones,
651 3332 723 3392 quae
740 3324 805 3372 sunt
822 3314 960 3393 plurimae
976 3314 1099 3390 ideoque
1120 3312 1265 3389 exemplis

338 3407 435 3472 egent.
476 3399 529 3458 llic
552 3417 677 3477 sequens
703 3398 785 3457 locus
802 3399 867 3457 talis
890 3407 950 3473 est,
973 3406 1024 3471 ut„
1041 3398 1065 3455 si
1081 3397 1143 3455 fieri
1157 3413 1215 3454 non
1230 3413 1268 3474 po

337 3480 450 3553 subbata
466 3482 500 3541 lis
516 3483 565 3550 sit;
595 3485 618 3541 si
636 3483 744 3560 potuit,
761 3490 898 3558 sequatur
913 3482 1061 3560 quaestio,
1080 3499 1116 3539 an
1131 3479 1245 3560 fecerit.

335 3565 409 3624 haec
430 3567 515 3625 etiam
536 3566 571 3625 ad
588 3568 671 3625 animi
693 3566 888 3625 coniecturam
911 3565 1072 3643 pertinent,
1096 3582 1160 3623 nam
1183 3573 1268 3623 etex

335 3650 500 3725 colligitur,
523 3667 558 3707 an
583 3652 753 3727 speraverit.
802 3648 871 3708 ldeo
902 3650 1028 3726 spectari
1052 3647 1158 3707 debent
1181 3657 1210 3707 et
1231 3650 1268 3707 im

334 3742 445 3802 menta,
461 3743 491 3792 ut
506 3731 600 3793 Clodii
616 3752 650 3793 ac
670 3733 786 3793 lllilonis
803 3735 963 3792 comitatus.
