3184 4409
438 423 441 435 ⁸
525 469 1002 539 rnsr.onaron.u1n.x11,11.
1223 455 1285 518 279

292 643 369 702 non,
392 623 518 700 Tyrtaei.
550 623 723 698 Quinimmo
741 626 765 685 si
782 625 855 686 hanc
871 627 1074 702 cogitationem
1089 625 1218 685 homines
1233 624 1283 685 ha·

292 710 441 784 buissent,
457 717 487 768 ut
503 726 587 769 nemo
604 727 636 768 se
650 709 801 769 meliorem
817 710 881 768 fore
897 727 950 786 eo,
968 711 1016 787 qui
1033 711 1155 787 optimus
1170 709 1283 783 fuisset,

293 792 495 855 arbitraretur:
523 794 551 852 l1i
567 794 639 872 ipsi,
663 795 796 871 quisunt
817 795 931 872 optimi,
953 811 1009 853 uon
1030 794 1166 866 luissent,
1188 811 1283 871 neque

292 885 365 956 post
385 874 546 936 lucretium
568 895 603 936 ac
624 875 751 936 Macrum
766 876 913 953 Vergilius
934 895 989 936 uec
1011 885 1079 954 post
1100 873 1234 936 Crassum
1256 884 1285 935 et

292 959 478 1020 Hortensium
495 958 599 1020 Cicero
615 960 668 1020 sed
681 978 736 1020 uec
750 961 803 1037 illi,
818 962 865 1039 qui
880 969 947 1039 post
962 977 1013 1020 eos
1029 960 1151 1020 inerunt.
1177 958 1327 1020 Verumass

292 1052 328 1103 ut
343 1043 507 1103 transeundi
523 1062 592 1122 spes
607 1060 664 1102 non
682 1045 733 1104 sit:
753 1062 856 1121 magua
877 1053 971 1104 tamen
987 1052 1032 1103 est
1046 1043 1168 1120 dignitas
1183 1041 1284 1102 subse·

294 1127 412 1206 queudi.
447 1127 492 1185 An
518 1127 611 1186 Pollio
639 1137 668 1187 et
692 1127 836 1203 Messala,
865 1130 913 1206 qui
940 1129 995 1187 iam
1021 1125 1164 1187 Cicerone
1188 1144 1285 1186 arcem

292 1219 413 1271 tenente
430 1211 613 1290 eloquentiae
627 1229 718 1288 agere
734 1220 910 1290 coeperunt,
931 1229 1031 1290 parum
1050 1213 1078 1269 in
1092 1213 1149 1271 vita
1166 1211 1285 1288 diguita-

292 1295 334 1356 tis
348 1293 521 1371 habuerunt,
538 1312 636 1374 parum
650 1295 686 1355 ad
701 1304 837 1374 posteros
851 1295 963 1374 gloriae
979 1294 1177 1355 tradiderunt?
1205 1293 1285 1352 Alio·

294 1378 347 1457 qui
364 1379 490 1457 pessime
515 1379 552 1439 de
573 1378 661 1438 rebus
682 1378 809 1439 humanis
831 1378 988 1457 perductae
1010 1380 1037 1437 iu
1057 1396 1192 1438 summum
1207 1385 1286 1436 artes

292 1471 493 1538 mererentur,
509 1463 550 1539 si,
566 1461 643 1540 quod
660 1465 812 1541 optimum,
832 1463 943 1522 fuisset.
977 1461 1061 1522 Adde
1076 1463 1154 1540 quod
1168 1461 1328 1538 ma'gnos29

294 1545 411 1606 modica
433 1562 548 1624 quoque
575 1545 740 1623 eloquentia
765 1548 839 1626 parit
858 1545 984 1622 fructus,
1007 1563 1057 1621 ac,
1080 1548 1104 1604 si
1126 1547 1188 1624 quis
1212 1547 1287 1606 haec

294 1627 392 1688 studia
414 1629 534 1690 utilitate
555 1629 619 1689 sola
640 1631 787 1706 metiatur,
809 1648 902 1709 paene
924 1630 967 1690 illi
987 1630 1136 1708 perfectae
1157 1647 1209 1707 par
1232 1637 1285 1688 est.

294 1709 401 1790 Neque
420 1721 482 1772 erat
502 1712 620 1774 difficile
639 1713 687 1773 vel
701 1714 849 1774 veteribus
870 1714 918 1773 vel
938 1715 1021 1773 novis
1037 1713 1178 1790 exemplis
1194 1713 1288 1792 palam

294 1795 416 1870 facere,
432 1813 489 1855 non
504 1796 617 1856 aliunde
633 1797 757 1857 maiores
773 1815 862 1876 opes,
883 1797 1025 1875 honores,
1049 1799 1204 1873 amicitias,
1227 1796 1286 1856 lau·

296 1880 366 1940 dem
379 1890 570 1958 praesentem,
586 1879 708 1941 futuram
718 1881 877 1941 hominibus
891 1883 1062 1959 contigisse:
1078 1882 1131 1940 uisi
1145 1881 1287 1958 iudignum

295 1963 404 2024 litteris
423 1973 518 2040 esset,
547 1963 583 2023 ab
604 1980 695 2043 opere
717 1965 927 2044 pulcherrimo,
949 1966 1028 2024 cuius
1049 1973 1186 2025 tractatus
1202 1973 1288 2042 atque

295 2048 364 2124 ipsa
384 2049 534 2125 possessio
554 2047 748 2126 plenissimam
769 2049 869 2109 studiis
891 2050 1010 2126 gratiam
1024 2048 1131 2123 refert,
1149 2048 1224 2107 hanc
1238 2049 1287 2106 mi·

296 2146 402 2189 norem
416 2133 536 2208 exigere
550 2131 725 2209 mercedem,
740 2150 822 2192 more
836 2148 945 2209 eorum,
961 2134 1009 2211 qui
1024 2150 1041 2192 a
1055 2150 1088 2191 se
1101 2149 1159 2191 non
1168 2133 1289 2191 virtutes

298 2212 356 2273 sed
375 2210 567 2292 voluptatem,
589 2232 664 2292 quae
683 2216 715 2276 lit
729 2235 767 2276 ex
789 2216 957 2290 virtutibus,
979 2217 1038 2294 peti
1059 2217 1164 2276 dicunt.
1196 2213 1332 2293 ipsamso

298 2297 389 2374 igitur
405 2297 504 2357 orandi
517 2299 710 2376 maiestatem,
725 2319 780 2379 qua
795 2300 864 2360 nihil
882 2300 920 2360 dii
933 2299 1108 2359 immortales
1122 2299 1224 2370 melius
1239 2298 1290 2358 luo·

299 2381 368 2440 mini
386 2381 541 2458 dederuut,
560 2393 589 2443 et
604 2401 659 2463 qua
673 2393 784 2445 remota
800 2393 876 2444 muta
892 2392 957 2442 suut
972 2385 1064 2443 omnia
1078 2392 1108 2442 et
1125 2383 1191 2443 luce
1208 2399 1291 2461 prae·

301 2465 378 2528 senti
398 2486 432 2528 ac
452 2469 589 2528 memoria
612 2469 789 2546 posteritatis
814 2476 928 2542 carent,
955 2476 1016 2526 toto
1043 2469 1135 2534 auimo
1162 2475 1292 2545 petamus

302 2553 482 2629 nitamurque
499 2568 616 2629 semper
631 2551 667 2610 ad
682 2553 805 2630 optima,
826 2550 903 2630 quod
917 2550 1057 2611 iacientes
1073 2558 1121 2609 aut
1137 2549 1292 2610 evademus

301 2638 333 2696 in
350 2652 486 2694 summum
502 2642 550 2693 aut
565 2643 645 2694 certe
659 2635 763 2695 multos
778 2635 851 2695 inira
865 2651 919 2693 nos
936 2633 1104 2695 videbimus.

388 2717 467 2778 llaec
485 2726 575 2793 erant,
592 2715 732 2800 llarcelle
746 2717 868 2794 Victori,
886 2718 988 2797 quibus
1005 2727 1163 2797 praecepta
1180 2716 1293 2777 dicendi
1300 2715 1334 2770 31

303 2817 360 2881 pro
379 2801 454 2860 virili
475 2811 557 2878 parte
578 2801 706 2863 adiuvari
721 2820 810 2882 posse
825 2821 879 2882 per
892 2817 946 2862 uos
960 2801 1146 2878 videbantur,
1173 2818 1294 2880 quorum

303 2885 432 2961 cognitio
449 2884 584 2944 studiosis
600 2885 749 2947 iuvenibus
771 2887 795 2946 si
811 2904 868 2946 non
884 2904 1014 2963 magnam
1028 2886 1178 2946 utilitatem
1193 2884 1295 2945 aderet

302 2977 335 3030 at
351 2976 448 3046 certe,
465 2969 543 3048 quod
559 2971 650 3048 magis
665 2972 804 3052 petimus,
820 2969 923 3031 bonam
936 2971 1120 3031 voluntatem.
