3184 4409
550 491 985 560 manoperammauma.
1225 486 1266 546 97

267 647 348 708 modi
363 648 505 726 exemplis
522 647 607 725 plena
623 654 688 706 suut
705 646 815 721 omnia,
837 646 891 706 sed
913 665 997 706 unum
1018 649 1129 709 interim
1144 652 1266 714 sufficit:

267 730 432 810 Equidem,
449 731 531 811 quod
545 730 590 791 ad
603 749 650 790 mc
665 733 780 806 attinet,
797 745 857 807 quo
870 751 917 791 me
928 743 1056 809 certam,
1068 737 1180 800 ucecia.
1204 736 1267 800 Ne-

265 836 337 896 pem
349 816 447 894 fuisse
463 816 622 894 infamiam
632 815 741 874 tautae·
753 817 893 892 corrupti
907 825 937 875 et
959 825 1067 876 cetera.
1104 817 1168 878 Hoc
1184 824 1309 887 etiamad
1335 874 1337 878 ,

267 903 298 959 in
315 902 501 979 praeteritum
517 899 607 974 valet,
623 915 687 956 nam
703 907 732 957 et
749 897 898 959 dubitasse
914 917 967 958 nos
983 900 1124 976 tingimus.

354 983 381 1042 Α
406 1001 464 1083 qno
489 943 637 1042 schemdte
663 1000 720 1041 non
745 981 849 1060 procul
877 982 960 1042 abest
978 983 1044 1059 illa,
1070 1002 1143 1063 quae
1165 987 1268 1048 dicitur

269 1069 579 1147 communicatio,
607 1084 671 1125 cum
698 1075 745 1125 aut
771 1068 853 1146 ipsos
875 1068 1058 1128 adversarios
1081 1071 1266 1149 consulimus,

268 1161 300 1210 ut
316 1150 457 1211 Domitius
475 1152 548 1210 Afer
563 1167 617 1228 pro
633 1149 795 1210 Domitilla:
811 1149 917 1212 Nescit
931 1153 1069 1230 trepida,
1088 1155 1163 1230 quid
1177 1157 1269 1217 liccat

267 1237 411 1313 feminac,
426 1238 503 1314 quid
517 1237 674 1334 couiupem
689 1234 817 1304 deccat;
834 1237 915 1314 forte
935 1254 989 1297 vos
1008 1239 1040 1297 iu
1055 1237 1111 1298 itta
1125 1241 1267 1300 solticitu-

268 1322 342 1380 dt'ue
356 1322 459 1382 odaiae
473 1338 567 1381 casua
582 1321 714 1380 miserae
730 1320 986 1390 muliemobtutit;
1002 1329 1049 1397 tu,
1067 1322 1185 1400 frater,
1202 1343 1266 1399 aas,

266 1406 391 1484 patema
409 1406 516 1479 amici,
542 1404 625 1482 quod
646 1404 804 1464 consilium
832 1405 934 1465 datie?
962 1412 1010 1463 aut
1036 1423 1098 1464 cum
1125 1407 1307 1476 iudicibusal

268 1489 352 1567 quasi
363 1488 566 1563 deliberamus,
576 1487 654 1567 quod
667 1496 712 1546 est
722 1484 1000 1566 frequentissimum:
1015 1486 1096 1562 aaa
1107 1493 1267 1553 suadetis?

267 1582 298 1632 et
322 1570 382 1634 Vos
400 1575 572 1651 iuterropo,
604 1573 680 1650 quid
706 1574 829 1633 taudem
856 1573 926 1650 ficri
948 1576 1101 1650 oportuit?
1123 1584 1153 1634 ιιι
1177 1573 1265 1635 Cato:

269 1655 370 1733 Cedo,
396 1659 492 1719 eiam
507 1659 540 1717 iu
559 1675 593 1718 eo
608 1657 675 1717 loco
691 1659 814 1733 coactis,
837 1659 912 1733 qaid
926 1659 1014 1737 atiud
1024 1659 1198 1736 fecissetis?
1229 1658 1268 1719 Ει

268 1739 352 1800 alibi:
381 1739 573 1803 Communem
592 1760 657 1802 rem
672 1743 726 1819 aaa·
743 1748 880 1823 putatote
898 1761 938 1803 ac
958 1761 1013 1803 aas
1027 1743 1099 1803 duic
1113 1745 1160 1804 rei
1171 1763 1267 1822 prac-

265 1825 382 1903 positos
402 1845 479 1887 csse.
515 1824 573 1886 Sed
591 1841 791 1902 nonnunquam
808 1827 1050 1885 communicantes
1065 1827 1172 1905 aliquid
1187 1830 1309 1896 inex-22

268 1917 415 1986 pectatum
437 1909 652 1986 subiungimus,
684 1909 762 1985 quod
784 1917 813 1967 et
834 1926 888 1986 per
910 1927 942 1967 se
966 1909 1084 1970 schema
1105 1920 1164 1970 est:
1185 1921 1215 1971 nt
1238 1913 1266 1970 in

266 1992 389 2052 Verrem
406 1991 528 2069 Cicero,
546 1990 629 2066 Ouid.
644 1993 777 2052 deiude?
799 1993 875 2069 quid
895 1995 1044 2055 causatis?
1065 1995 1183 2072 sartum
1199 1997 1266 2074 sor-
1325 2035 1333 2047 κ

267 2085 351 2137 tasse
371 2086 424 2138 aut
437 2079 592 2156 praedam
613 2077 769 2153 aliquam?
794 2076 917 2151 Deinde,
930 2095 994 2136 cum
1009 2077 1056 2138 diu
1067 2080 1267 2156 suspendisset

265 2159 391 2219 iudicum
409 2163 529 2236 animos,
547 2161 686 2236 subiecit,
706 2159 783 2238 quod
798 2160 887 2220 multo
906 2169 987 2219 esset
1004 2161 1171 2240 improbius.
1204 2163 1268 2222 lloc

268 2241 374 2303 Celsus
399 2247 716 2305 sustentationem
738 2253 835 2303 vocat.
873 2242 927 2303 Est
952 2253 1046 2304 autem
1062 2245 1186 2323 duplex;
1203 2262 1308 2316 nam23

267 2337 369 2388 contra
384 2329 569 2408 frequenter,
598 2330 661 2390 cum
685 2330 919 2407 expectationem
941 2329 1174 2405 gravissimorum
1195 2331 1266 2391 ieci-

265 2431 348 2490 mas,
367 2415 401 2477 ad
417 2415 541 2495 aliquid,
568 2415 646 2494 quod
663 2415 700 2472 sit
721 2414 787 2473 leve
810 2423 859 2474 aut
872 2413 952 2472 nullo
968 2413 1054 2472 modo
1072 2414 1265 2491 criminosum,

267 2500 477 2561 descendimus.
501 2500 560 2561 Sed
577 2499 644 2579 quia
655 2515 713 2556 non
725 2506 831 2557 tantum
842 2516 896 2576 per
908 2499 1192 2558 communicationem
1203 2499 1267 2559 lieri

266 2584 359 2643 solet:
375 2579 544 2666 παράδοξον
559 2584 606 2643 alii
621 2583 800 2641 nominarunt
815 2583 843 2642 id
861 2591 906 2641 est
920 2583 1105 2661 inopinatum.
1133 2582 1195 2644 lllis
1210 2596 1309 2651 nonae

266 2667 389 2743 accedo,
406 2672 454 2747 qui
470 2669 587 2728 schema
601 2685 667 2726 esse
679 2668 844 2726 existimant
860 2667 955 2741 etiam,
971 2669 995 2726 si
1015 2665 1177 2745 quidnobis
1195 2668 1266 2746 ipsis

266 2751 394 2811 dicamus
419 2755 634 2830 inexpectatum
651 2750 811 2811 accidisse:
832 2760 864 2810 ut
882 2750 994 2828 Pollio,
1017 2750 1182 2829 Nunquam
1198 2753 1267 2831 sora

267 2837 399 2913 credidi,
416 2839 546 2912 tauteus,
561 2844 608 2913 ut,
631 2853 684 2897 reo
705 2834 845 2909 Scauro,
861 2855 900 2896 aa
922 2837 997 2913 quid
1015 2837 1048 2897 iu
1068 2839 1134 2897 cius
1151 2836 1267 2897 iudicio

264 2922 370 2999 pratia
385 2923 511 2997 valeret,
526 2939 689 2999 precarer.
729 2919 824 2980 Paene
839 2921 915 2980 idem
936 2920 1001 2979 lons
1017 2929 1063 2980 est
1076 2920 1164 2995 illius,
1182 2930 1308 2996 quantas

266 3007 557 3082 permissionem
578 3014 701 3079 vocant,
721 3006 769 3084 qui
792 3006 1067 3080 communicationis,
1088 3018 1151 3063 cum
1169 3002 1266 3078 aliqua

265 3089 337 3166 ipsis
368 3089 508 3150 iudicibus
535 3088 722 3166 relinquimus
749 3088 924 3148 aestimanda
950 3089 1047 3165 aliqua
1067 3100 1267 3161 nonnunquam

266 3172 441 3232 adversariis
460 3190 590 3251 quoque:
607 3181 638 3231 ιιι
656 3171 762 3231 Calvus
777 3173 904 3248 Vatinio,
926 3171 1069 3250 Perfrica
1086 3171 1217 3249 fractam
1236 3175 1266 3234 al

266 3258 318 3318 dic
334 3265 362 3317 te
378 3259 556 3336 dipaiorem,
574 3258 625 3334 qut
638 3263 768 3335 praetor
780 3255 882 3335 fieres,
900 3272 991 3333 quam
1008 3253 1161 3317 Catonem.

351 3340 433 3414 Quae
469 3358 541 3401 vero
577 3349 643 3400 sunt
672 3340 832 3416 augendis
847 3338 999 3401 affectibus
1031 3325 1307 3408 accommodataeaa

268 3425 390 3502 figurae,
410 3434 542 3485 constant
556 3426 679 3485 maxime
702 3424 954 3484 simulatione.
990 3421 1119 3500 Namque
1135 3423 1188 3480 et
1178 3423 1266 3482 irasci

265 3526 320 3568 nos
342 3519 371 3569 et
386 3510 515 3586 gaudere
541 3518 571 3568 et
585 3511 687 3569 timere
712 3517 741 3567 et
763 3507 895 3567 admirari
916 3515 945 3566 et
964 3505 1065 3567 dolere
1081 3514 1110 3566 et
1124 3505 1265 3584 indignari

265 3602 296 3651 et
321 3603 439 3671 optare,
464 3601 684 3672 quaequexsunt
702 3592 805 3652 similia
826 3592 887 3667 his,
912 3591 1053 3668 tingimus.
1096 3588 1179 3650 Unde
1200 3598 1265 3649 sunt

264 3677 332 3736 illa:
354 3675 519 3738 Liberatus
537 3688 622 3738 sum:
647 3678 821 3755 respiraui;
842 3685 872 3734 et
891 3673 975 3736 Beue
995 3677 1103 3746 dadam
1123 3682 1153 3733 et
1179 3673 1267 3746 Quae

265 3763 399 3822 amentia
415 3769 460 3821 cet
474 3761 573 3822 leaeo?
608 3757 634 3823 0
653 3769 806 3840 tempora,
829 3779 847 3823 o
866 3762 981 3824 mores!
999 3768 1029 3821 et
1042 3757 1188 3900 lluqrum
1202 3755 1266 3820 mal

309 3866 341 3903 u.
352 3866 375 3903 s.
390 3865 502 3914 curura.
514 3848 549 3905 Il.
