3184 4409
362 449 422 510 204
676 458 712 506 u.
728 458 807 505 aaa.
823 455 1044 518 numerarem

358 614 478 674 tharcho
495 632 529 673 an
545 615 660 691 Scopae
678 615 814 690 scriptum
829 613 865 671 sit
885 612 912 672 id
932 629 1061 679 carnum
1085 621 1118 671 et
1135 612 1266 673 Pharsali
1357 641 1359 648 ·

358 699 432 758 haec
449 699 559 771 domus,
576 706 605 755 ut
622 698 684 774 ipse
701 697 823 773 quodam
840 696 907 755 loco
923 696 1086 772 significare
1104 697 1271 758 Simonides
1297 698 1301 709 '
1343 705 1359 762 ir

358 792 404 840 tur
419 791 504 859 atque
520 780 718 858 Apollodorus
734 789 762 838 et
777 779 987 838 Eratosthenes
1003 789 1031 839 et
1042 778 1218 857 Euphorion
1236 790 1264 840 et
1307 778 1311 792 '
1344 806 1359 845 n

359 883 445 924 saeus
456 864 620 941 Eurypylus
631 864 817 937 tradiderunt,
834 882 869 922 an
888 860 1031 936 cranone,
1048 872 1078 921 ut
1093 863 1258 941 ApollasG
1291 865 1297 878 '
1345 890 1359 929 s

318 948 442 1021 lochos,
462 967 544 1026 quem
561 957 678 1006 secutus
695 944 800 1006 Cicero
816 947 889 1006 hanc
905 947 1008 1006 lamam
1023 946 1107 1006 latius
1124 948 1209 1008 ludit.
1242 950 1321 1026 Scopa
1348 973 1359 1012 n

360 1033 486 1092 nobilem
503 1031 672 1090 Thessalum
688 1032 812 1109 periisse
828 1033 855 1089 in
873 1048 910 1090 eo
927 1031 1060 1090 convivio
1078 1041 1210 1100 constat:
1239 1031 1322 1092 adiici
1349 1057 1359 1116 q

360 1118 469 1175 sororis
487 1117 548 1174 eius
566 1115 656 1181 iulius3
680 1123 778 1191 putant
801 1124 830 1174 et
851 1124 931 1173 ortos
947 1115 1105 1193 plerosque
1124 1114 1161 1175 ab
1181 1116 1242 1176 alio
1258 1116 1304 1175 Sco
1350 1123 1359 1181 l

318 1202 406 1276 roqui
423 1201 513 1258 maior
531 1207 624 1258 aetate
640 1198 735 1257 luerit.
767 1197 935 1276 Quanquam
952 1198 1019 1257 mibi
1034 1207 1124 1257 totum
1141 1199 1179 1259 de
1197 1199 1309 1275 amun·
1353 1224 1359 1264 ι

358 1283 518 1342 fabulosum
536 1283 663 1356 videtur,
687 1300 781 1359 neque
806 1284 920 1342 omnino
938 1282 1020 1341 huius
1039 1283 1083 1340 rei
1098 1285 1231 1343 meminit

360 1376 447 1445 poeta
464 1368 528 1444 ipse
546 1366 678 1443 prolecto
694 1384 751 1424 non
767 1367 905 1426 taciturus
921 1366 957 1425 de
973 1374 1049 1426 tanta
1065 1383 1116 1425 sua
1133 1365 1243 1443 gloria.

319 1458 351 1512 17
441 1450 487 1508 Ex
509 1450 565 1508 hoc
583 1447 735 1509 Simonidis
760 1451 837 1509 lacto
858 1459 985 1509 notatum
999 1448 1127 1525 videtur,
1150 1451 1249 1512 iuvari
1264 1464 1334 1511 ment

359 1536 430 1593 riam
458 1535 577 1610 signatis
603 1535 696 1592 animo
725 1533 860 1608 sedibus,
890 1534 977 1613 idque
1005 1532 1129 1592 credere
1160 1552 1219 1595 suo
1250 1537 1336 1613 quisq!

360 1619 569 1695 experimento.
607 1616 678 1676 Nam
699 1636 761 1675 cum
783 1619 812 1676 in
833 1618 898 1676 loca
919 1617 1016 1696 aliqua
1039 1625 1105 1694 post
1121 1626 1244 1697 tempus
1259 1618 1339 1679 reveri

360 1720 469 1759 sumus:
494 1717 551 1759 non
575 1702 638 1777 ipsa
659 1702 841 1777 agnoscimus
863 1711 970 1760 tantum
990 1701 1161 1779 sedetiam,
1187 1721 1270 1782 qnae
1286 1701 1341 1763 inl'r

359 1785 529 1858 fecerimus,
551 1786 759 1843 reminiscimur
775 1802 980 1863 personaeque
1004 1783 1142 1859 subeunt,
1166 1802 1344 1867 nonnunqum

361 1870 464 1927 tacitae
481 1886 595 1945 quoque
614 1871 807 1944 cogitationes
822 1870 851 1928 in
866 1878 990 1928 mentem
1005 1877 1202 1930 revertuntur.
1237 1870 1311 1932 Nata
1323 1875 1359 1949 el¹

320 1952 460 2028 18igitur‚
490 1955 565 2010 utin
587 1952 752 2030 plerisque,
776 1971 823 2012 ars
845 1953 880 2013 ab
903 1953 1112 2030 experimento.
1151 1953 1238 2015 Loca
1263 1956 1348 2016 disard

360 2054 445 2113 quam
459 2038 582 2095 maxime
598 2038 738 2113 spatiosa,
758 2038 846 2097 multa
860 2038 1001 2097 varietate
1019 2038 1142 2112 signata,
1161 2039 1284 2098 domum
1298 2040 1348 2129 iqrt

359 2138 488 2195 magnam
506 2130 534 2179 et
551 2122 579 2178 in
595 2121 699 2178 multos
722 2123 863 2181 diductam
880 2139 1026 2179 recessus.
1058 2119 1090 2178 In
1108 2139 1145 2181 ea
1164 2124 1307 2202 quidquid
1319 2136 1348 2180 ro

360 2203 449 2262 tabile
466 2214 525 2278 est,
550 2206 642 2263 animo
665 2205 818 2280 diligenter
841 2205 982 2280 alligitur,
1004 2213 1035 2263 ut
1051 2205 1113 2262 sine
1130 2209 1349 2267 currctation'eu

360 2305 439 2346 mora
457 2298 553 2364 partes
576 2290 637 2347 eius
659 2306 760 2347 omnes
776 2291 913 2365 cogitatio
929 2289 1022 2366 possit
1037 2306 1232 2365 percurrere.
1265 2291 1301 2350 Et
1314 2287 1349 2368 pri

360 2390 422 2429 mus
438 2371 483 2430 hic
502 2371 584 2430 labor
599 2381 658 2447 est,
682 2390 737 2430 non
755 2373 879 2432 haerere
899 2374 928 2430 in
944 2389 1077 2431 occursu.
1107 2371 1180 2432 Plus
1195 2376 1276 2435 enirn
1290 2387 1349 2453 qna!

361 2455 439 2513 firma
462 2455 548 2514 debet
571 2474 637 2514 esse
658 2459 812 2531 memoria,
840 2474 914 2535 quae
940 2456 1024 2515 aliam
1044 2458 1218 2517 memoriam
1247 2459 1349 2518 adiuret

320 2537 446 2612 lb'lum,
475 2557 547 2615 quae
577 2541 754 2616 scripserunt
779 2539 828 2599 vel
855 2541 1030 2616 cogitatione
1055 2540 1351 2617 complectuntur‚et

362 2624 455 2696 signo,
473 2640 529 2699 quo
545 2633 723 2698 moneantur,
745 2633 856 2689 nolana
875 2624 952 2702 quod
969 2641 1035 2682 esse
1051 2622 1100 2681 vel
1120 2641 1211 2683 exre
1229 2634 1292 2686 tota
1308 2630 1351 2703 pot

362 2715 423 2779 est,
445 2715 474 2763 ut
496 2707 531 2765 de
549 2709 748 2783 navigatione,
773 2709 887 2781 militia,
912 2707 960 2767 vel
976 2726 1013 2765 ex
1035 2707 1126 2765 verbo
1145 2707 1262 2786 aliquo.
1300 2708 1352 2768 nn

361 2789 445 2847 etiam
464 2790 631 2848 excidentes
648 2793 729 2850 unius
745 2793 937 2851 admonitione
952 2790 1036 2850 verbi
1051 2790 1079 2848 in
1093 2794 1271 2853 memoriam
1286 2807 1352 2870 repo·

360 2882 470 2930 nuntor.
506 2875 547 2932 Sit
563 2884 657 2933 autem
673 2877 783 2951 signum
798 2877 986 2952 navigationis
1004 2883 1033 2933 ut
1051 2891 1177 2950 ancora,
1204 2877 1353 2937 militiaeut

318 2957 465 3033 abaliquid
488 2976 525 3015 ex
541 2960 635 3016 armis.
673 2959 753 3018 llaec
769 2960 807 3019 ita
823 2959 964 3035 digerunt.
1002 2958 1124 3017 Primum
1141 2977 1267 3020 sensum
1282 2958 1353 3021 vesti·

361 3041 429 3099 bulo
446 3043 526 3118 quasi
543 3044 705 3118 assignant,
723 3043 878 3102 secundum
901 3045 992 3118 atrio,
1017 3051 1074 3102 tum
1091 3042 1233 3120 impluvia
1251 3046 1353 3104 circum

362 3135 443 3198 eunt,
463 3145 517 3184 nec
534 3126 672 3185 cubiculis
688 3128 773 3186 modo
790 3135 837 3186 aut
853 3128 969 3186 exedris
986 3128 1037 3186 sed
1054 3127 1156 3185 statuis
1181 3130 1273 3188 etiam
1295 3126 1354 3187 simi·

361 3207 494 3285 libusque
510 3227 563 3285 per
581 3212 709 3269 ordinem
725 3212 909 3270 committunt.
940 3211 1003 3270 Hoc
1019 3210 1113 3284 iacto,
1133 3228 1199 3270 cum
1220 3220 1270 3271 est
1285 3229 1354 3290 repe

360 3293 445 3352 tenda
466 3295 619 3369 memoria,
643 3297 778 3372 incipiunt
801 3294 836 3354 ab
859 3296 938 3354 initio
962 3296 1027 3355 loca
1043 3294 1119 3353 haec
1135 3312 1317 3370 recensere,
1336 3300 1356 3352 et

362 3375 438 3450 quod
456 3378 556 3453 cuique
575 3379 757 3438 crediderunt
775 3388 949 3456 reposcunt,
964 3388 995 3438 ut
1010 3396 1109 3437 eorum
1124 3380 1256 3455 imagine
1273 3381 1356 3440 adno-

361 3469 471 3517 nentur.
502 3459 560 3535 lta,
583 3463 739 3539 quamlibet
754 3462 840 3522 multa
856 3465 927 3536 sint,
950 3481 1068 3540 quorum
1092 3464 1265 3524 meminisse
1283 3479 1356 3542 opor·

362 3551 435 3615 teat,
454 3543 521 3601 fiunt
539 3547 651 3621 singula
666 3566 740 3606 nexa
759 3548 844 3605 etiam
860 3548 982 3624 quodam
999 3548 1091 3620 corio,
1109 3564 1165 3605 uec
1183 3557 1286 3607 errant
1301 3564 1358 3607 con·

319 3635 350 3687 21
361 3628 511 3701 iungentes
534 3630 677 3703 prioribus
699 3632 848 3708 sequentia
870 3630 934 3689 solo
958 3630 1106 3690 ediscendi
1131 3630 1249 3692 labore.
1285 3628 1359 3704 Quot

363 3711 397 3770 de
414 3711 497 3769 domo
515 3712 588 3790 diui⁷
611 3723 639 3772 et
662 3716 688 3773 in
710 3715 848 3793 operibus
871 3715 994 3792 publicis
1019 3724 1047 3775 et
1063 3716 1091 3774 in
1108 3716 1214 3776 itinere
1231 3716 1322 3795 longo
1338 3721 1359 3773 et
