3184 4409
324 279 394 341 ,278
650 289 1008 350 mussomurmmur

332 447 452 526 gratius,
467 447 492 506 si
509 465 564 525 qua
582 447 666 505 etiam
681 443 864 522 ambiguitate
880 445 1024 507 conditur:
1044 453 1075 505 ut
1090 441 1195 506 cicero
1210 445 1239 505 iu
1253 445 1321 506 Lar·

332 535 410 607 tium,
425 532 567 590 homiuem
584 529 715 590 callidum
731 539 760 590 et
773 538 931 606 versutum,
947 548 1011 589 oum
1025 530 1086 590 isin
1099 531 1218 608 quadam
1234 549 1322 590 causa

333 625 485 693 suspectus
505 623 599 690 esset,
617 611 685 675 Nisi
699 616 727 675 si
742 631 803 692 qua
820 613 924 676 illices
936 615 1095 676 iotemacil
1107 613 1253 683 Lartiim
1270 633 1322 674 seu

291 707 324 765 ot
332 699 429 760 verbis
447 718 484 759 ex
498 708 580 777 purte
594 698 722 758 mutatis:
744 699 913 775 utineam,
932 698 996 776 qui,
1013 716 1076 757 cum
1090 707 1173 759 antea
1188 697 1322 758 stultissi-

332 803 393 844 mus
409 793 488 842 esset
504 783 626 858 habitus,
643 791 710 860 post
725 791 875 860 acceptam
886 782 1074 843 hereditatem
1089 784 1196 860 primus
1207 790 1322 841 senten·

333 870 399 928 tiam
414 867 582 945 rogabatur,
600 865 693 927 Ouios
708 867 864 930 hereditas
883 875 944 943 eat,
966 883 1057 944 quom
1076 874 1188 928 occurat
1200 867 1323 945 rapiere

333 954 417 1027 tium,
434 969 487 1030 pro
504 951 570 1026 illo,
587 951 724 1033 [ocilitoa
738 960 801 1020 eat,·
821 969 873 1010 seu
887 951 945 1010 licti
960 951 1036 1009 notis
1050 949 1182 1010 versibus
1200 950 1322 1024 similes,

292 1042 406 1114 aequae
420 1037 556 1119 nuppdtu
571 1035 685 1103 dicitura
707 1043 736 1094 et
757 1035 961 1112 proverbia
980 1043 1142 1112 opportune
1157 1043 1274 1111 aptata:
1293 1040 1323 1092 ut

333 1120 438 1179 homini
455 1137 576 1198 nequam
590 1119 673 1196 lapso
694 1126 739 1193 et,
764 1127 795 1177 ut
813 1119 1004 1194 allevaretur,
1020 1121 1149 1194 roganti,
1171 1116 1271 1179 Tollot
1283 1125 1323 1193 tc,

334 1206 387 1283 qui
405 1223 466 1265 aon
485 1205 576 1264 nouit.
621 1201 667 1262 Ex
688 1203 847 1264 historia
873 1204 958 1262 etiam
987 1203 1095 1263 ducere
1122 1201 1323 1276 urbanitatem,

334 1288 473 1348 eruditum
489 1297 549 1347 est:
571 1295 601 1346 ut
617 1283 721 1345 Cicero
737 1288 824 1363 iecit,
849 1305 912 1347 cum
927 1289 954 1346 ei
968 1295 1073 1346 testem
1086 1289 1114 1346 in
1128 1287 1234 1346 iudicio
1251 1285 1324 1344 Ver·

333 1372 373 1431 ris
385 1373 497 1449 roganti
508 1371 628 1430 dixisset
638 1370 821 1446 Hortensius,
832 1369 900 1433 Non
909 1373 1041 1450 intelligo
1051 1372 1129 1433 boec
1140 1371 1327 1448 oenigmata.

333 1453 426 1533 Atqui
440 1456 542 1530 debes,
559 1455 665 1532 inquit,
687 1474 754 1515 com
769 1453 932 1534 Sphingem
946 1456 1027 1516 dorni
1042 1455 1176 1522 badacar
1199 1470 1326 1531 accepe-

335 1548 379 1599 rat
396 1549 490 1598 autem
504 1538 554 1597 ille
572 1556 589 1599 a
606 1537 699 1597 Verre
715 1539 872 1618 Sphingem
888 1557 1006 1599 aeneam
1028 1556 1149 1615 magnae
1169 1538 1326 1615 pecuniae.

292 1622 327 1678 99
417 1622 656 1683 Subabsurda
684 1623 733 1683 illa
762 1632 894 1683 constant
915 1623 1074 1683 stultissimi
1094 1622 1266 1695 imitatione,
1297 1629 1328 1679 et

335 1724 419 1784 quaeq
435 1708 489 1765 nisi
504 1707 654 1783 linguntur,
672 1707 757 1767 stulta
774 1716 854 1767 suut:
871 1716 912 1783 ut,
931 1710 979 1784 qui
989 1707 1164 1782 mirantibus,
1181 1704 1259 1782 quod
1273 1703 1327 1762 hu·

334 1791 401 1850 mile
422 1791 624 1850 candelabrum
645 1793 779 1868 emisset,
806 1790 1008 1853 Prooemium
1027 1793 1102 1868 erit,
1123 1791 1222 1867 inquit.
1266 1787 1327 1847 Sed

305 1934 313 1939 .
335 1874 385 1936 illa
405 1874 506 1934 similia
528 1874 658 1935 absurdis
680 1885 744 1934 suut
763 1877 858 1951 acria,
882 1893 957 1953 quae
978 1885 1110 1953 tauquam
1130 1875 1192 1933 sine
1211 1873 1328 1931 ratione

336 1958 411 2018 dicta
428 1960 570 2018 feruntur:
590 1968 620 2018 ut
636 1977 738 2018 servus
759 1960 943 2035 Dolabellae,
958 1977 1021 2019 cum
1036 1961 1274 2033 interrogaretur,
1291 1973 1329 2014 an

337 2042 465 2102 dominus
486 2045 547 2102 eius
563 2045 724 2103 auctionem
739 2046 955 2123 proposuisset,
969 2043 1112 2118 Domum,
1128 2041 1235 2118 inquit,
1250 2059 1328 2100 cen·

279 2133 330 2185 100
339 2128 426 2189 didit.
471 2127 652 2205 Deprehensi
679 2130 790 2187 interim
814 2128 954 2206 pudorem
975 2145 1055 2186 suum
1082 2125 1202 2186 ridiculo
1227 2123 1329 2200 aliquo

338 2213 497 2289 explicant:
516 2221 562 2285 ut,
589 2214 636 2288 qui
656 2221 760 2271 testem
776 2213 917 2273 dicentem
936 2230 969 2271 se
991 2228 1073 2270 areo
1088 2211 1267 2270 vulneratum
1284 2208 1328 2265 in-

338 2303 555 2371 terrogaverat,
578 2314 613 2354 an
634 2297 797 2356 cicatricem
817 2295 955 2372 haberet,
978 2312 1041 2355 cum
1061 2295 1111 2354 ille
1132 2295 1278 2369 ingentem
1298 2293 1331 2349 in

310 2379 442 2438 *femine
469 2378 660 2453 ostendisset,
686 2378 797 2458 Lotus,
822 2382 928 2458 inquit,
954 2381 1094 2459 oportuit.
1138 2374 1330 2436 coutumeliis

339 2479 453 2539 quoque
472 2463 513 2519 uti
536 2461 615 2521 belle
637 2462 732 2522 datur:
753 2473 784 2522 ut
804 2464 894 2541 Hispo
918 2462 1063 2522 obiicienti
1086 2462 1130 2522 bis
1146 2459 1253 2520 acerba
1271 2459 1329 2516 cri·

307 2547 408 2604 *mina
424 2547 595 2620 accusatori,
613 2544 762 2622 Mentiris,
779 2550 878 2625 inquit.
906 2547 943 2606 Et
958 2546 1074 2605 Fulvius
1088 2546 1268 2623 Propinquus
1284 2540 1329 2601 le-

338 2639 406 2706 gato
427 2631 630 2705 interroganti,
651 2632 731 2691 auin
750 2630 869 2707 tabulis,
888 2648 959 2708 quas
974 2629 1157 2709 proferebat,
1179 2628 1329 2702 chirogra-

340 2713 413 2792 phus
430 2721 518 2786 esset,
534 2709 574 2773 Et
591 2732 693 2790 ceros,
710 2715 810 2793 inquit,
826 2716 955 2776 dontius.

282 2805 330 2859 101
421 2795 479 2856 Has
502 2807 549 2856 aut
569 2799 671 2875 accepi
691 2800 807 2876 species
827 2807 875 2858 aut
895 2799 990 2858 inveni
1005 2797 1268 2875 frequentissimas,
1290 2812 1330 2852 ex

340 2880 441 2959 qulbus
462 2881 582 2942 ridicula
597 2881 784 2951 ducerentur;
806 2882 859 2942 sed
872 2891 1003 2961 repetam
1019 2899 1143 2940 necesse
1160 2889 1221 2954 est,
1237 2878 1329 2937 inlini·

339 2974 383 3024 tas
399 2983 466 3025 esse
483 2974 539 3024 tam
554 2965 632 3024 salse
653 2967 765 3026 dicendi
782 2984 865 3045 quum
884 2982 1005 3041 severe,
1027 2983 1097 3043 quas
1120 2971 1247 3042 praestat
1262 2980 1331 3042 per·

341 3067 427 3124 sonu,
445 3049 544 3124 locus,
560 3058 688 3127 tempus,
710 3069 793 3110 casus
809 3050 949 3128 demque,
965 3051 1013 3126 qui
1026 3058 1070 3108 est
1084 3049 1206 3107 maxime
1219 3047 1329 3106 varius.

284 3132 442 3208 lotltaque
457 3133 540 3208 haec,
555 3151 592 3191 ne
608 3135 738 3193 omisisse
755 3134 886 3208 viderer,
903 3135 998 3210 attigi;
1013 3134 1061 3193 illa
1077 3140 1185 3205 autem,
1203 3147 1278 3208 quae
1294 3131 1331 3189 de

314 3229 395 3274 *usu
409 3218 473 3293 ipso
489 3224 518 3275 et
538 3217 623 3276 modo
639 3219 751 3277 iocandi
769 3218 937 3294 complexus
962 3236 1036 3291 sunu,
1059 3217 1132 3276 adeo
1148 3215 1330 3273 infirmarem.

425 3298 511 3357 Plane
538 3303 704 3360 necessaria
728 3301 772 3360 his
798 3301 895 3362 adiicit
913 3300 1053 3360 Domitius
1069 3299 1197 3373 Marsus,
1223 3297 1272 3375 qui
1294 3296 1332 3355 de

282 3440 285 3445 .
342 3375 500 3442 urbanitate
516 3382 731 3459 diligentissime
746 3385 879 3462 scripsit,
902 3384 1040 3461 quaedam
1066 3401 1123 3443 non
1143 3381 1264 3441 ridicula
1278 3378 1331 3438 sed

343 3465 460 3528 cuilibet
475 3468 674 3526 severissimae
697 3469 817 3528 orationi
833 3470 1031 3528 convenientia
1047 3467 1196 3543 eleganter
1210 3466 1285 3525 dicta
1301 3469 1331 3521 et

321 3567 324 3574 ’
334 3549 600 3641 ριοριὶοιᾳιιοιίιιιι
617 3551 718 3632 lepore
731 3552 865 3622 iucunda;
886 3569 961 3630 quae
981 3559 1045 3610 sunt
1060 3551 1173 3631 quidem
1193 3546 1332 3608 urbana
