<?xml version="1.0" encoding="UTF-8"?>
<!DOCTYPE html PUBLIC "-//W3C//DTD XHTML 1.0 Transitional//EN"
    "http://www.w3.org/TR/xhtml1/DTD/xhtml1-transitional.dtd">
<html xmlns="http://www.w3.org/1999/xhtml" xml:lang="en" lang="en">
 <head>
  <title>
</title>
<meta http-equiv="Content-Type" content="text/html;charset=utf-8" />
  <meta name='ocr-system' content='tesseract 3.04.00' />
  <meta name='ocr-capabilities' content='ocr_page ocr_carea ocr_par ocr_line ocrx_word'/>
</head>
<body>
  <div class='ocr_page' id='page_1' title='image "./mfabiiquintilia02quingoog_0439.png"; bbox 0 0 3184 4409; ppageno 0'>
   <div class='ocr_carea' id='block_1_1' title="bbox 550 466 1267 541">
    <p class='ocr_par' dir='ltr' id='par_1_1' title="bbox 550 466 1267 541">
     <span class='ocr_line' id='line_1_1' title="bbox 550 466 1267 541; baseline 0.001 -19"><span class='ocrx_word' id='word_1_1' title='bbox 550 474 981 541; x_wconf 75' lang='lat' dir='ltr'>1usu.ounuou.n1u.m‚a.</span> <span class='ocrx_word' id='word_1_2' title='bbox 1209 466 1267 526; x_wconf 85' lang='lat'>107</span> 
     </span>
    </p>
   </div>
   <div class='ocr_carea' id='block_1_2' title="bbox 263 629 1267 879">
    <p class='ocr_par' dir='ltr' id='par_1_2' title="bbox 263 629 1267 879">
     <span class='ocr_line' id='line_1_2' title="bbox 264 629 1266 709; baseline 0.001 -18"><span class='ocrx_word' id='word_1_3' title='bbox 264 639 313 691; x_wconf 91' lang='lat' dir='ltr'>est</span> <span class='ocrx_word' id='word_1_4' title='bbox 329 631 423 704; x_wconf 86' lang='lat' dir='ltr'>etiam,</span> <span class='ocrx_word' id='word_1_5' title='bbox 443 629 588 707; x_wconf 92' lang='lat' dir='ltr'>quomodo</span> <span class='ocrx_word' id='word_1_6' title='bbox 609 638 719 706; x_wconf 79' lang='lat' dir='ltr'><strong>agatur.</strong></span> <span class='ocrx_word' id='word_1_7' title='bbox 757 629 916 689; x_wconf 82' lang='lat' dir='ltr'>Dicendum</span> <span class='ocrx_word' id='word_1_8' title='bbox 938 647 1010 706; x_wconf 91' lang='lat' dir='ltr'>ergo</span> <span class='ocrx_word' id='word_1_9' title='bbox 1032 630 1068 689; x_wconf 96' lang='lat' dir='ltr'>de</span> <span class='ocrx_word' id='word_1_10' title='bbox 1089 631 1123 689; x_wconf 90' lang='lat' dir='ltr'>iis</span> <span class='ocrx_word' id='word_1_11' title='bbox 1140 649 1266 709; x_wconf 86' lang='lat' dir='ltr'>quoque,</span> 
     </span>
     <span class='ocr_line' id='line_1_3' title="bbox 263 713 1267 792; baseline 0.003 -19"><span class='ocrx_word' id='word_1_12' title='bbox 263 716 295 773; x_wconf 93' lang='lat' dir='ltr'>iu</span> <span class='ocrx_word' id='word_1_13' title='bbox 318 713 419 792; x_wconf 90' lang='lat' dir='ltr'>quibus</span> <span class='ocrx_word' id='word_1_14' title='bbox 442 730 499 771; x_wconf 95' lang='lat' dir='ltr'>nou</span> <span class='ocrx_word' id='word_1_15' title='bbox 520 731 639 790; x_wconf 88' lang='lat' dir='ltr'>asperas</span> <span class='ocrx_word' id='word_1_16' title='bbox 660 714 767 790; x_wconf 85' lang='lat' dir='ltr'>figuras</span> <span class='ocrx_word' id='word_1_17' title='bbox 788 714 840 773; x_wconf 94' lang='lat' dir='ltr'>sed</span> <span class='ocrx_word' id='word_1_18' title='bbox 860 714 954 791; x_wconf 88' lang='lat' dir='ltr'>palam</span> <span class='ocrx_word' id='word_1_19' title='bbox 983 717 1140 773; x_wconf 88' lang='lat' dir='ltr'>contrarias</span> <span class='ocrx_word' id='word_1_20' title='bbox 1161 734 1267 777; x_wconf 88' lang='lat' dir='ltr'>causae</span> 
     </span>
     <span class='ocr_line' id='line_1_4' title="bbox 263 796 1267 879; baseline 0.004 -23"><span class='ocrx_word' id='word_1_21' title='bbox 263 797 400 876; x_wconf 86' lang='lat' dir='ltr'>plerique</span> <span class='ocrx_word' id='word_1_22' title='bbox 428 797 577 856; x_wconf 84' lang='lat' dir='ltr'>lecerunt:</span> <span class='ocrx_word' id='word_1_23' title='bbox 616 796 801 875; x_wconf 77' lang='lat' dir='ltr'>Tpronnida&#39;s</span> <span class='ocrx_word' id='word_1_24' title='bbox 828 798 990 879; x_wconf 80' lang='lat' dir='ltr'>affectatae</span> <span class='ocrx_word' id='word_1_25' title='bbox 1017 800 1182 860; x_wconf 78' lang='lat' dir='ltr'>damnatas</span> <span class='ocrx_word' id='word_1_26' title='bbox 1203 809 1267 862; x_wconf 90' lang='lat' dir='ltr'>tor-</span> 
     </span>
    </p>
   </div>
   <div class='ocr_carea' id='block_1_3' title="bbox 260 882 1352 3810">
    <p class='ocr_par' dir='ltr' id='par_1_3' title="bbox 260 882 1352 3810">
     <span class='ocr_line' id='line_1_5' title="bbox 265 882 1268 961; baseline 0.003 -19"><span class='ocrx_word' id='word_1_27' title='bbox 265 891 407 960; x_wconf 82' lang='lat' dir='ltr'>qcectcr,</span> <span class='ocrx_word' id='word_1_28' title='bbox 428 890 461 942; x_wconf 87' lang='lat' dir='ltr'>ct</span> <span class='ocrx_word' id='word_1_29' title='bbox 479 883 617 942; x_wconf 66' lang='lat' dir='ltr'>conscita</span> <span class='ocrx_word' id='word_1_30' title='bbox 642 882 775 950; x_wconf 57' lang='lat' dir='ltr'>iadicem</span> <span class='ocrx_word' id='word_1_31' title='bbox 796 890 962 943; x_wconf 82' lang='lat' dir='ltr'>acccsotor</span> <span class='ocrx_word' id='word_1_32' title='bbox 982 883 1048 942; x_wconf 84' lang='lat' dir='ltr'>cios</span> <span class='ocrx_word' id='word_1_33' title='bbox 1069 892 1163 960; x_wconf 87' lang='lat' dir='ltr'>optet,</span> <span class='ocrx_word' id='word_1_34' title='bbox 1185 886 1268 961; x_wconf 84' lang='lat' dir='ltr'>qaod</span> 
     </span>
     <span class='ocr_line' id='line_1_6' title="bbox 262 963 1267 1045; baseline 0 -19"><span class='ocrx_word' id='word_1_35' title='bbox 262 967 351 1027; x_wconf 82' lang='lat' dir='ltr'>volet.</span> <span class='ocrx_word' id='word_1_36' title='bbox 378 963 502 1040; x_wconf 84' lang='lat' dir='ltr'>Patrem</span> <span class='ocrx_word' id='word_1_37' title='bbox 518 967 571 1042; x_wconf 84' lang='lat' dir='ltr'>qai</span> <span class='ocrx_word' id='word_1_38' title='bbox 584 966 742 1025; x_wconf 83' lang='lat' dir='ltr'>damnavit</span> <span class='ocrx_word' id='word_1_39' title='bbox 757 974 849 1043; x_wconf 85' lang='lat' dir='ltr'>optat,</span> <span class='ocrx_word' id='word_1_40' title='bbox 862 985 900 1025; x_wconf 83' lang='lat' dir='ltr'>ne</span> <span class='ocrx_word' id='word_1_41' title='bbox 914 967 943 1025; x_wconf 83' lang='lat' dir='ltr'>ie</span> <span class='ocrx_word' id='word_1_42' title='bbox 958 973 1158 1043; x_wconf 62' lang='lat' dir='ltr'>torquentum</span> <span class='ocrx_word' id='word_1_43' title='bbox 1176 976 1267 1045; x_wconf 84' lang='lat' dir='ltr'>poter</span> 
     </span>
     <span class='ocr_line' id='line_1_7' title="bbox 264 1047 1309 1127; baseline 0 -15"><span class='ocrx_word' id='word_1_44' title='bbox 264 1051 295 1112; x_wconf 82' lang='lat' dir='ltr'>ei</span> <span class='ocrx_word' id='word_1_45' title='bbox 310 1050 502 1110; x_wconf 66' lang='lat' dir='ltr'>contradicit.</span> <span class='ocrx_word' id='word_1_46' title='bbox 533 1047 624 1107; x_wconf 92' lang='lat' dir='ltr'>Nemo</span> <span class='ocrx_word' id='word_1_47' title='bbox 640 1067 673 1108; x_wconf 88' lang='lat' dir='ltr'>se</span> <span class='ocrx_word' id='word_1_48' title='bbox 688 1051 778 1108; x_wconf 88' lang='lat' dir='ltr'>tenuit</span> <span class='ocrx_word' id='word_1_49' title='bbox 794 1067 884 1125; x_wconf 90' lang='lat' dir='ltr'>agens</span> <span class='ocrx_word' id='word_1_50' title='bbox 894 1065 948 1127; x_wconf 94' lang='lat' dir='ltr'>pro</span> <span class='ocrx_word' id='word_1_51' title='bbox 964 1059 1058 1127; x_wconf 88' lang='lat' dir='ltr'>patre,</span> <span class='ocrx_word' id='word_1_52' title='bbox 1076 1051 1143 1127; x_wconf 94' lang='lat' dir='ltr'>quin</span> <span class='ocrx_word' id='word_1_53' title='bbox 1158 1050 1309 1127; x_wconf 72' lang='lat' dir='ltr'>figurasdt</span> 
     </span>
     <span class='ocr_line' id='line_1_8' title="bbox 263 1132 1270 1210; baseline 0 -17"><span class='ocrx_word' id='word_1_54' title='bbox 263 1136 295 1193; x_wconf 90' lang='lat' dir='ltr'>in</span> <span class='ocrx_word' id='word_1_55' title='bbox 313 1133 399 1192; x_wconf 88' lang='lat' dir='ltr'>lilium</span> <span class='ocrx_word' id='word_1_56' title='bbox 414 1132 542 1207; x_wconf 88' lang='lat' dir='ltr'>faceret,</span> <span class='ocrx_word' id='word_1_57' title='bbox 559 1140 690 1210; x_wconf 81' lang='lat' dir='ltr'>tanquam</span> <span class='ocrx_word' id='word_1_58' title='bbox 706 1133 784 1191; x_wconf 91' lang='lat' dir='ltr'>illum</span> <span class='ocrx_word' id='word_1_59' title='bbox 802 1135 948 1192; x_wconf 92' lang='lat' dir='ltr'>conscium</span> <span class='ocrx_word' id='word_1_60' title='bbox 968 1135 995 1191; x_wconf 91' lang='lat' dir='ltr'>iu</span> <span class='ocrx_word' id='word_1_61' title='bbox 1013 1135 1161 1192; x_wconf 89' lang='lat' dir='ltr'>tormentis</span> <span class='ocrx_word' id='word_1_62' title='bbox 1176 1135 1270 1200; x_wconf 24' lang='lat' dir='ltr'>nomi-s</span> 
     </span>
     <span class='ocr_line' id='line_1_9' title="bbox 264 1213 1264 1293; baseline 0.001 -17"><span class='ocrx_word' id='word_1_63' title='bbox 264 1227 393 1276; x_wconf 87' lang='lat' dir='ltr'>naturus.</span> <span class='ocrx_word' id='word_1_64' title='bbox 437 1214 501 1288; x_wconf 83' lang='lat' dir='ltr'>Quo</span> <span class='ocrx_word' id='word_1_65' title='bbox 526 1216 592 1293; x_wconf 91' lang='lat' dir='ltr'>quid</span> <span class='ocrx_word' id='word_1_66' title='bbox 615 1213 749 1275; x_wconf 81' lang='lat' dir='ltr'>stultius?</span> <span class='ocrx_word' id='word_1_67' title='bbox 785 1216 856 1274; x_wconf 91' lang='lat' dir='ltr'>Nam</span> <span class='ocrx_word' id='word_1_68' title='bbox 878 1236 941 1275; x_wconf 92' lang='lat' dir='ltr'>cum</span> <span class='ocrx_word' id='word_1_69' title='bbox 969 1217 1025 1276; x_wconf 85' lang='lat' dir='ltr'>luoc</span> <span class='ocrx_word' id='word_1_70' title='bbox 1046 1217 1156 1276; x_wconf 89' lang='lat' dir='ltr'>iudices</span> <span class='ocrx_word' id='word_1_71' title='bbox 1180 1218 1264 1277; x_wconf 90' lang='lat' dir='ltr'>iutel-</span> 
     </span>
     <span class='ocr_line' id='line_1_10' title="bbox 264 1299 1264 1378; baseline 0.001 -18"><span class='ocrx_word' id='word_1_72' title='bbox 264 1301 404 1360; x_wconf 85' lang='lat' dir='ltr'>lexeriut:</span> <span class='ocrx_word' id='word_1_73' title='bbox 430 1308 477 1358; x_wconf 89' lang='lat' dir='ltr'>aut</span> <span class='ocrx_word' id='word_1_74' title='bbox 494 1318 551 1358; x_wconf 94' lang='lat' dir='ltr'>nou</span> <span class='ocrx_word' id='word_1_75' title='bbox 566 1299 765 1376; x_wconf 67' lang='lat' dir='ltr'>torquebitur,</span> <span class='ocrx_word' id='word_1_76' title='bbox 789 1319 851 1359; x_wconf 90' lang='lat' dir='ltr'>oum</span> <span class='ocrx_word' id='word_1_77' title='bbox 873 1300 939 1359; x_wconf 91' lang='lat' dir='ltr'>ideo</span> <span class='ocrx_word' id='word_1_78' title='bbox 961 1303 1090 1378; x_wconf 89' lang='lat' dir='ltr'>torqueri</span> <span class='ocrx_word' id='word_1_79' title='bbox 1107 1301 1193 1377; x_wconf 88' lang='lat' dir='ltr'>velit,</span> <span class='ocrx_word' id='word_1_80' title='bbox 1217 1311 1264 1362; x_wconf 86' lang='lat' dir='ltr'>aut</span> 
     </span>
     <span class='ocr_line' id='line_1_11' title="bbox 263 1382 1306 1459; baseline 0.005 -16"><span class='ocrx_word' id='word_1_81' title='bbox 263 1393 343 1444; x_wconf 90' lang='lat' dir='ltr'>torto</span> <span class='ocrx_word' id='word_1_82' title='bbox 358 1383 571 1443; x_wconf 88' lang='lat' dir='ltr'>nouoredetur.</span> <span class='ocrx_word' id='word_1_83' title='bbox 606 1382 645 1459; x_wconf 80' lang='grc' dir='ltr'>Αι</span> <span class='ocrx_word' id='word_1_84' title='bbox 669 1383 810 1443; x_wconf 83' lang='lat' dir='ltr'>credibile</span> <span class='ocrx_word' id='word_1_85' title='bbox 832 1393 893 1458; x_wconf 86' lang='lat' dir='ltr'>est,</span> <span class='ocrx_word' id='word_1_86' title='bbox 917 1384 974 1442; x_wconf 91' lang='lat' dir='ltr'>boc</span> <span class='ocrx_word' id='word_1_87' title='bbox 992 1403 1056 1443; x_wconf 91' lang='lat' dir='ltr'>eum</span> <span class='ocrx_word' id='word_1_88' title='bbox 1072 1385 1162 1444; x_wconf 87' lang='lat' dir='ltr'>velle.</span> <span class='ocrx_word' id='word_1_89' title='bbox 1193 1384 1306 1448; x_wconf 85' lang='lat' dir='ltr'>For-83</span> 
     </span>
     <span class='ocr_line' id='line_1_12' title="bbox 263 1466 1262 1543; baseline -0.003 -14"><span class='ocrx_word' id='word_1_90' title='bbox 263 1478 358 1535; x_wconf 89' lang='lat' dir='ltr'>tasse;</span> <span class='ocrx_word' id='word_1_91' title='bbox 379 1466 538 1527; x_wconf 83' lang='lat' dir='ltr'>dissimulet</span> <span class='ocrx_word' id='word_1_92' title='bbox 556 1484 645 1543; x_wconf 89' lang='lat' dir='ltr'>ergo,</span> <span class='ocrx_word' id='word_1_93' title='bbox 663 1476 694 1526; x_wconf 89' lang='lat' dir='ltr'>ut</span> <span class='ocrx_word' id='word_1_94' title='bbox 709 1468 825 1527; x_wconf 86' lang='lat' dir='ltr'>efficiat.</span> <span class='ocrx_word' id='word_1_95' title='bbox 861 1467 920 1527; x_wconf 86' lang='lat' dir='ltr'>Sed</span> <span class='ocrx_word' id='word_1_96' title='bbox 937 1468 1036 1543; x_wconf 81' lang='lat' dir='ltr'>uobis,</span> <span class='ocrx_word' id='word_1_97' title='bbox 1063 1468 1262 1528; x_wconf 89' lang='lat' dir='ltr'>declamatori-</span> 
     </span>
     <span class='ocr_line' id='line_1_13' title="bbox 264 1549 1263 1629; baseline 0 -18"><span class='ocrx_word' id='word_1_98' title='bbox 264 1551 318 1611; x_wconf 89' lang='lat' dir='ltr'>bus</span> <span class='ocrx_word' id='word_1_99' title='bbox 341 1551 423 1625; x_wconf 91' lang='lat' dir='ltr'>dico,</span> <span class='ocrx_word' id='word_1_100' title='bbox 450 1551 518 1629; x_wconf 94' lang='lat' dir='ltr'>quid</span> <span class='ocrx_word' id='word_1_101' title='bbox 542 1550 672 1629; x_wconf 87' lang='lat' dir='ltr'>proderit</span> <span class='ocrx_word' id='word_1_102' title='bbox 699 1551 755 1610; x_wconf 91' lang='lat' dir='ltr'>hoc</span> <span class='ocrx_word' id='word_1_103' title='bbox 779 1552 978 1626; x_wconf 71' lang='lat' dir='ltr'>intellexisse,</span> <span class='ocrx_word' id='word_1_104' title='bbox 1005 1553 1060 1610; x_wconf 90' lang='lat' dir='ltr'>uisi</span> <span class='ocrx_word' id='word_1_105' title='bbox 1085 1549 1263 1611; x_wconf 82' lang='lat' dir='ltr'>dixerimus?</span> 
     </span>
     <span class='ocr_line' id='line_1_14' title="bbox 264 1634 1262 1714; baseline -0.001 -19"><span class='ocrx_word' id='word_1_106' title='bbox 264 1635 356 1712; x_wconf 85' lang='lat' dir='ltr'>Ergo,</span> <span class='ocrx_word' id='word_1_107' title='bbox 373 1635 482 1693; x_wconf 82' lang='lat' dir='ltr'>slvere</span> <span class='ocrx_word' id='word_1_108' title='bbox 497 1643 642 1711; x_wconf 83' lang='lat' dir='ltr'>ageretur,</span> <span class='ocrx_word' id='word_1_109' title='bbox 659 1636 789 1694; x_wconf 89' lang='lat' dir='ltr'>similiter</span> <span class='ocrx_word' id='word_1_110' title='bbox 806 1634 1042 1695; x_wconf 91' lang='lat' dir='ltr'>consiliumillud</span> <span class='ocrx_word' id='word_1_111' title='bbox 1058 1635 1150 1694; x_wconf 91' lang='lat' dir='ltr'>lateus</span> <span class='ocrx_word' id='word_1_112' title='bbox 1166 1636 1262 1714; x_wconf 91' lang='lat' dir='ltr'>prodi·</span> 
     </span>
     <span class='ocr_line' id='line_1_15' title="bbox 265 1715 1262 1796; baseline 0.002 -19"><span class='ocrx_word' id='word_1_113' title='bbox 265 1715 428 1778; x_wconf 82' lang='lat' dir='ltr'>dissemus?</span> <span class='ocrx_word' id='word_1_114' title='bbox 462 1715 559 1792; x_wconf 82' lang='lat' dir='ltr'>Quidi</span> <span class='ocrx_word' id='word_1_115' title='bbox 575 1719 599 1777; x_wconf 95' lang='lat' dir='ltr'>si</span> <span class='ocrx_word' id='word_1_116' title='bbox 616 1736 710 1795; x_wconf 91' lang='lat' dir='ltr'>neque</span> <span class='ocrx_word' id='word_1_117' title='bbox 725 1721 823 1796; x_wconf 88' lang='lat' dir='ltr'>utique</span> <span class='ocrx_word' id='word_1_118' title='bbox 834 1738 933 1778; x_wconf 90' lang='lat' dir='ltr'>verum</span> <span class='ocrx_word' id='word_1_119' title='bbox 950 1728 1005 1795; x_wconf 89' lang='lat' dir='ltr'>est,</span> <span class='ocrx_word' id='word_1_120' title='bbox 1021 1728 1050 1777; x_wconf 91' lang='lat' dir='ltr'>et</span> <span class='ocrx_word' id='word_1_121' title='bbox 1065 1718 1175 1778; x_wconf 86' lang='lat' dir='ltr'>habere</span> <span class='ocrx_word' id='word_1_122' title='bbox 1190 1720 1262 1779; x_wconf 90' lang='lat' dir='ltr'>alias</span> 
     </span>
     <span class='ocr_line' id='line_1_16' title="bbox 263 1801 1262 1880; baseline 0.002 -19"><span class='ocrx_word' id='word_1_123' title='bbox 263 1802 311 1861; x_wconf 90' lang='lat' dir='ltr'>bic</span> <span class='ocrx_word' id='word_1_124' title='bbox 332 1801 477 1861; x_wconf 85' lang='lat' dir='ltr'>damnatus</span> <span class='ocrx_word' id='word_1_125' title='bbox 499 1802 712 1862; x_wconf 88' lang='lat' dir='ltr'>contradicendi</span> <span class='ocrx_word' id='word_1_126' title='bbox 733 1820 835 1861; x_wconf 90' lang='lat' dir='ltr'>causas</span> <span class='ocrx_word' id='word_1_127' title='bbox 858 1813 971 1879; x_wconf 88' lang='lat' dir='ltr'>potest,</span> <span class='ocrx_word' id='word_1_128' title='bbox 998 1803 1047 1862; x_wconf 94' lang='lat' dir='ltr'>vel</span> <span class='ocrx_word' id='word_1_129' title='bbox 1067 1804 1144 1880; x_wconf 90' lang='lat' dir='ltr'>quod</span> <span class='ocrx_word' id='word_1_130' title='bbox 1165 1803 1262 1880; x_wconf 88' lang='lat' dir='ltr'>legem</span> 
     </span>
     <span class='ocr_line' id='line_1_17' title="bbox 265 1885 1260 1963; baseline 0.001 -18"><span class='ocrx_word' id='word_1_131' title='bbox 265 1886 602 1963; x_wconf 83' lang='lat' dir='ltr'>conservandamputet,</span> <span class='ocrx_word' id='word_1_132' title='bbox 622 1886 670 1944; x_wconf 89' lang='lat' dir='ltr'>vel</span> <span class='ocrx_word' id='word_1_133' title='bbox 686 1885 763 1963; x_wconf 92' lang='lat' dir='ltr'>quod</span> <span class='ocrx_word' id='word_1_134' title='bbox 778 1886 850 1944; x_wconf 88' lang='lat' dir='ltr'>nolit</span> <span class='ocrx_word' id='word_1_135' title='bbox 870 1889 1031 1946; x_wconf 87' lang='lat' dir='ltr'>accusatori</span> <span class='ocrx_word' id='word_1_136' title='bbox 1048 1886 1157 1947; x_wconf 88' lang='lat' dir='ltr'>debere</span> <span class='ocrx_word' id='word_1_137' title='bbox 1172 1887 1260 1946; x_wconf 89' lang='lat' dir='ltr'>bene·</span> 
     </span>
     <span class='ocr_line' id='line_1_18' title="bbox 264 1969 1260 2048; baseline 0.003 -20"><span class='ocrx_word' id='word_1_138' title='bbox 264 1969 375 2045; x_wconf 91' lang='lat' dir='ltr'>licium,</span> <span class='ocrx_word' id='word_1_139' title='bbox 397 1969 446 2028; x_wconf 88' lang='lat' dir='ltr'>vel</span> <span class='ocrx_word' id='word_1_140' title='bbox 468 1969 561 2047; x_wconf 84' lang='lat' dir='ltr'>(quod</span> <span class='ocrx_word' id='word_1_141' title='bbox 584 1986 641 2045; x_wconf 89' lang='lat' dir='ltr'>ego</span> <span class='ocrx_word' id='word_1_142' title='bbox 658 1970 779 2027; x_wconf 85' lang='lat' dir='ltr'>maxime</span> <span class='ocrx_word' id='word_1_143' title='bbox 796 1971 959 2048; x_wconf 90' lang='lat' dir='ltr'>sequerer)</span> <span class='ocrx_word' id='word_1_144' title='bbox 979 1979 1010 2029; x_wconf 89' lang='lat' dir='ltr'>ut</span> <span class='ocrx_word' id='word_1_145' title='bbox 1024 1972 1207 2030; x_wconf 89' lang='lat' dir='ltr'>innocentem</span> <span class='ocrx_word' id='word_1_146' title='bbox 1225 1990 1260 2031; x_wconf 86' lang='lat' dir='ltr'>se</span> 
     </span>
     <span class='ocr_line' id='line_1_19' title="bbox 264 2049 1302 2133; baseline 0.002 -20"><span class='ocrx_word' id='word_1_147' title='bbox 264 2057 291 2113; x_wconf 91' lang='lat' dir='ltr'>iu</span> <span class='ocrx_word' id='word_1_148' title='bbox 307 2054 456 2114; x_wconf 89' lang='lat' dir='ltr'>tormentis</span> <span class='ocrx_word' id='word_1_149' title='bbox 473 2049 645 2133; x_wconf 77' lang='lat' dir='ltr'>pertendat?</span> <span class='ocrx_word' id='word_1_150' title='bbox 677 2051 775 2124; x_wconf 83' lang='lat' dir='ltr'>Quuare</span> <span class='ocrx_word' id='word_1_151' title='bbox 790 2071 826 2112; x_wconf 91' lang='lat' dir='ltr'>ne</span> <span class='ocrx_word' id='word_1_152' title='bbox 844 2053 914 2112; x_wconf 93' lang='lat' dir='ltr'>illud</span> <span class='ocrx_word' id='word_1_153' title='bbox 931 2054 1045 2129; x_wconf 89' lang='lat' dir='ltr'>quidem</span> <span class='ocrx_word' id='word_1_154' title='bbox 1063 2071 1179 2132; x_wconf 90' lang='lat' dir='ltr'>semper</span> <span class='ocrx_word' id='word_1_155' title='bbox 1194 2073 1258 2114; x_wconf 90' lang='lat' dir='ltr'>suc·</span> <span class='ocrx_word' id='word_1_156' title='bbox 1267 2064 1302 2117; x_wconf 84' lang='lat'>84</span> 
     </span>
     <span class='ocr_line' id='line_1_20' title="bbox 264 2134 1260 2214; baseline 0.001 -16"><span class='ocrx_word' id='word_1_157' title='bbox 264 2147 362 2198; x_wconf 90' lang='lat' dir='ltr'>curret</span> <span class='ocrx_word' id='word_1_158' title='bbox 382 2140 425 2198; x_wconf 87' lang='lat' dir='ltr'>sio</span> <span class='ocrx_word' id='word_1_159' title='bbox 445 2139 620 2198; x_wconf 84' lang='lat' dir='ltr'>dicentibus:</span> <span class='ocrx_word' id='word_1_160' title='bbox 644 2134 852 2197; x_wconf 79' lang='lat' dir='ltr'>Patrocinium</span> <span class='ocrx_word' id='word_1_161' title='bbox 872 2137 929 2198; x_wconf 86' lang='lat' dir='ltr'>boc</span> <span class='ocrx_word' id='word_1_162' title='bbox 942 2138 1052 2212; x_wconf 82' lang='lat' dir='ltr'>voluit,</span> <span class='ocrx_word' id='word_1_163' title='bbox 1074 2139 1128 2214; x_wconf 81' lang='lat' dir='ltr'>qui</span> <span class='ocrx_word' id='word_1_164' title='bbox 1142 2146 1260 2199; x_wconf 82' lang='lat' dir='ltr'>contro·</span> 
     </span>
     <span class='ocr_line' id='line_1_21' title="bbox 261 2220 1258 2300; baseline -0.001 -17"><span class='ocrx_word' id='word_1_165' title='bbox 261 2224 396 2283; x_wconf 74' lang='lat' dir='ltr'>versiam</span> <span class='ocrx_word' id='word_1_166' title='bbox 415 2223 512 2300; x_wconf 72' lang='lat' dir='ltr'>(tacit.</span> <span class='ocrx_word' id='word_1_167' title='bbox 551 2222 689 2283; x_wconf 84' lang='lat' dir='ltr'>Fortasse</span> <span class='ocrx_word' id='word_1_168' title='bbox 711 2221 784 2280; x_wconf 91' lang='lat' dir='ltr'>euim</span> <span class='ocrx_word' id='word_1_169' title='bbox 806 2221 913 2287; x_wconf 86' lang='lat' dir='ltr'>noluit;</span> <span class='ocrx_word' id='word_1_170' title='bbox 941 2220 992 2279; x_wconf 90' lang='lat' dir='ltr'>sed</span> <span class='ocrx_word' id='word_1_171' title='bbox 1015 2230 1096 2296; x_wconf 87' lang='lat' dir='ltr'>esto,</span> <span class='ocrx_word' id='word_1_172' title='bbox 1119 2221 1258 2282; x_wconf 88' lang='lat' dir='ltr'>voluerit:</span> 
     </span>
     <span class='ocr_line' id='line_1_22' title="bbox 264 2303 1258 2382; baseline -0.002 -16"><span class='ocrx_word' id='word_1_173' title='bbox 264 2307 453 2380; x_wconf 89' lang='lat' dir='ltr'>continuone,</span> <span class='ocrx_word' id='word_1_174' title='bbox 478 2308 501 2365; x_wconf 88' lang='lat' dir='ltr'>si</span> <span class='ocrx_word' id='word_1_175' title='bbox 518 2307 567 2365; x_wconf 91' lang='lat' dir='ltr'>ille</span> <span class='ocrx_word' id='word_1_176' title='bbox 587 2306 673 2365; x_wconf 85' lang='lat' dir='ltr'>stulte</span> <span class='ocrx_word' id='word_1_177' title='bbox 691 2306 847 2381; x_wconf 87' lang='lat' dir='ltr'>cogitavit,</span> <span class='ocrx_word' id='word_1_178' title='bbox 869 2303 952 2362; x_wconf 93' lang='lat' dir='ltr'>uobis</span> <span class='ocrx_word' id='word_1_179' title='bbox 974 2321 1089 2382; x_wconf 90' lang='lat' dir='ltr'>quoque</span> <span class='ocrx_word' id='word_1_180' title='bbox 1109 2305 1195 2365; x_wconf 88' lang='lat' dir='ltr'>stulte</span> <span class='ocrx_word' id='word_1_181' title='bbox 1217 2304 1258 2364; x_wconf 92' lang='lat' dir='ltr'>di-</span> 
     </span>
     <span class='ocr_line' id='line_1_23' title="bbox 264 2387 1256 2467; baseline -0.002 -17"><span class='ocrx_word' id='word_1_182' title='bbox 264 2390 385 2450; x_wconf 89' lang='lat' dir='ltr'>cendum</span> <span class='ocrx_word' id='word_1_183' title='bbox 400 2387 464 2448; x_wconf 77' lang='lat' dir='ltr'>esti</span> <span class='ocrx_word' id='word_1_184' title='bbox 492 2391 530 2449; x_wconf 84' lang='grc' dir='ltr'>Αι</span> <span class='ocrx_word' id='word_1_185' title='bbox 547 2407 603 2467; x_wconf 84' lang='lat' dir='ltr'>ego</span> <span class='ocrx_word' id='word_1_186' title='bbox 624 2391 652 2448; x_wconf 93' lang='lat' dir='ltr'>iu</span> <span class='ocrx_word' id='word_1_187' title='bbox 668 2390 761 2449; x_wconf 88' lang='lat' dir='ltr'>causis</span> <span class='ocrx_word' id='word_1_188' title='bbox 778 2389 898 2466; x_wconf 81' lang='lat' dir='ltr'>agendis</span> <span class='ocrx_word' id='word_1_189' title='bbox 920 2389 1089 2466; x_wconf 89' lang='lat' dir='ltr'>frequenter</span> <span class='ocrx_word' id='word_1_190' title='bbox 1110 2407 1167 2448; x_wconf 92' lang='lat' dir='ltr'>nou</span> <span class='ocrx_word' id='word_1_191' title='bbox 1185 2398 1256 2467; x_wconf 89' lang='lat' dir='ltr'>puto</span> 
     </span>
     <span class='ocr_line' id='line_1_24' title="bbox 262 2472 1301 2552; baseline 0.004 -20"><span class='ocrx_word' id='word_1_192' title='bbox 262 2473 441 2549; x_wconf 90' lang='lat' dir='ltr'>intuendum,</span> <span class='ocrx_word' id='word_1_193' title='bbox 464 2473 531 2552; x_wconf 93' lang='lat' dir='ltr'>quid</span> <span class='ocrx_word' id='word_1_194' title='bbox 551 2474 678 2550; x_wconf 82' lang='lat' dir='ltr'>litigator</span> <span class='ocrx_word' id='word_1_195' title='bbox 698 2473 778 2532; x_wconf 84' lang='lat' dir='ltr'>velit.</span> <span class='ocrx_word' id='word_1_196' title='bbox 817 2472 871 2532; x_wconf 86' lang='lat' dir='ltr'>Est</span> <span class='ocrx_word' id='word_1_197' title='bbox 897 2481 925 2531; x_wconf 90' lang='lat' dir='ltr'>et</span> <span class='ocrx_word' id='word_1_198' title='bbox 946 2472 997 2532; x_wconf 89' lang='lat' dir='ltr'>ille</span> <span class='ocrx_word' id='word_1_199' title='bbox 1018 2474 1046 2531; x_wconf 91' lang='lat' dir='ltr'>iu</span> <span class='ocrx_word' id='word_1_200' title='bbox 1066 2472 1122 2531; x_wconf 90' lang='lat' dir='ltr'>hoc</span> <span class='ocrx_word' id='word_1_201' title='bbox 1147 2483 1301 2550; x_wconf 71' lang='lat' dir='ltr'>generetis</span> 
     </span>
     <span class='ocr_line' id='line_1_25' title="bbox 262 2556 1255 2635; baseline 0.001 -19"><span class='ocrx_word' id='word_1_202' title='bbox 262 2557 400 2634; x_wconf 84' lang='lat' dir='ltr'>frequens</span> <span class='ocrx_word' id='word_1_203' title='bbox 417 2576 509 2633; x_wconf 89' lang='lat' dir='ltr'>error,</span> <span class='ocrx_word' id='word_1_204' title='bbox 525 2567 555 2616; x_wconf 91' lang='lat' dir='ltr'>ut</span> <span class='ocrx_word' id='word_1_205' title='bbox 570 2566 670 2635; x_wconf 87' lang='lat' dir='ltr'>putent</span> <span class='ocrx_word' id='word_1_206' title='bbox 686 2556 762 2616; x_wconf 90' lang='lat' dir='ltr'>aliud</span> <span class='ocrx_word' id='word_1_207' title='bbox 784 2557 923 2634; x_wconf 88' lang='lat' dir='ltr'>quosdam</span> <span class='ocrx_word' id='word_1_208' title='bbox 947 2557 1047 2616; x_wconf 90' lang='lat' dir='ltr'>dicere</span> <span class='ocrx_word' id='word_1_209' title='bbox 1067 2557 1144 2616; x_wconf 91' lang='lat' dir='ltr'>aliud</span> <span class='ocrx_word' id='word_1_210' title='bbox 1165 2557 1255 2632; x_wconf 88' lang='lat' dir='ltr'>velle,</span> 
     </span>
     <span class='ocr_line' id='line_1_26' title="bbox 261 2640 1256 2720; baseline 0 -21"><span class='ocrx_word' id='word_1_211' title='bbox 261 2643 420 2720; x_wconf 87' lang='lat' dir='ltr'>praecipue</span> <span class='ocrx_word' id='word_1_212' title='bbox 436 2660 498 2700; x_wconf 87' lang='lat' dir='ltr'>cnm</span> <span class='ocrx_word' id='word_1_213' title='bbox 513 2642 541 2699; x_wconf 94' lang='lat' dir='ltr'>iu</span> <span class='ocrx_word' id='word_1_214' title='bbox 557 2641 682 2700; x_wconf 84' lang='lat' dir='ltr'>themate</span> <span class='ocrx_word' id='word_1_215' title='bbox 704 2649 766 2716; x_wconf 86' lang='lat' dir='ltr'>est,</span> <span class='ocrx_word' id='word_1_216' title='bbox 788 2640 928 2719; x_wconf 89' lang='lat' dir='ltr'>aliquem,</span> <span class='ocrx_word' id='word_1_217' title='bbox 947 2649 978 2699; x_wconf 87' lang='lat' dir='ltr'>ut</span> <span class='ocrx_word' id='word_1_218' title='bbox 997 2641 1051 2700; x_wconf 92' lang='lat' dir='ltr'>sibi</span> <span class='ocrx_word' id='word_1_219' title='bbox 1072 2641 1145 2700; x_wconf 91' lang='lat' dir='ltr'>mori</span> <span class='ocrx_word' id='word_1_220' title='bbox 1159 2641 1256 2716; x_wconf 88' lang='lat' dir='ltr'>liceat,</span> 
     </span>
     <span class='ocr_line' id='line_1_27' title="bbox 262 2722 1258 2804; baseline 0.004 -22"><span class='ocrx_word' id='word_1_221' title='bbox 262 2725 427 2804; x_wconf 81' lang='lat' dir='ltr'>postulare:</span> <span class='ocrx_word' id='word_1_222' title='bbox 448 2735 478 2784; x_wconf 90' lang='lat' dir='ltr'>ut</span> <span class='ocrx_word' id='word_1_223' title='bbox 499 2727 527 2784; x_wconf 93' lang='lat' dir='ltr'>iu</span> <span class='ocrx_word' id='word_1_224' title='bbox 552 2726 602 2785; x_wconf 88' lang='lat' dir='ltr'>illa</span> <span class='ocrx_word' id='word_1_225' title='bbox 625 2727 840 2799; x_wconf 85' lang='lat' dir='ltr'>controversia,</span> <span class='ocrx_word' id='word_1_226' title='bbox 871 2722 930 2798; x_wconf 80' lang='lat' dir='ltr'>Oai</span> <span class='ocrx_word' id='word_1_227' title='bbox 949 2726 1117 2803; x_wconf 81' lang='lat' dir='ltr'>aliquando</span> <span class='ocrx_word' id='word_1_228' title='bbox 1136 2725 1258 2804; x_wconf 80' lang='lat' dir='ltr'>fortiter</span> 
     </span>
     <span class='ocr_line' id='line_1_28' title="bbox 260 2810 1256 2888; baseline 0 -19"><span class='ocrx_word' id='word_1_229' title='bbox 260 2810 396 2887; x_wconf 80' lang='lat' dir='ltr'>fecerat,</span> <span class='ocrx_word' id='word_1_230' title='bbox 419 2817 447 2870; x_wconf 88' lang='lat' dir='ltr'>et</span> <span class='ocrx_word' id='word_1_231' title='bbox 467 2811 528 2870; x_wconf 86' lang='lat' dir='ltr'>clio</span> <span class='ocrx_word' id='word_1_232' title='bbox 548 2810 624 2872; x_wconf 85' lang='lat' dir='ltr'>dello</span> <span class='ocrx_word' id='word_1_233' title='bbox 643 2810 791 2887; x_wconf 82' lang='lat' dir='ltr'>petierat,</span> <span class='ocrx_word' id='word_1_234' title='bbox 815 2810 970 2870; x_wconf 79' lang='lat' dir='ltr'>atmilitia</span> <span class='ocrx_word' id='word_1_235' title='bbox 983 2818 1113 2870; x_wconf 83' lang='lat' dir='ltr'>voearet</span> <span class='ocrx_word' id='word_1_236' title='bbox 1127 2828 1167 2870; x_wconf 75' lang='lat' dir='ltr'>ec</span> <span class='ocrx_word' id='word_1_237' title='bbox 1180 2810 1256 2888; x_wconf 71' lang='lat' dir='ltr'>lege,</span> 
     </span>
     <span class='ocr_line' id='line_1_29' title="bbox 262 2892 1257 2974; baseline 0 -22"><span class='ocrx_word' id='word_1_238' title='bbox 262 2892 345 2970; x_wconf 83' lang='lat' dir='ltr'>quod</span> <span class='ocrx_word' id='word_1_239' title='bbox 359 2894 642 2973; x_wconf 73' lang='lat' dir='ltr'>quinquagenarius</span> <span class='ocrx_word' id='word_1_240' title='bbox 656 2901 751 2968; x_wconf 83' lang='lat' dir='ltr'>esset,</span> <span class='ocrx_word' id='word_1_241' title='bbox 772 2894 959 2954; x_wconf 72' lang='lat' dir='ltr'>aduersante</span> <span class='ocrx_word' id='word_1_242' title='bbox 971 2893 1033 2974; x_wconf 75' lang='lat' dir='ltr'>filio</span> <span class='ocrx_word' id='word_1_243' title='bbox 1046 2895 1095 2954; x_wconf 83' lang='lat' dir='ltr'>ire</span> <span class='ocrx_word' id='word_1_244' title='bbox 1110 2894 1143 2952; x_wconf 83' lang='lat' dir='ltr'>in</span> <span class='ocrx_word' id='word_1_245' title='bbox 1158 2894 1257 2954; x_wconf 85' lang='lat' dir='ltr'>aciem</span> 
     </span>
     <span class='ocr_line' id='line_1_30' title="bbox 262 2977 1255 3055; baseline -0.003 -17"><span class='ocrx_word' id='word_1_246' title='bbox 262 2986 388 3038; x_wconf 79' lang='lat' dir='ltr'>coactae</span> <span class='ocrx_word' id='word_1_247' title='bbox 404 2978 548 3038; x_wconf 83' lang='lat' dir='ltr'>desernit.</span> <span class='ocrx_word' id='word_1_248' title='bbox 585 2977 700 3054; x_wconf 70' lang='lat' dir='ltr'>Filios,</span> <span class='ocrx_word' id='word_1_249' title='bbox 723 2979 775 3054; x_wconf 82' lang='lat' dir='ltr'>qai</span> <span class='ocrx_word' id='word_1_250' title='bbox 791 2978 913 3055; x_wconf 78' lang='lat' dir='ltr'>sortiter</span> <span class='ocrx_word' id='word_1_251' title='bbox 926 2980 1031 3039; x_wconf 87' lang='lat' dir='ltr'>eodem</span> <span class='ocrx_word' id='word_1_252' title='bbox 1045 2978 1162 3055; x_wconf 76' lang='lat' dir='ltr'>proelio</span> <span class='ocrx_word' id='word_1_253' title='bbox 1175 2977 1255 3053; x_wconf 79' lang='lat' dir='ltr'>fece·</span> 
     </span>
     <span class='ocr_line' id='line_1_31' title="bbox 261 3055 1352 3138; baseline 0 -18"><span class='ocrx_word' id='word_1_254' title='bbox 261 3069 328 3136; x_wconf 85' lang='lat' dir='ltr'>rot,</span> <span class='ocrx_word' id='word_1_255' title='bbox 349 3061 583 3122; x_wconf 82' lang='lat' dir='ltr'>incolumitatem</span> <span class='ocrx_word' id='word_1_256' title='bbox 609 3062 675 3122; x_wconf 66' lang='lat' dir='ltr'>dus</span> <span class='ocrx_word' id='word_1_257' title='bbox 703 3069 805 3138; x_wconf 75' lang='lat' dir='ltr'>optim,-</span> <span class='ocrx_word' id='word_1_258' title='bbox 832 3063 1018 3122; x_wconf 77' lang='lat' dir='ltr'>contradicit</span> <span class='ocrx_word' id='word_1_259' title='bbox 1040 3069 1140 3138; x_wconf 81' lang='lat' dir='ltr'>poter.</span> <span class='ocrx_word' id='word_1_260' title='bbox 1188 3055 1256 3120; x_wconf 82' lang='lat' dir='ltr'>Non</span> <span class='ocrx_word' id='word_1_261' title='bbox 1347 3079 1352 3088; x_wconf 89' lang='lat'><strong>·</strong></span> 
     </span>
     <span class='ocr_line' id='line_1_32' title="bbox 261 3141 1298 3223; baseline -0.005 -18"><span class='ocrx_word' id='word_1_262' title='bbox 261 3146 352 3220; x_wconf 80' lang='lat' dir='ltr'>euim,</span> <span class='ocrx_word' id='word_1_263' title='bbox 368 3146 504 3223; x_wconf 89' lang='lat' dir='ltr'>inquiunt,</span> <span class='ocrx_word' id='word_1_264' title='bbox 521 3147 597 3207; x_wconf 82' lang='lat' dir='ltr'>mori</span> <span class='ocrx_word' id='word_1_265' title='bbox 606 3146 736 3220; x_wconf 78' lang='lat' dir='ltr'>caltced</span> <span class='ocrx_word' id='word_1_266' title='bbox 745 3145 890 3206; x_wconf 75' lang='lat' dir='ltr'>invidiam</span> <span class='ocrx_word' id='word_1_267' title='bbox 901 3144 963 3222; x_wconf 78' lang='lat' dir='ltr'>filio</span> <span class='ocrx_word' id='word_1_268' title='bbox 974 3145 1092 3222; x_wconf 80' lang='lat' dir='ltr'>facere.</span> <span class='ocrx_word' id='word_1_269' title='bbox 1117 3141 1298 3220; x_wconf 75' lang='lat' dir='ltr'>Equidemssfi</span> 
     </span>
     <span class='ocr_line' id='line_1_33' title="bbox 260 3224 1254 3306; baseline -0.003 -19"><span class='ocrx_word' id='word_1_270' title='bbox 260 3229 359 3303; x_wconf 89' lang='lat' dir='ltr'>rideo,</span> <span class='ocrx_word' id='word_1_271' title='bbox 376 3228 453 3306; x_wconf 90' lang='lat' dir='ltr'>quod</span> <span class='ocrx_word' id='word_1_272' title='bbox 468 3229 511 3288; x_wconf 92' lang='lat' dir='ltr'>illi</span> <span class='ocrx_word' id='word_1_273' title='bbox 526 3230 568 3288; x_wconf 89' lang='lat' dir='ltr'>sic</span> <span class='ocrx_word' id='word_1_274' title='bbox 578 3231 681 3288; x_wconf 88' lang='lat' dir='ltr'>timent</span> <span class='ocrx_word' id='word_1_275' title='bbox 696 3236 828 3305; x_wconf 90' lang='lat' dir='ltr'>tanquam</span> <span class='ocrx_word' id='word_1_276' title='bbox 849 3228 904 3306; x_wconf 93' lang='lat' dir='ltr'>ipsi</span> <span class='ocrx_word' id='word_1_277' title='bbox 921 3228 1049 3286; x_wconf 89' lang='lat' dir='ltr'>morituri</span> <span class='ocrx_word' id='word_1_278' title='bbox 1072 3235 1101 3285; x_wconf 90' lang='lat' dir='ltr'>et</span> <span class='ocrx_word' id='word_1_279' title='bbox 1117 3227 1146 3284; x_wconf 94' lang='lat' dir='ltr'>in</span> <span class='ocrx_word' id='word_1_280' title='bbox 1161 3224 1254 3285; x_wconf 88' lang='lat' dir='ltr'>consi·</span> 
     </span>
     <span class='ocr_line' id='line_1_34' title="bbox 261 3309 1254 3388; baseline -0.003 -18"><span class='ocrx_word' id='word_1_281' title='bbox 261 3313 330 3371; x_wconf 91' lang='lat' dir='ltr'>lium</span> <span class='ocrx_word' id='word_1_282' title='bbox 346 3329 413 3370; x_wconf 91' lang='lat' dir='ltr'>suos</span> <span class='ocrx_word' id='word_1_283' title='bbox 433 3321 524 3371; x_wconf 91' lang='lat' dir='ltr'>metus</span> <span class='ocrx_word' id='word_1_284' title='bbox 540 3313 651 3388; x_wconf 90' lang='lat' dir='ltr'>lerunt,</span> <span class='ocrx_word' id='word_1_285' title='bbox 677 3310 759 3371; x_wconf 90' lang='lat' dir='ltr'>obliti</span> <span class='ocrx_word' id='word_1_286' title='bbox 778 3320 822 3370; x_wconf 89' lang='lat' dir='ltr'>tot</span> <span class='ocrx_word' id='word_1_287' title='bbox 843 3311 1041 3388; x_wconf 82' lang='lat' dir='ltr'>exemplorum</span> <span class='ocrx_word' id='word_1_288' title='bbox 1062 3311 1139 3369; x_wconf 89' lang='lat' dir='ltr'>circa</span> <span class='ocrx_word' id='word_1_289' title='bbox 1152 3309 1254 3368; x_wconf 91' lang='lat' dir='ltr'>voluu-</span> 
     </span>
     <span class='ocr_line' id='line_1_35' title="bbox 261 3393 1253 3473; baseline -0.004 -17"><span class='ocrx_word' id='word_1_290' title='bbox 261 3399 361 3456; x_wconf 88' lang='lat' dir='ltr'>tariam</span> <span class='ocrx_word' id='word_1_291' title='bbox 377 3405 512 3472; x_wconf 88' lang='lat' dir='ltr'>mortem,</span> <span class='ocrx_word' id='word_1_292' title='bbox 529 3412 678 3455; x_wconf 88' lang='lat' dir='ltr'>causamm</span> <span class='ocrx_word' id='word_1_293' title='bbox 693 3412 825 3473; x_wconf 88' lang='lat' dir='ltr'>quoque,</span> <span class='ocrx_word' id='word_1_294' title='bbox 843 3412 914 3472; x_wconf 89' lang='lat' dir='ltr'>quas</span> <span class='ocrx_word' id='word_1_295' title='bbox 929 3393 1015 3452; x_wconf 89' lang='lat' dir='ltr'>babet</span> <span class='ocrx_word' id='word_1_296' title='bbox 1027 3393 1121 3453; x_wconf 86' lang='lat' dir='ltr'>lactus</span> <span class='ocrx_word' id='word_1_297' title='bbox 1138 3411 1176 3452; x_wconf 88' lang='lat' dir='ltr'>ex</span> <span class='ocrx_word' id='word_1_298' title='bbox 1190 3394 1253 3452; x_wconf 85' lang='lat' dir='ltr'>viro</span> 
     </span>
     <span class='ocr_line' id='line_1_36' title="bbox 262 3478 1296 3555; baseline -0.003 -14"><span class='ocrx_word' id='word_1_299' title='bbox 262 3480 330 3541; x_wconf 88' lang='lat' dir='ltr'>lorti</span> <span class='ocrx_word' id='word_1_300' title='bbox 353 3480 495 3538; x_wconf 89' lang='lat' dir='ltr'>desertor.</span> <span class='ocrx_word' id='word_1_301' title='bbox 541 3480 599 3540; x_wconf 87' lang='lat' dir='ltr'>Sed</span> <span class='ocrx_word' id='word_1_302' title='bbox 624 3481 652 3538; x_wconf 95' lang='lat' dir='ltr'>iu</span> <span class='ocrx_word' id='word_1_303' title='bbox 678 3497 733 3538; x_wconf 88' lang='lat' dir='ltr'>una</span> <span class='ocrx_word' id='word_1_304' title='bbox 754 3478 953 3538; x_wconf 83' lang='lat' dir='ltr'>controversia</span> <span class='ocrx_word' id='word_1_305' title='bbox 974 3478 1058 3555; x_wconf 92' lang='lat' dir='ltr'>sequi</span> <span class='ocrx_word' id='word_1_306' title='bbox 1082 3479 1296 3545; x_wconf 74' lang='lat' dir='ltr'>contrariumsst</span> 
     </span>
     <span class='ocr_line' id='line_1_37' title="bbox 262 3562 1253 3640; baseline -0.004 -17"><span class='ocrx_word' id='word_1_307' title='bbox 262 3581 473 3640; x_wconf 89' lang='lat' dir='ltr'>supervacuum</span> <span class='ocrx_word' id='word_1_308' title='bbox 494 3572 548 3622; x_wconf 89' lang='lat' dir='ltr'>est.</span> <span class='ocrx_word' id='word_1_309' title='bbox 587 3562 651 3640; x_wconf 86' lang='lat' dir='ltr'>Ego</span> <span class='ocrx_word' id='word_1_310' title='bbox 678 3565 707 3621; x_wconf 90' lang='lat' dir='ltr'>in</span> <span class='ocrx_word' id='word_1_311' title='bbox 728 3563 892 3620; x_wconf 89' lang='lat' dir='ltr'>universum</span> <span class='ocrx_word' id='word_1_312' title='bbox 918 3578 1012 3639; x_wconf 87' lang='lat' dir='ltr'>neque</span> <span class='ocrx_word' id='word_1_313' title='bbox 1035 3563 1158 3621; x_wconf 88' lang='lat' dir='ltr'>oratoris</span> <span class='ocrx_word' id='word_1_314' title='bbox 1183 3570 1253 3639; x_wconf 88' lang='lat' dir='ltr'>puto</span> 
     </span>
     <span class='ocr_line' id='line_1_38' title="bbox 264 3645 1253 3725; baseline -0.003 -19"><span class='ocrx_word' id='word_1_315' title='bbox 264 3666 332 3706; x_wconf 90' lang='lat' dir='ltr'>esse</span> <span class='ocrx_word' id='word_1_316' title='bbox 348 3665 470 3725; x_wconf 90' lang='lat' dir='ltr'>uuquam</span> <span class='ocrx_word' id='word_1_317' title='bbox 485 3648 689 3724; x_wconf 84' lang='lat' dir='ltr'>praevaricari,</span> <span class='ocrx_word' id='word_1_318' title='bbox 705 3664 800 3723; x_wconf 88' lang='lat' dir='ltr'>neque</span> <span class='ocrx_word' id='word_1_319' title='bbox 819 3645 898 3704; x_wconf 90' lang='lat' dir='ltr'>litem</span> <span class='ocrx_word' id='word_1_320' title='bbox 914 3645 1056 3722; x_wconf 87' lang='lat' dir='ltr'>intelligo,</span> <span class='ocrx_word' id='word_1_321' title='bbox 1071 3646 1100 3704; x_wconf 94' lang='lat' dir='ltr'>iu</span> <span class='ocrx_word' id='word_1_322' title='bbox 1116 3663 1171 3724; x_wconf 89' lang='lat' dir='ltr'>qua</span> <span class='ocrx_word' id='word_1_323' title='bbox 1185 3662 1253 3723; x_wconf 84' lang='lat' dir='ltr'>pars</span> 
     </span>
     <span class='ocr_line' id='line_1_39' title="bbox 263 3729 1253 3810; baseline -0.004 -19"><span class='ocrx_word' id='word_1_324' title='bbox 263 3741 385 3810; x_wconf 90' lang='lat' dir='ltr'>utraque</span> <span class='ocrx_word' id='word_1_325' title='bbox 407 3730 483 3791; x_wconf 90' lang='lat' dir='ltr'>idem</span> <span class='ocrx_word' id='word_1_326' title='bbox 501 3730 592 3805; x_wconf 82' lang='lat' dir='ltr'>uelit,</span> <span class='ocrx_word' id='word_1_327' title='bbox 612 3747 707 3808; x_wconf 87' lang='lat' dir='ltr'>neque</span> <span class='ocrx_word' id='word_1_328' title='bbox 728 3739 785 3790; x_wconf 89' lang='lat' dir='ltr'>tam</span> <span class='ocrx_word' id='word_1_329' title='bbox 804 3729 920 3789; x_wconf 88' lang='lat' dir='ltr'>stultum</span> <span class='ocrx_word' id='word_1_330' title='bbox 935 3747 1121 3808; x_wconf 87' lang='lat' dir='ltr'>quemquam,</span> <span class='ocrx_word' id='word_1_331' title='bbox 1143 3730 1206 3807; x_wconf 90' lang='lat' dir='ltr'>qui,</span> <span class='ocrx_word' id='word_1_332' title='bbox 1228 3729 1253 3787; x_wconf 86' lang='lat' dir='ltr'>si</span> 
     </span>
    </p>
   </div>
   <div class='ocr_carea' id='block_1_4' title="bbox 0 0 1596 4409">
    <p class='ocr_par' dir='ltr' id='par_1_4' title="bbox 0 0 1596 4409">
     <span class='ocr_line' id='line_1_40' title="bbox 0 0 1596 4409; baseline 0 0"><span class='ocrx_word' id='word_1_333' title='bbox 0 0 1596 4409; x_wconf 95' lang='lat' dir='ltr'> </span> 
     </span>
    </p>
   </div>
  </div>
 </body>
</html>
