<?xml version="1.0" encoding="UTF-8"?>
<!DOCTYPE html PUBLIC "-//W3C//DTD XHTML 1.0 Transitional//EN"
    "http://www.w3.org/TR/xhtml1/DTD/xhtml1-transitional.dtd">
<html xmlns="http://www.w3.org/1999/xhtml" xml:lang="en" lang="en">
 <head>
  <title>
</title>
<meta http-equiv="Content-Type" content="text/html;charset=utf-8" />
  <meta name='ocr-system' content='tesseract 3.04.00' />
  <meta name='ocr-capabilities' content='ocr_page ocr_carea ocr_par ocr_line ocrx_word'/>
</head>
<body>
  <div class='ocr_page' id='page_1' title='image "./mfabiiquintilia02quingoog_0214.png"; bbox 0 0 3184 4409; ppageno 0'>
   <div class='ocr_carea' id='block_1_1' title="bbox 355 475 1027 547">
    <p class='ocr_par' dir='ltr' id='par_1_1' title="bbox 355 475 1027 547">
     <span class='ocr_line' id='line_1_1' title="bbox 355 475 1027 547; baseline -0.007 -8"><span class='ocrx_word' id='word_1_1' title='bbox 355 475 413 539; x_wconf 78' lang='grc'><strong>186</strong></span> <span class='ocrx_word' id='word_1_2' title='bbox 667 485 1027 547; x_wconf 76' lang='lat' dir='ltr'><strong>m.snn.oumn1mns1</strong></span> 
     </span>
    </p>
   </div>
   <div class='ocr_carea' id='block_1_2' title="bbox 295 640 1340 3060">
    <p class='ocr_par' dir='ltr' id='par_1_2' title="bbox 295 640 1340 1789">
     <span class='ocr_line' id='line_1_2' title="bbox 351 640 1337 720; baseline 0.004 -17"><span class='ocrx_word' id='word_1_3' title='bbox 351 646 424 704; x_wconf 82' lang='lat' dir='ltr'><strong>mino</strong></span> <span class='ocrx_word' id='word_1_4' title='bbox 439 646 605 719; x_wconf 86' lang='lat' dir='ltr'><strong>iunguntur,</strong></span> <span class='ocrx_word' id='word_1_5' title='bbox 624 650 655 700; x_wconf 91' lang='lat' dir='ltr'><strong>ut</strong></span> <span class='ocrx_word' id='word_1_6' title='bbox 669 660 731 701; x_wconf 92' lang='lat' dir='ltr'><strong>oum</strong></span> <span class='ocrx_word' id='word_1_7' title='bbox 746 640 892 704; x_wconf 72' lang='lat' dir='ltr'><strong><em>Socrates</em></strong></span> <span class='ocrx_word' id='word_1_8' title='bbox 906 648 1072 702; x_wconf 74' lang='lat' dir='ltr'><strong>commotus</strong></span> <span class='ocrx_word' id='word_1_9' title='bbox 1085 649 1144 719; x_wconf 84' lang='lat' dir='ltr'><strong>est,</strong></span> <span class='ocrx_word' id='word_1_10' title='bbox 1168 644 1249 720; x_wconf 82' lang='lat' dir='ltr'><strong>quod</strong></span> <span class='ocrx_word' id='word_1_11' title='bbox 1268 663 1337 707; x_wconf 84' lang='lat' dir='ltr'><strong>cor-</strong></span> 
     </span>
     <span class='ocr_line' id='line_1_3' title="bbox 351 727 1339 805; baseline 0.003 -17"><span class='ocrx_word' id='word_1_12' title='bbox 351 740 501 805; x_wconf 83' lang='lat' dir='ltr'><strong>rumperet</strong></span> <span class='ocrx_word' id='word_1_13' title='bbox 521 728 702 787; x_wconf 76' lang='lat' dir='ltr'><strong>inventutem</strong></span> <span class='ocrx_word' id='word_1_14' title='bbox 725 735 753 786; x_wconf 83' lang='lat' dir='ltr'><strong>et</strong></span> <span class='ocrx_word' id='word_1_15' title='bbox 769 744 864 785; x_wconf 73' lang='lat' dir='ltr'><strong>ruccas</strong></span> <span class='ocrx_word' id='word_1_16' title='bbox 876 727 1101 803; x_wconf 67' lang='lat' dir='ltr'><strong>superstitiones</strong></span> <span class='ocrx_word' id='word_1_17' title='bbox 1113 728 1319 791; x_wconf 78' lang='lat' dir='ltr'><strong>introduceret</strong></span> <span class='ocrx_word' id='word_1_18' title='bbox 1324 753 1339 801; x_wconf 86' lang='lat'><strong>‚·</strong></span> 
     </span>
     <span class='ocr_line' id='line_1_4' title="bbox 351 809 1338 893; baseline 0.005 -23"><span class='ocrx_word' id='word_1_19' title='bbox 351 822 380 871; x_wconf 89' lang='lat' dir='ltr'><strong>et</strong></span> <span class='ocrx_word' id='word_1_20' title='bbox 395 811 506 887; x_wconf 82' lang='lat' dir='ltr'><strong>singulo</strong></span> <span class='ocrx_word' id='word_1_21' title='bbox 521 829 558 868; x_wconf 89' lang='lat' dir='ltr'><strong>ex</strong></span> <span class='ocrx_word' id='word_1_22' title='bbox 574 809 702 887; x_wconf 91' lang='lat' dir='ltr'><strong>pluribus</strong></span> <span class='ocrx_word' id='word_1_23' title='bbox 719 810 907 885; x_wconf 82' lang='lat' dir='ltr'><strong>colliguntur,</strong></span> <span class='ocrx_word' id='word_1_24' title='bbox 931 817 961 866; x_wconf 88' lang='lat' dir='ltr'><strong>ut</strong></span> <span class='ocrx_word' id='word_1_25' title='bbox 976 826 1038 867; x_wconf 89' lang='lat' dir='ltr'><strong>oum</strong></span> <span class='ocrx_word' id='word_1_26' title='bbox 1059 811 1169 888; x_wconf 74' lang='lat' dir='ltr'><strong>leputio</strong></span> <span class='ocrx_word' id='word_1_27' title='bbox 1184 812 1264 872; x_wconf 80' lang='lat' dir='ltr'><strong>mete</strong></span> <span class='ocrx_word' id='word_1_28' title='bbox 1282 835 1338 893; x_wconf 77' lang='lat' dir='ltr'><strong>pe-</strong></span> 
     </span>
     <span class='ocr_line' id='line_1_5' title="bbox 295 889 1340 970; baseline -0.001 -9"><span class='ocrx_word' id='word_1_29' title='bbox 295 955 298 961; x_wconf 94' lang='lat'>.</span> <span class='ocrx_word' id='word_1_30' title='bbox 349 906 398 957; x_wconf 83' lang='lat' dir='ltr'><strong>stc</strong></span> <span class='ocrx_word' id='word_1_31' title='bbox 419 897 560 956; x_wconf 80' lang='lat' dir='ltr'><strong>obiicitur</strong></span> <span class='ocrx_word' id='word_1_32' title='bbox 579 889 739 968; x_wconf 71' lang='lat' dir='ltr'><strong>Aeschini,</strong></span> <span class='ocrx_word' id='word_1_33' title='bbox 761 895 843 970; x_wconf 82' lang='lat' dir='ltr'><strong>qood</strong></span> <span class='ocrx_word' id='word_1_34' title='bbox 862 894 1001 953; x_wconf 78' lang='lat' dir='ltr'><strong>mentitos</strong></span> <span class='ocrx_word' id='word_1_35' title='bbox 1020 893 1074 969; x_wconf 76' lang='lat' dir='ltr'><strong>sit,</strong></span> <span class='ocrx_word' id='word_1_36' title='bbox 1103 895 1185 969; x_wconf 80' lang='lat' dir='ltr'><strong>qood</strong></span> <span class='ocrx_word' id='word_1_37' title='bbox 1204 897 1279 959; x_wconf 74' lang='lat' dir='ltr'><strong>sitit</strong></span> <span class='ocrx_word' id='word_1_38' title='bbox 1299 919 1340 960; x_wconf 75' lang='lat' dir='ltr'><strong>ex</strong></span> 
     </span>
     <span class='ocr_line' id='line_1_6' title="bbox 348 970 1337 1056; baseline 0.002 -16"><span class='ocrx_word' id='word_1_39' title='bbox 348 980 501 1040; x_wconf 79' lang='lat' dir='ltr'><strong>mundetis</strong></span> <span class='ocrx_word' id='word_1_40' title='bbox 520 978 645 1056; x_wconf 69' lang='lat' dir='ltr'><strong>fecerit,</strong></span> <span class='ocrx_word' id='word_1_41' title='bbox 669 977 750 1054; x_wconf 82' lang='lat' dir='ltr'><strong>qood</strong></span> <span class='ocrx_word' id='word_1_42' title='bbox 769 984 904 1038; x_wconf 80' lang='lat' dir='ltr'><strong>moratus</strong></span> <span class='ocrx_word' id='word_1_43' title='bbox 925 978 979 1050; x_wconf 79' lang='lat' dir='ltr'><strong>sit,</strong></span> <span class='ocrx_word' id='word_1_44' title='bbox 1002 978 1082 1052; x_wconf 79' lang='lat' dir='ltr'><strong>qood</strong></span> <span class='ocrx_word' id='word_1_45' title='bbox 1101 970 1228 1039; x_wconf 80' lang='lat' dir='ltr'><strong>munera</strong></span> <span class='ocrx_word' id='word_1_46' title='bbox 1247 999 1337 1042; x_wconf 76' lang='lat' dir='ltr'><strong>acce</strong></span> 
     </span>
     <span class='ocr_line' id='line_1_7' title="bbox 322 1060 1337 1142; baseline 0 -19"><span class='ocrx_word' id='word_1_47' title='bbox 322 1065 438 1142; x_wconf 75' lang='lat' dir='ltr'><strong>operit.</strong></span> <span class='ocrx_word' id='word_1_48' title='bbox 471 1061 625 1120; x_wconf 83' lang='lat' dir='ltr'><strong>Reeusatio</strong></span> <span class='ocrx_word' id='word_1_49' title='bbox 642 1077 757 1138; x_wconf 90' lang='lat' dir='ltr'><strong>quoque</strong></span> <span class='ocrx_word' id='word_1_50' title='bbox 771 1060 869 1137; x_wconf 83' lang='lat' dir='ltr'><strong>plures</strong></span> <span class='ocrx_word' id='word_1_51' title='bbox 884 1061 995 1118; x_wconf 88' lang='lat' dir='ltr'><strong>iuterim</strong></span> <span class='ocrx_word' id='word_1_52' title='bbox 1010 1063 1223 1137; x_wconf 79' lang='lat' dir='ltr'><strong>propositiones</strong></span> <span class='ocrx_word' id='word_1_53' title='bbox 1237 1062 1337 1139; x_wconf 82' lang='lat' dir='ltr'><strong>habet,</strong></span> 
     </span>
     <span class='ocr_line' id='line_1_8' title="bbox 350 1143 1338 1222; baseline 0.003 -17"><span class='ocrx_word' id='word_1_54' title='bbox 350 1156 380 1205; x_wconf 90' lang='lat' dir='ltr'><strong>ut</strong></span> <span class='ocrx_word' id='word_1_55' title='bbox 396 1155 493 1206; x_wconf 82' lang='lat' dir='ltr'><strong>contra</strong></span> <span class='ocrx_word' id='word_1_56' title='bbox 508 1145 673 1222; x_wconf 82' lang='lat' dir='ltr'><strong>petitionem</strong></span> <span class='ocrx_word' id='word_1_57' title='bbox 693 1145 848 1221; x_wconf 82' lang='lat' dir='ltr'><strong>pecuniae:</strong></span> <span class='ocrx_word' id='word_1_58' title='bbox 871 1143 951 1205; x_wconf 84' lang='lat' dir='ltr'><strong>Male</strong></span> <span class='ocrx_word' id='word_1_59' title='bbox 969 1145 1087 1221; x_wconf 78' lang='lat' dir='ltr'><strong>petitio,</strong></span> <span class='ocrx_word' id='word_1_60' title='bbox 1105 1156 1338 1222; x_wconf 81' lang='lat' dir='ltr'><strong>procuratorem</strong></span> 
     </span>
     <span class='ocr_line' id='line_1_9' title="bbox 350 1228 1340 1303; baseline 0.001 -12"><span class='ocrx_word' id='word_1_61' title='bbox 350 1232 428 1292; x_wconf 83' lang='lat' dir='ltr'><strong>enim</strong></span> <span class='ocrx_word' id='word_1_62' title='bbox 448 1231 500 1290; x_wconf 76' lang='lat' dir='ltr'><strong>titt</strong></span> <span class='ocrx_word' id='word_1_63' title='bbox 521 1247 587 1288; x_wconf 83' lang='lat' dir='ltr'><strong>esse</strong></span> <span class='ocrx_word' id='word_1_64' title='bbox 612 1246 671 1287; x_wconf 83' lang='lat' dir='ltr'><strong>non</strong></span> <span class='ocrx_word' id='word_1_65' title='bbox 700 1229 803 1296; x_wconf 63' lang='lat' dir='ltr'><strong>tiente-</strong></span> <span class='ocrx_word' id='word_1_66' title='bbox 822 1228 880 1287; x_wconf 81' lang='lat' dir='ltr'><strong>scd</strong></span> <span class='ocrx_word' id='word_1_67' title='bbox 899 1243 997 1303; x_wconf 81' lang='lat' dir='ltr'><strong>neque</strong></span> <span class='ocrx_word' id='word_1_68' title='bbox 1017 1229 1077 1303; x_wconf 74' lang='lat' dir='ltr'><strong>itti,</strong></span> <span class='ocrx_word' id='word_1_69' title='bbox 1104 1229 1191 1288; x_wconf 80' lang='lat' dir='ltr'><strong>cuius</strong></span> <span class='ocrx_word' id='word_1_70' title='bbox 1217 1233 1340 1293; x_wconf 83' lang='lat' dir='ltr'><strong>nornine</strong></span> 
     </span>
     <span class='ocr_line' id='line_1_10' title="bbox 349 1311 1338 1392; baseline 0.002 -18"><span class='ocrx_word' id='word_1_71' title='bbox 349 1315 464 1392; x_wconf 72' lang='lat' dir='ltr'><strong>titique,</strong></span> <span class='ocrx_word' id='word_1_72' title='bbox 486 1311 598 1372; x_wconf 76' lang='lat' dir='ltr'><strong>dobere</strong></span> <span class='ocrx_word' id='word_1_73' title='bbox 616 1319 866 1390; x_wconf 66' lang='lat' dir='ltr'><strong>procuratorem</strong></span> <span class='ocrx_word' id='word_1_74' title='bbox 895 1312 1066 1388; x_wconf 74' lang='lat' dir='ltr'><strong>sedereque</strong></span> <span class='ocrx_word' id='word_1_75' title='bbox 1088 1320 1132 1372; x_wconf 79' lang='lat' dir='ltr'><strong>est</strong></span> <span class='ocrx_word' id='word_1_76' title='bbox 1150 1312 1238 1373; x_wconf 75' lang='lat' dir='ltr'><strong>ireres</strong></span> <span class='ocrx_word' id='word_1_77' title='bbox 1260 1317 1338 1391; x_wconf 78' lang='lat' dir='ltr'><strong>eine,</strong></span> 
     </span>
     <span class='ocr_line' id='line_1_11' title="bbox 324 1395 1338 1474; baseline 0 -16"><span class='ocrx_word' id='word_1_78' title='bbox 324 1408 371 1464; x_wconf 79' lang='lat' dir='ltr'><strong>ta</strong></span> <span class='ocrx_word' id='word_1_79' title='bbox 387 1406 445 1474; x_wconf 77' lang='lat' dir='ltr'><strong>qno</strong></span> <span class='ocrx_word' id='word_1_80' title='bbox 463 1395 621 1472; x_wconf 79' lang='lat' dir='ltr'><strong>accepisse</strong></span> <span class='ocrx_word' id='word_1_81' title='bbox 639 1402 772 1454; x_wconf 83' lang='lat' dir='ltr'><strong>mutuam</strong></span> <span class='ocrx_word' id='word_1_82' title='bbox 787 1395 892 1461; x_wconf 59' lang='lat' dir='ltr'><strong>dicon·</strong></span> <span class='ocrx_word' id='word_1_83' title='bbox 910 1395 969 1455; x_wconf 84' lang='lat' dir='ltr'><strong>sed</strong></span> <span class='ocrx_word' id='word_1_84' title='bbox 980 1413 1037 1454; x_wconf 84' lang='lat' dir='ltr'><strong>nec</strong></span> <span class='ocrx_word' id='word_1_85' title='bbox 1051 1395 1112 1472; x_wconf 71' lang='lat' dir='ltr'><strong>ipss*</strong></span> <span class='ocrx_word' id='word_1_86' title='bbox 1129 1396 1226 1458; x_wconf 68' lang='lat' dir='ltr'><strong>debiti.</strong></span> <span class='ocrx_word' id='word_1_87' title='bbox 1263 1397 1338 1458; x_wconf 83' lang='lat' dir='ltr'><strong>Mul-</strong></span> 
     </span>
     <span class='ocr_line' id='line_1_12' title="bbox 350 1476 1339 1558; baseline 0 -18"><span class='ocrx_word' id='word_1_88' title='bbox 350 1480 474 1558; x_wconf 82' lang='lat' dir='ltr'><strong>tiplicnri</strong></span> <span class='ocrx_word' id='word_1_89' title='bbox 493 1477 564 1536; x_wconf 82' lang='lat' dir='ltr'><strong>haeo</strong></span> <span class='ocrx_word' id='word_1_90' title='bbox 586 1479 614 1536; x_wconf 94' lang='lat' dir='ltr'><strong>in</strong></span> <span class='ocrx_word' id='word_1_91' title='bbox 636 1476 851 1554; x_wconf 82' lang='lat' dir='ltr'><strong>quantumlibet</strong></span> <span class='ocrx_word' id='word_1_92' title='bbox 866 1486 1002 1555; x_wconf 83' lang='lat' dir='ltr'><strong>possunt,</strong></span> <span class='ocrx_word' id='word_1_93' title='bbox 1023 1477 1075 1536; x_wconf 91' lang='lat' dir='ltr'><strong>sed</strong></span> <span class='ocrx_word' id='word_1_94' title='bbox 1094 1496 1154 1537; x_wconf 92' lang='lat' dir='ltr'><strong>rem</strong></span> <span class='ocrx_word' id='word_1_95' title='bbox 1173 1481 1339 1541; x_wconf 85' lang='lat' dir='ltr'><strong>ostendisse</strong></span> 
     </span>
     <span class='ocr_line' id='line_1_13' title="bbox 350 1560 1338 1639; baseline -0.001 -15"><span class='ocrx_word' id='word_1_96' title='bbox 350 1566 420 1624; x_wconf 83' lang='lat' dir='ltr'><strong>satis</strong></span> <span class='ocrx_word' id='word_1_97' title='bbox 442 1571 496 1620; x_wconf 86' lang='lat' dir='ltr'><strong>est.</strong></span> <span class='ocrx_word' id='word_1_98' title='bbox 533 1560 593 1620; x_wconf 82' lang='lat' dir='ltr'><strong>Hae</strong></span> <span class='ocrx_word' id='word_1_99' title='bbox 614 1562 638 1619; x_wconf 88' lang='lat' dir='ltr'><strong>si</strong></span> <span class='ocrx_word' id='word_1_100' title='bbox 662 1569 802 1639; x_wconf 85' lang='lat' dir='ltr'><strong>ponantur</strong></span> <span class='ocrx_word' id='word_1_101' title='bbox 823 1561 970 1636; x_wconf 84' lang='lat' dir='ltr'><strong>singulae,</strong></span> <span class='ocrx_word' id='word_1_102' title='bbox 999 1561 1136 1620; x_wconf 86' lang='lat' dir='ltr'><strong>subiectis</strong></span> <span class='ocrx_word' id='word_1_103' title='bbox 1159 1562 1338 1639; x_wconf 84' lang='lat' dir='ltr'><strong>probationi·</strong></span> 
     </span>
     <span class='ocr_line' id='line_1_14' title="bbox 351 1645 1339 1724; baseline 0.001 -18"><span class='ocrx_word' id='word_1_104' title='bbox 351 1645 420 1722; x_wconf 89' lang='lat' dir='ltr'><strong>hus,</strong></span> <span class='ocrx_word' id='word_1_105' title='bbox 437 1645 534 1724; x_wconf 90' lang='lat' dir='ltr'><strong>plures</strong></span> <span class='ocrx_word' id='word_1_106' title='bbox 551 1653 615 1703; x_wconf 92' lang='lat' dir='ltr'><strong>sunt</strong></span> <span class='ocrx_word' id='word_1_107' title='bbox 631 1646 862 1723; x_wconf 90' lang='lat' dir='ltr'><strong>propositiones;</strong></span> <span class='ocrx_word' id='word_1_108' title='bbox 884 1646 908 1702; x_wconf 88' lang='lat' dir='ltr'><strong>si</strong></span> <span class='ocrx_word' id='word_1_109' title='bbox 923 1645 1142 1722; x_wconf 79' lang='lat' dir='ltr'><strong>coniungantur,</strong></span> <span class='ocrx_word' id='word_1_110' title='bbox 1164 1647 1192 1704; x_wconf 92' lang='lat' dir='ltr'><strong>in</strong></span> <span class='ocrx_word' id='word_1_111' title='bbox 1206 1649 1339 1724; x_wconf 78' lang='lat' dir='ltr'><strong>pertitio·</strong></span> 
     </span>
     <span class='ocr_line' id='line_1_15' title="bbox 350 1728 542 1789; baseline -0.026 0"><span class='ocrx_word' id='word_1_112' title='bbox 350 1748 415 1789; x_wconf 91' lang='lat' dir='ltr'><strong>nem</strong></span> <span class='ocrx_word' id='word_1_113' title='bbox 431 1728 542 1788; x_wconf 84' lang='lat' dir='ltr'><strong>cadunt.</strong></span> 
     </span>
    </p>

    <p class='ocr_par' dir='ltr' id='par_1_3' title="bbox 323 1806 1339 2542">
     <span class='ocr_line' id='line_1_16' title="bbox 323 1806 1337 1889; baseline 0.004 -19"><span class='ocrx_word' id='word_1_114' title='bbox 323 1825 341 1880; x_wconf 76' lang='lat'><strong>3</strong></span> <span class='ocrx_word' id='word_1_115' title='bbox 435 1811 487 1871; x_wconf 82' lang='lat' dir='ltr'><strong>Est</strong></span> <span class='ocrx_word' id='word_1_116' title='bbox 506 1819 534 1870; x_wconf 92' lang='lat' dir='ltr'><strong>et</strong></span> <span class='ocrx_word' id='word_1_117' title='bbox 549 1810 621 1869; x_wconf 82' lang='lat' dir='ltr'><strong>nuda</strong></span> <span class='ocrx_word' id='word_1_118' title='bbox 636 1811 813 1889; x_wconf 84' lang='lat' dir='ltr'><strong>propositio,</strong></span> <span class='ocrx_word' id='word_1_119' title='bbox 837 1810 928 1888; x_wconf 81' lang='lat' dir='ltr'><strong>qualis</strong></span> <span class='ocrx_word' id='word_1_120' title='bbox 949 1810 1012 1870; x_wconf 86' lang='lat' dir='ltr'><strong>iere</strong></span> <span class='ocrx_word' id='word_1_121' title='bbox 1032 1806 1060 1871; x_wconf 90' lang='lat' dir='ltr'><strong>in</strong></span> <span class='ocrx_word' id='word_1_122' title='bbox 1075 1812 1337 1874; x_wconf 76' lang='lat' dir='ltr'><strong>coniecturalibus:</strong></span> 
     </span>
     <span class='ocr_line' id='line_1_17' title="bbox 352 1893 1338 1973; baseline 0.002 -16"><span class='ocrx_word' id='word_1_123' title='bbox 352 1893 464 1957; x_wconf 80' lang='lat' dir='ltr'><strong>Caedis</strong></span> <span class='ocrx_word' id='word_1_124' title='bbox 485 1913 564 1973; x_wconf 80' lang='lat' dir='ltr'><strong>epo,·</strong></span> <span class='ocrx_word' id='word_1_125' title='bbox 583 1896 696 1972; x_wconf 68' lang='lat' dir='ltr'><strong>{ortum</strong></span> <span class='ocrx_word' id='word_1_126' title='bbox 717 1896 844 1963; x_wconf 64' lang='lat' dir='ltr'><strong>obiicim-</strong></span> <span class='ocrx_word' id='word_1_127' title='bbox 865 1893 910 1952; x_wconf 75' lang='lat' dir='ltr'><strong>est</strong></span> <span class='ocrx_word' id='word_1_128' title='bbox 929 1897 1038 1953; x_wconf 80' lang='lat' dir='ltr'><strong>ratione</strong></span> <span class='ocrx_word' id='word_1_129' title='bbox 1055 1895 1197 1970; x_wconf 78' lang='lat' dir='ltr'><strong>subiecto,</strong></span> <span class='ocrx_word' id='word_1_130' title='bbox 1221 1905 1252 1954; x_wconf 87' lang='lat' dir='ltr'><strong>ut</strong></span> <span class='ocrx_word' id='word_1_131' title='bbox 1267 1896 1338 1960; x_wconf 85' lang='lat' dir='ltr'><strong>Ma·</strong></span> 
     </span>
     <span class='ocr_line' id='line_1_18' title="bbox 348 1974 1339 2060; baseline 0 -18"><span class='ocrx_word' id='word_1_132' title='bbox 348 1983 484 2042; x_wconf 78' lang='lat' dir='ltr'><strong>ieetotent</strong></span> <span class='ocrx_word' id='word_1_133' title='bbox 506 1980 611 2039; x_wconf 80' lang='lat' dir='ltr'><strong>mitruit</strong></span> <span class='ocrx_word' id='word_1_134' title='bbox 631 1975 664 2037; x_wconf 86' lang='lat' dir='ltr'><strong>C.</strong></span> <span class='ocrx_word' id='word_1_135' title='bbox 679 1974 845 2054; x_wconf 64' lang='lat' dir='ltr'><strong>Cornelios,</strong></span> <span class='ocrx_word' id='word_1_136' title='bbox 867 1996 939 2038; x_wconf 85' lang='lat' dir='ltr'><strong>nant</strong></span> <span class='ocrx_word' id='word_1_137' title='bbox 958 1981 1093 2040; x_wconf 78' lang='lat' dir='ltr'><strong>codicem</strong></span> <span class='ocrx_word' id='word_1_138' title='bbox 1111 1980 1250 2040; x_wconf 67' lang='lat' dir='ltr'><strong>tribunus</strong></span> <span class='ocrx_word' id='word_1_139' title='bbox 1268 1985 1339 2060; x_wconf 84' lang='lat' dir='ltr'><strong>pte-</strong></span> 
     </span>
     <span class='ocr_line' id='line_1_19' title="bbox 350 2060 1337 2143; baseline -0.001 -18"><span class='ocrx_word' id='word_1_140' title='bbox 350 2065 396 2125; x_wconf 78' lang='lat' dir='ltr'><strong>tis</strong></span> <span class='ocrx_word' id='word_1_141' title='bbox 415 2065 482 2143; x_wconf 76' lang='lat' dir='ltr'><strong>ipse</strong></span> <span class='ocrx_word' id='word_1_142' title='bbox 500 2079 558 2139; x_wconf 83' lang='lat' dir='ltr'><strong>pro</strong></span> <span class='ocrx_word' id='word_1_143' title='bbox 578 2063 713 2126; x_wconf 75' lang='lat' dir='ltr'><strong>contione</strong></span> <span class='ocrx_word' id='word_1_144' title='bbox 734 2063 814 2140; x_wconf 79' lang='lat' dir='ltr'><strong>lepit.</strong></span> <span class='ocrx_word' id='word_1_145' title='bbox 850 2060 968 2121; x_wconf 80' lang='lat' dir='ltr'><strong>Praeter</strong></span> <span class='ocrx_word' id='word_1_146' title='bbox 987 2061 1059 2122; x_wconf 83' lang='lat' dir='ltr'><strong>haec</strong></span> <span class='ocrx_word' id='word_1_147' title='bbox 1078 2064 1180 2122; x_wconf 93' lang='lat' dir='ltr'><strong>utimur</strong></span> <span class='ocrx_word' id='word_1_148' title='bbox 1201 2067 1337 2142; x_wconf 89' lang='lat' dir='ltr'><strong>proposi·</strong></span> 
     </span>
     <span class='ocr_line' id='line_1_20' title="bbox 345 2143 1339 2223; baseline 0.002 -17"><span class='ocrx_word' id='word_1_149' title='bbox 345 2149 427 2207; x_wconf 85' lang='lat' dir='ltr'><strong>tione</strong></span> <span class='ocrx_word' id='word_1_150' title='bbox 442 2156 489 2206; x_wconf 84' lang='lat' dir='ltr'><strong>aut</strong></span> <span class='ocrx_word' id='word_1_151' title='bbox 503 2154 615 2222; x_wconf 80' lang='lat' dir='ltr'><strong>nostra,</strong></span> <span class='ocrx_word' id='word_1_152' title='bbox 637 2153 667 2204; x_wconf 89' lang='lat' dir='ltr'><strong>nt</strong></span> <span class='ocrx_word' id='word_1_153' title='bbox 688 2143 878 2206; x_wconf 72' lang='lat' dir='ltr'><strong>Adulterium</strong></span> <span class='ocrx_word' id='word_1_154' title='bbox 897 2146 1025 2214; x_wconf 65' lang='lat' dir='ltr'><strong>obiicim·</strong></span> <span class='ocrx_word' id='word_1_155' title='bbox 1045 2155 1091 2205; x_wconf 85' lang='lat' dir='ltr'><strong>aut</strong></span> <span class='ocrx_word' id='word_1_156' title='bbox 1112 2147 1284 2223; x_wconf 75' lang='lat' dir='ltr'><strong>adversarii,</strong></span> <span class='ocrx_word' id='word_1_157' title='bbox 1308 2158 1339 2208; x_wconf 89' lang='lat' dir='ltr'><strong>ut</strong></span> 
     </span>
     <span class='ocr_line' id='line_1_21' title="bbox 348 2228 1338 2307; baseline 0.002 -16"><span class='ocrx_word' id='word_1_158' title='bbox 348 2230 500 2293; x_wconf 64' lang='lat' dir='ltr'><strong>Adultctit&#39;</strong></span> <span class='ocrx_word' id='word_1_159' title='bbox 519 2249 635 2291; x_wconf 82' lang='lat' dir='ltr'><strong>mecum</strong></span> <span class='ocrx_word' id='word_1_160' title='bbox 654 2231 754 2307; x_wconf 76' lang='lat' dir='ltr'><strong>opiter</strong></span> <span class='ocrx_word' id='word_1_161' title='bbox 760 2251 774 2298; x_wconf 92' lang='lat'><strong>,·</strong></span> <span class='ocrx_word' id='word_1_162' title='bbox 795 2237 844 2288; x_wconf 81' lang='lat' dir='ltr'><strong>out</strong></span> <span class='ocrx_word' id='word_1_163' title='bbox 859 2230 1006 2303; x_wconf 87' lang='lat' dir='ltr'><strong>communi,</strong></span> <span class='ocrx_word' id='word_1_164' title='bbox 1028 2239 1058 2288; x_wconf 93' lang='lat' dir='ltr'><strong>ut</strong></span> <span class='ocrx_word' id='word_1_165' title='bbox 1072 2228 1157 2291; x_wconf 83' lang='lat' dir='ltr'><strong>Inter</strong></span> <span class='ocrx_word' id='word_1_166' title='bbox 1171 2249 1217 2290; x_wconf 86' lang='lat' dir='ltr'><strong>me</strong></span> <span class='ocrx_word' id='word_1_167' title='bbox 1238 2241 1268 2293; x_wconf 82' lang='lat' dir='ltr'><strong>et</strong></span> <span class='ocrx_word' id='word_1_168' title='bbox 1280 2233 1338 2293; x_wconf 86' lang='lat' dir='ltr'><strong>ad·</strong></span> 
     </span>
     <span class='ocr_line' id='line_1_22' title="bbox 347 2313 1337 2392; baseline -0.002 -17"><span class='ocrx_word' id='word_1_169' title='bbox 347 2316 518 2378; x_wconf 70' lang='lat' dir='ltr'><strong>versarium</strong></span> <span class='ocrx_word' id='word_1_170' title='bbox 538 2315 675 2391; x_wconf 81' lang='lat' dir='ltr'><strong>quaestio</strong></span> <span class='ocrx_word' id='word_1_171' title='bbox 695 2319 755 2387; x_wconf 84' lang='lat' dir='ltr'><strong>est,</strong></span> <span class='ocrx_word' id='word_1_172' title='bbox 777 2321 846 2373; x_wconf 84' lang='lat' dir='ltr'><strong>uter</strong></span> <span class='ocrx_word' id='word_1_173' title='bbox 866 2314 905 2372; x_wconf 78' lang='lat' dir='ltr'><strong>sit</strong></span> <span class='ocrx_word' id='word_1_174' title='bbox 924 2313 1064 2374; x_wconf 80' lang='lat' dir='ltr'><strong>intestato</strong></span> <span class='ocrx_word' id='word_1_175' title='bbox 1083 2316 1217 2392; x_wconf 83' lang='lat' dir='ltr'><strong>propior.</strong></span> <span class='ocrx_word' id='word_1_176' title='bbox 1258 2314 1337 2373; x_wconf 84' lang='lat' dir='ltr'><strong>Non·</strong></span> 
     </span>
     <span class='ocr_line' id='line_1_23' title="bbox 348 2393 1337 2476; baseline 0.002 -19"><span class='ocrx_word' id='word_1_177' title='bbox 348 2416 490 2476; x_wconf 84' lang='lat' dir='ltr'><strong>nunquam</strong></span> <span class='ocrx_word' id='word_1_178' title='bbox 504 2397 633 2455; x_wconf 82' lang='lat' dir='ltr'><strong>diversas</strong></span> <span class='ocrx_word' id='word_1_179' title='bbox 650 2413 764 2474; x_wconf 88' lang='lat' dir='ltr'><strong>quoque</strong></span> <span class='ocrx_word' id='word_1_180' title='bbox 779 2397 933 2472; x_wconf 77' lang='lat' dir='ltr'><strong>iungimus:</strong></span> <span class='ocrx_word' id='word_1_181' title='bbox 954 2393 1020 2475; x_wconf 79' lang='lat' dir='ltr'><strong>Epo</strong></span> <span class='ocrx_word' id='word_1_182' title='bbox 1039 2398 1096 2458; x_wconf 79' lang='lat' dir='ltr'><strong>doc</strong></span> <span class='ocrx_word' id='word_1_183' title='bbox 1116 2400 1199 2475; x_wconf 81' lang='lat' dir='ltr'><strong>dico,</strong></span> <span class='ocrx_word' id='word_1_184' title='bbox 1221 2400 1337 2475; x_wconf 80' lang='lat' dir='ltr'><strong>adoer-</strong></span> 
     </span>
     <span class='ocr_line' id='line_1_24' title="bbox 349 2481 537 2542; baseline -0.016 0"><span class='ocrx_word' id='word_1_185' title='bbox 349 2485 452 2542; x_wconf 67' lang='lat' dir='ltr'><strong>satius</strong></span> <span class='ocrx_word' id='word_1_186' title='bbox 473 2481 537 2540; x_wconf 82' lang='lat' dir='ltr'><strong>doc.</strong></span> 
     </span>
    </p>

    <p class='ocr_par' dir='ltr' id='par_1_4' title="bbox 321 2562 1338 3060">
     <span class='ocr_line' id='line_1_25' title="bbox 321 2562 1338 2641; baseline -0.002 -15"><span class='ocrx_word' id='word_1_187' title='bbox 321 2573 338 2626; x_wconf 85' lang='lat'>9</span> <span class='ocrx_word' id='word_1_188' title='bbox 430 2562 522 2622; x_wconf 87' lang='lat' dir='ltr'><strong>Habet</strong></span> <span class='ocrx_word' id='word_1_189' title='bbox 535 2564 647 2621; x_wconf 86' lang='lat' dir='ltr'><strong>interim</strong></span> <span class='ocrx_word' id='word_1_190' title='bbox 660 2563 715 2620; x_wconf 89' lang='lat' dir='ltr'><strong>vim</strong></span> <span class='ocrx_word' id='word_1_191' title='bbox 731 2564 954 2641; x_wconf 87' lang='lat' dir='ltr'><strong>propositionis,</strong></span> <span class='ocrx_word' id='word_1_192' title='bbox 978 2563 1087 2621; x_wconf 84' lang='lat' dir='ltr'><strong>etiamsi</strong></span> <span class='ocrx_word' id='word_1_193' title='bbox 1101 2581 1155 2640; x_wconf 90' lang='lat' dir='ltr'><strong>per</strong></span> <span class='ocrx_word' id='word_1_194' title='bbox 1169 2582 1201 2623; x_wconf 83' lang='lat' dir='ltr'><strong>se</strong></span> <span class='ocrx_word' id='word_1_195' title='bbox 1217 2582 1275 2623; x_wconf 93' lang='lat' dir='ltr'><strong>non</strong></span> <span class='ocrx_word' id='word_1_196' title='bbox 1291 2575 1338 2625; x_wconf 86' lang='lat' dir='ltr'><strong>est</strong></span> 
     </span>
     <span class='ocr_line' id='line_1_26' title="bbox 349 2646 1337 2727; baseline 0.004 -22"><span class='ocrx_word' id='word_1_197' title='bbox 349 2648 527 2727; x_wconf 90' lang='lat' dir='ltr'><strong>propositio,</strong></span> <span class='ocrx_word' id='word_1_198' title='bbox 550 2664 611 2705; x_wconf 89' lang='lat' dir='ltr'><strong>cum</strong></span> <span class='ocrx_word' id='word_1_199' title='bbox 635 2647 768 2722; x_wconf 88' lang='lat' dir='ltr'><strong>exposito</strong></span> <span class='ocrx_word' id='word_1_200' title='bbox 790 2663 885 2705; x_wconf 90' lang='lat' dir='ltr'><strong>rerum</strong></span> <span class='ocrx_word' id='word_1_201' title='bbox 909 2646 1009 2705; x_wconf 89' lang='lat' dir='ltr'><strong>ordine</strong></span> <span class='ocrx_word' id='word_1_202' title='bbox 1025 2646 1202 2706; x_wconf 86' lang='lat' dir='ltr'><strong>subiieimus:</strong></span> <span class='ocrx_word' id='word_1_203' title='bbox 1221 2647 1269 2708; x_wconf 84' lang='lat' dir='ltr'><strong>De</strong></span> <span class='ocrx_word' id='word_1_204' title='bbox 1289 2650 1337 2709; x_wconf 82' lang='lat' dir='ltr'><strong>dis</strong></span> 
     </span>
     <span class='ocr_line' id='line_1_27' title="bbox 349 2727 1335 2809; baseline -0.001 -18"><span class='ocrx_word' id='word_1_205' title='bbox 349 2730 549 2809; x_wconf 79' lang='lat' dir='ltr'><strong>copnoscitis;</strong></span> <span class='ocrx_word' id='word_1_206' title='bbox 566 2738 595 2787; x_wconf 90' lang='lat' dir='ltr'><strong>ut</strong></span> <span class='ocrx_word' id='word_1_207' title='bbox 612 2729 648 2786; x_wconf 90' lang='lat' dir='ltr'><strong>sit</strong></span> <span class='ocrx_word' id='word_1_208' title='bbox 662 2727 735 2787; x_wconf 82' lang='lat' dir='ltr'><strong>haec</strong></span> <span class='ocrx_word' id='word_1_209' title='bbox 750 2731 930 2788; x_wconf 85' lang='lat' dir='ltr'><strong>commonitio</strong></span> <span class='ocrx_word' id='word_1_210' title='bbox 945 2730 1057 2803; x_wconf 89' lang='lat' dir='ltr'><strong>iudicis,</strong></span> <span class='ocrx_word' id='word_1_211' title='bbox 1075 2747 1131 2807; x_wconf 87' lang='lat' dir='ltr'><strong>quo</strong></span> <span class='ocrx_word' id='word_1_212' title='bbox 1146 2748 1179 2789; x_wconf 92' lang='lat' dir='ltr'><strong>se</strong></span> <span class='ocrx_word' id='word_1_213' title='bbox 1197 2731 1231 2790; x_wconf 83' lang='lat' dir='ltr'><strong>ud</strong></span> <span class='ocrx_word' id='word_1_214' title='bbox 1247 2749 1335 2808; x_wconf 82' lang='lat' dir='ltr'><strong>quae·</strong></span> 
     </span>
     <span class='ocr_line' id='line_1_28' title="bbox 348 2812 1337 2890; baseline -0.001 -17"><span class='ocrx_word' id='word_1_215' title='bbox 348 2815 470 2873; x_wconf 88' lang='lat' dir='ltr'><strong>stionem</strong></span> <span class='ocrx_word' id='word_1_216' title='bbox 491 2815 585 2870; x_wconf 81' lang='lat' dir='ltr'><strong>uerius</strong></span> <span class='ocrx_word' id='word_1_217' title='bbox 604 2812 730 2870; x_wconf 83' lang='lat' dir='ltr'><strong>intendat</strong></span> <span class='ocrx_word' id='word_1_218' title='bbox 754 2821 783 2872; x_wconf 91' lang='lat' dir='ltr'><strong>et</strong></span> <span class='ocrx_word' id='word_1_219' title='bbox 802 2813 882 2872; x_wconf 87' lang='lat' dir='ltr'><strong>velut</strong></span> <span class='ocrx_word' id='word_1_220' title='bbox 905 2813 1025 2890; x_wconf 83' lang='lat' dir='ltr'><strong>quodam</strong></span> <span class='ocrx_word' id='word_1_221' title='bbox 1051 2821 1127 2873; x_wconf 85' lang='lat' dir='ltr'><strong>tactu</strong></span> <span class='ocrx_word' id='word_1_222' title='bbox 1147 2817 1337 2873; x_wconf 81' lang='lat' dir='ltr'><strong>resuscitatus</strong></span> 
     </span>
     <span class='ocr_line' id='line_1_29' title="bbox 349 2896 1337 2974; baseline 0 -18"><span class='ocrx_word' id='word_1_223' title='bbox 349 2898 432 2956; x_wconf 89' lang='lat' dir='ltr'><strong>finem</strong></span> <span class='ocrx_word' id='word_1_224' title='bbox 449 2914 515 2955; x_wconf 89' lang='lat' dir='ltr'><strong>esse</strong></span> <span class='ocrx_word' id='word_1_225' title='bbox 528 2897 705 2968; x_wconf 78' lang='lat' dir='ltr'><strong>narrationis,</strong></span> <span class='ocrx_word' id='word_1_226' title='bbox 721 2897 828 2956; x_wconf 91' lang='lat' dir='ltr'><strong>initium</strong></span> <span class='ocrx_word' id='word_1_227' title='bbox 840 2896 1017 2974; x_wconf 83' lang='lat' dir='ltr'><strong>probationis</strong></span> <span class='ocrx_word' id='word_1_228' title='bbox 1029 2898 1180 2974; x_wconf 82' lang='lat' dir='ltr'><strong>intelligat,</strong></span> <span class='ocrx_word' id='word_1_229' title='bbox 1198 2907 1236 2971; x_wconf 91' lang='lat' dir='ltr'><strong>et,</strong></span> <span class='ocrx_word' id='word_1_230' title='bbox 1252 2898 1337 2957; x_wconf 91' lang='lat' dir='ltr'><strong>nobis</strong></span> 
     </span>
     <span class='ocr_line' id='line_1_30' title="bbox 350 2979 1337 3060; baseline 0 -20"><span class='ocrx_word' id='word_1_231' title='bbox 350 2981 591 3040; x_wconf 83' lang='lat' dir='ltr'><strong>confirmationem</strong></span> <span class='ocrx_word' id='word_1_232' title='bbox 606 2979 841 3056; x_wconf 85' lang='lat' dir='ltr'><strong>ingredientibus,</strong></span> <span class='ocrx_word' id='word_1_233' title='bbox 856 2982 919 3060; x_wconf 91' lang='lat' dir='ltr'><strong>ipse</strong></span> <span class='ocrx_word' id='word_1_234' title='bbox 931 2997 1046 3058; x_wconf 89' lang='lat' dir='ltr'><strong>quoque</strong></span> <span class='ocrx_word' id='word_1_235' title='bbox 1060 2981 1267 3058; x_wconf 83' lang='lat' dir='ltr'><strong>quodammodo</strong></span> <span class='ocrx_word' id='word_1_236' title='bbox 1285 2999 1337 3040; x_wconf 92' lang='lat' dir='ltr'><strong>no·</strong></span> 
     </span>
    </p>
   </div>
   <div class='ocr_carea' id='block_1_3' title="bbox 348 3063 837 3154">
    <p class='ocr_par' dir='ltr' id='par_1_5' title="bbox 348 3063 837 3154">
     <span class='ocr_line' id='line_1_31' title="bbox 348 3063 837 3154; baseline -0.004 -31"><span class='ocrx_word' id='word_1_237' title='bbox 348 3083 414 3124; x_wconf 85' lang='lat' dir='ltr'><strong>vum</strong></span> <span class='ocrx_word' id='word_1_238' title='bbox 430 3063 560 3123; x_wconf 77' lang='lat' dir='ltr'><strong>audiendi</strong></span> <span class='ocrx_word' id='word_1_239' title='bbox 576 3072 667 3154; x_wconf 73' lang='lat' dir='ltr'><strong>sumat</strong></span> <span class='ocrx_word' id='word_1_240' title='bbox 680 3063 837 3122; x_wconf 81' lang='lat' dir='ltr'><strong>exordium.</strong></span> 
     </span>
    </p>
   </div>
   <div class='ocr_carea' id='block_1_4' title="bbox 713 3215 975 3266">
    <p class='ocr_par' dir='ltr' id='par_1_6' title="bbox 713 3215 975 3266">
     <span class='ocr_line' id='line_1_32' title="bbox 713 3215 975 3266; baseline 0.008 -2"><span class='ocrx_word' id='word_1_241' title='bbox 713 3215 755 3265; x_wconf 84' lang='lat' dir='ltr'><strong>DE</strong></span> <span class='ocrx_word' id='word_1_242' title='bbox 773 3216 975 3266; x_wconf 84' lang='lat' dir='ltr'><strong>PARTITIONE.</strong></span> 
     </span>
    </p>
   </div>
   <div class='ocr_carea' id='block_1_5' title="bbox 322 3311 1335 3808">
    <p class='ocr_par' dir='ltr' id='par_1_7' title="bbox 348 3311 1335 3637">
     <span class='ocr_line' id='line_1_33' title="bbox 430 3311 1335 3388; baseline -0.001 -17"><span class='ocrx_word' id='word_1_243' title='bbox 430 3311 466 3371; x_wconf 86' lang='lat' dir='ltr'><strong>V.</strong></span> <span class='ocrx_word' id='word_1_244' title='bbox 496 3312 653 3371; x_wconf 85' lang='lat' dir='ltr'><strong>Partitio</strong></span> <span class='ocrx_word' id='word_1_245' title='bbox 677 3320 721 3369; x_wconf 90' lang='lat' dir='ltr'><strong>est</strong></span> <span class='ocrx_word' id='word_1_246' title='bbox 742 3321 901 3371; x_wconf 83' lang='lat' dir='ltr'><strong>nostrarum</strong></span> <span class='ocrx_word' id='word_1_247' title='bbox 921 3321 969 3371; x_wconf 82' lang='lat' dir='ltr'><strong>aut</strong></span> <span class='ocrx_word' id='word_1_248' title='bbox 989 3311 1144 3370; x_wconf 80' lang='lat' dir='ltr'><strong>adversarii</strong></span> <span class='ocrx_word' id='word_1_249' title='bbox 1160 3312 1335 3388; x_wconf 91' lang='lat' dir='ltr'><strong>propositio·</strong></span> 
     </span>
     <span class='ocr_line' id='line_1_34' title="bbox 348 3393 1335 3472; baseline -0.002 -18"><span class='ocrx_word' id='word_1_250' title='bbox 348 3413 413 3454; x_wconf 91' lang='lat' dir='ltr'><strong>num</strong></span> <span class='ocrx_word' id='word_1_251' title='bbox 433 3404 480 3454; x_wconf 81' lang='lat' dir='ltr'><strong>aut</strong></span> <span class='ocrx_word' id='word_1_252' title='bbox 495 3404 675 3472; x_wconf 84' lang='lat' dir='ltr'><strong>utrarumque</strong></span> <span class='ocrx_word' id='word_1_253' title='bbox 693 3395 791 3453; x_wconf 89' lang='lat' dir='ltr'><strong>ordine</strong></span> <span class='ocrx_word' id='word_1_254' title='bbox 814 3395 956 3455; x_wconf 83' lang='lat' dir='ltr'><strong>collocato</strong></span> <span class='ocrx_word' id='word_1_255' title='bbox 971 3395 1155 3453; x_wconf 82' lang='lat' dir='ltr'><strong>enumeratio.</strong></span> <span class='ocrx_word' id='word_1_256' title='bbox 1191 3393 1252 3452; x_wconf 82' lang='lat' dir='ltr'><strong>Huc</strong></span> <span class='ocrx_word' id='word_1_257' title='bbox 1275 3395 1335 3471; x_wconf 89' lang='lat' dir='ltr'><strong>qui·</strong></span> 
     </span>
     <span class='ocr_line' id='line_1_35' title="bbox 350 3477 1335 3556; baseline -0.004 -18"><span class='ocrx_word' id='word_1_258' title='bbox 350 3480 413 3538; x_wconf 83' lang='lat' dir='ltr'><strong>dum</strong></span> <span class='ocrx_word' id='word_1_259' title='bbox 427 3478 560 3536; x_wconf 91' lang='lat' dir='ltr'><strong>utendum</strong></span> <span class='ocrx_word' id='word_1_260' title='bbox 575 3496 689 3556; x_wconf 89' lang='lat' dir='ltr'><strong>semper</strong></span> <span class='ocrx_word' id='word_1_261' title='bbox 709 3487 823 3555; x_wconf 82' lang='lat' dir='ltr'><strong>putant,</strong></span> <span class='ocrx_word' id='word_1_262' title='bbox 846 3479 922 3556; x_wconf 87' lang='lat' dir='ltr'><strong>quod</strong></span> <span class='ocrx_word' id='word_1_263' title='bbox 943 3497 977 3537; x_wconf 83' lang='lat' dir='ltr'><strong>ea</strong></span> <span class='ocrx_word' id='word_1_264' title='bbox 998 3478 1046 3536; x_wconf 82' lang='lat' dir='ltr'><strong>iiot</strong></span> <span class='ocrx_word' id='word_1_265' title='bbox 1068 3493 1154 3537; x_wconf 81' lang='lat' dir='ltr'><strong>causa</strong></span> <span class='ocrx_word' id='word_1_266' title='bbox 1169 3477 1291 3536; x_wconf 87' lang='lat' dir='ltr'><strong>lucidior</strong></span> <span class='ocrx_word' id='word_1_267' title='bbox 1306 3486 1335 3535; x_wconf 90' lang='lat' dir='ltr'><strong>et</strong></span> 
     </span>
     <span class='ocr_line' id='line_1_36' title="bbox 350 3561 1333 3637; baseline -0.004 -16"><span class='ocrx_word' id='word_1_268' title='bbox 350 3563 435 3621; x_wconf 83' lang='lat' dir='ltr'><strong>iudex</strong></span> <span class='ocrx_word' id='word_1_269' title='bbox 451 3564 584 3620; x_wconf 84' lang='lat' dir='ltr'><strong>attentior</strong></span> <span class='ocrx_word' id='word_1_270' title='bbox 599 3580 633 3621; x_wconf 84' lang='lat' dir='ltr'><strong>oo</strong></span> <span class='ocrx_word' id='word_1_271' title='bbox 648 3561 783 3636; x_wconf 86' lang='lat' dir='ltr'><strong>docilior,</strong></span> <span class='ocrx_word' id='word_1_272' title='bbox 807 3563 831 3619; x_wconf 94' lang='lat' dir='ltr'><strong>si</strong></span> <span class='ocrx_word' id='word_1_273' title='bbox 847 3563 960 3637; x_wconf 83' lang='lat' dir='ltr'><strong>scierit,</strong></span> <span class='ocrx_word' id='word_1_274' title='bbox 982 3571 1011 3621; x_wconf 89' lang='lat' dir='ltr'><strong>et</strong></span> <span class='ocrx_word' id='word_1_275' title='bbox 1032 3561 1068 3620; x_wconf 93' lang='lat' dir='ltr'><strong>de</strong></span> <span class='ocrx_word' id='word_1_276' title='bbox 1090 3577 1146 3637; x_wconf 91' lang='lat' dir='ltr'><strong>quo</strong></span> <span class='ocrx_word' id='word_1_277' title='bbox 1170 3561 1288 3619; x_wconf 89' lang='lat' dir='ltr'><strong>dicimus</strong></span> <span class='ocrx_word' id='word_1_278' title='bbox 1305 3568 1333 3617; x_wconf 89' lang='lat' dir='ltr'><strong>et</strong></span> 
     </span>
    </p>

    <p class='ocr_par' dir='ltr' id='par_1_8' title="bbox 322 3635 1335 3808">
     <span class='ocr_line' id='line_1_37' title="bbox 322 3635 1333 3723; baseline -0.008 -15"><span class='ocrx_word' id='word_1_279' title='bbox 322 3646 388 3709; x_wconf 65' lang='lat' dir='ltr'><strong>ide</strong></span> <span class='ocrx_word' id='word_1_280' title='bbox 403 3662 458 3722; x_wconf 90' lang='lat' dir='ltr'><strong>quo</strong></span> <span class='ocrx_word' id='word_1_281' title='bbox 474 3645 574 3703; x_wconf 86' lang='lat' dir='ltr'><strong>dicturi</strong></span> <span class='ocrx_word' id='word_1_282' title='bbox 591 3635 692 3721; x_wconf 70' lang='lat' dir='ltr'><strong>posteri</strong></span> <span class='ocrx_word' id='word_1_283' title='bbox 707 3646 803 3703; x_wconf 87' lang='lat' dir='ltr'><strong>simus.</strong></span> <span class='ocrx_word' id='word_1_284' title='bbox 841 3643 950 3704; x_wconf 87' lang='lat' dir='ltr'><strong>Rursus</strong></span> <span class='ocrx_word' id='word_1_285' title='bbox 971 3645 1081 3723; x_wconf 81' lang='lat' dir='ltr'><strong>quidum</strong></span> <span class='ocrx_word' id='word_1_286' title='bbox 1097 3644 1290 3721; x_wconf 87' lang='lat' dir='ltr'><strong>periculosum</strong></span> <span class='ocrx_word' id='word_1_287' title='bbox 1305 3641 1333 3700; x_wconf 89' lang='lat' dir='ltr'><strong>id</strong></span> 
     </span>
     <span class='ocr_line' id='line_1_38' title="bbox 351 3726 1335 3808; baseline -0.004 -18"><span class='ocrx_word' id='word_1_288' title='bbox 351 3730 458 3790; x_wconf 83' lang='lat' dir='ltr'><strong>oratori</strong></span> <span class='ocrx_word' id='word_1_289' title='bbox 478 3727 646 3789; x_wconf 84' lang='lat' dir='ltr'><strong>arbitrantur</strong></span> <span class='ocrx_word' id='word_1_290' title='bbox 668 3726 775 3788; x_wconf 76' lang='lat' dir='ltr'><strong>duabus</strong></span> <span class='ocrx_word' id='word_1_291' title='bbox 798 3745 835 3788; x_wconf 86' lang='lat' dir='ltr'><strong>ex</strong></span> <span class='ocrx_word' id='word_1_292' title='bbox 855 3730 965 3790; x_wconf 80' lang='lat' dir='ltr'><strong>oensis:</strong></span> <span class='ocrx_word' id='word_1_293' title='bbox 991 3728 1067 3808; x_wconf 84' lang='lat' dir='ltr'><strong>quod</strong></span> <span class='ocrx_word' id='word_1_294' title='bbox 1087 3744 1284 3806; x_wconf 80' lang='lat' dir='ltr'><strong>nonnunquam</strong></span> <span class='ocrx_word' id='word_1_295' title='bbox 1304 3732 1335 3786; x_wconf 85' lang='lat' dir='ltr'><strong>et</strong></span> 
     </span>
    </p>
   </div>
   <div class='ocr_carea' id='block_1_6' title="bbox 273 3850 309 3896">
    <p class='ocr_par' dir='ltr' id='par_1_9' title="bbox 273 3850 309 3896">
     <span class='ocr_line' id='line_1_39' title="bbox 273 3850 309 3896; baseline 0 0"><span class='ocrx_word' id='word_1_296' title='bbox 273 3850 309 3896; x_wconf 71' lang='lat' dir='ltr'><strong>h.</strong></span> 
     </span>
    </p>
   </div>
   <div class='ocr_carea' id='block_1_7' title="bbox 0 0 1596 4409">
    <p class='ocr_par' dir='ltr' id='par_1_10' title="bbox 0 0 1596 4409">
     <span class='ocr_line' id='line_1_40' title="bbox 0 0 1596 4409; baseline 0 0"><span class='ocrx_word' id='word_1_297' title='bbox 0 0 1596 4409; x_wconf 95' lang='lat' dir='ltr'><strong> </strong></span> 
     </span>
    </p>
   </div>
  </div>
 </body>
</html>
