<?xml version="1.0" encoding="UTF-8"?>
<!DOCTYPE html PUBLIC "-//W3C//DTD XHTML 1.0 Transitional//EN"
    "http://www.w3.org/TR/xhtml1/DTD/xhtml1-transitional.dtd">
<html xmlns="http://www.w3.org/1999/xhtml" xml:lang="en" lang="en">
 <head>
  <title>
</title>
<meta http-equiv="Content-Type" content="text/html;charset=utf-8" />
  <meta name='ocr-system' content='tesseract 3.04.00' />
  <meta name='ocr-capabilities' content='ocr_page ocr_carea ocr_par ocr_line ocrx_word'/>
</head>
<body>
  <div class='ocr_page' id='page_1' title='image "./mfabiiquintilia02quingoog_0419.png"; bbox 0 0 3184 4409; ppageno 0'>
   <div class='ocr_carea' id='block_1_1' title="bbox 545 458 1257 535">
    <p class='ocr_par' dir='ltr' id='par_1_1' title="bbox 545 458 1257 535">
     <span class='ocr_line' id='line_1_1' title="bbox 545 458 1257 535; baseline 0.006 -21"><span class='ocrx_word' id='word_1_1' title='bbox 545 466 634 517; x_wconf 80' lang='lat' dir='ltr'><strong>lusu.</strong></span> <span class='ocrx_word' id='word_1_2' title='bbox 648 469 795 516; x_wconf 77' lang='lat' dir='ltr'><strong>ouuron.</strong></span> <span class='ocrx_word' id='word_1_3' title='bbox 808 471 876 515; x_wconf 81' lang='lat' dir='ltr'><strong>nro.</strong></span> <span class='ocrx_word' id='word_1_4' title='bbox 890 470 941 535; x_wconf 77' lang='lat' dir='ltr'><strong>ru,</strong></span> <span class='ocrx_word' id='word_1_5' title='bbox 953 467 979 517; x_wconf 84' lang='grc' dir='ltr'><strong>ι.</strong></span> <span class='ocrx_word' id='word_1_6' title='bbox 1116 467 1119 471; x_wconf 71' lang='grc'>’</span> <span class='ocrx_word' id='word_1_7' title='bbox 1217 458 1257 518; x_wconf 85' lang='grc'><strong>87</strong></span> 
     </span>
    </p>
   </div>
   <div class='ocr_carea' id='block_1_2' title="bbox 258 622 1359 3801">
    <p class='ocr_par' dir='ltr' id='par_1_2' title="bbox 258 622 1291 1456">
     <span class='ocr_line' id='line_1_2' title="bbox 258 622 1268 702; baseline -0.003 -17"><span class='ocrx_word' id='word_1_8' title='bbox 258 626 354 702; x_wconf 87' lang='lat' dir='ltr'><strong>tropis</strong></span> <span class='ocrx_word' id='word_1_9' title='bbox 374 623 528 700; x_wconf 79' lang='lat' dir='ltr'><strong>figurarum</strong></span> <span class='ocrx_word' id='word_1_10' title='bbox 553 641 657 682; x_wconf 91' lang='lat' dir='ltr'><strong>nomen</strong></span> <span class='ocrx_word' id='word_1_11' title='bbox 679 623 840 700; x_wconf 72' lang='lat' dir='ltr'>imponant,</span> <span class='ocrx_word' id='word_1_12' title='bbox 871 640 990 700; x_wconf 92' lang='lat' dir='ltr'><strong>quorum</strong></span> <span class='ocrx_word' id='word_1_13' title='bbox 1013 632 1056 683; x_wconf 91' lang='lat' dir='ltr'><strong>est</strong></span> <span class='ocrx_word' id='word_1_14' title='bbox 1075 622 1107 682; x_wconf 87' lang='lat' dir='ltr'><strong>C.</strong></span> <span class='ocrx_word' id='word_1_15' title='bbox 1124 624 1268 682; x_wconf 78' lang='lat' dir='ltr'><strong>Artorius</strong></span> 
     </span>
     <span class='ocr_line' id='line_1_3' title="bbox 261 707 1291 781; baseline -0.002 -13"><span class='ocrx_word' id='word_1_16' title='bbox 261 707 413 769; x_wconf 88' lang='lat' dir='ltr'><strong>Proculus</strong></span> <span class='ocrx_word' id='word_1_17' title='bbox 440 707 514 779; x_wconf 84' lang='lat' dir='ltr'><strong>Quin</strong></span> <span class='ocrx_word' id='word_1_18' title='bbox 529 708 602 768; x_wconf 89' lang='lat' dir='ltr'><strong>adeo</strong></span> <span class='ocrx_word' id='word_1_19' title='bbox 618 707 771 765; x_wconf 82' lang='lat' dir='ltr'>similitudo</span> <span class='ocrx_word' id='word_1_20' title='bbox 789 707 939 765; x_wconf 87' lang='lat' dir='ltr'><strong>manifesta</strong></span> <span class='ocrx_word' id='word_1_21' title='bbox 955 717 1014 781; x_wconf 89' lang='lat' dir='ltr'><strong>est,</strong></span> <span class='ocrx_word' id='word_1_22' title='bbox 1030 717 1061 766; x_wconf 93' lang='lat' dir='ltr'><strong>ut</strong></span> <span class='ocrx_word' id='word_1_23' title='bbox 1074 726 1135 766; x_wconf 86' lang='lat' dir='ltr'><strong>eam</strong></span> <span class='ocrx_word' id='word_1_24' title='bbox 1149 709 1257 766; x_wconf 90' lang='lat' dir='ltr'><strong>discer·</strong></span> <span class='ocrx_word' id='word_1_25' title='bbox 1273 727 1291 778; x_wconf 83' lang='lat'><strong>3</strong></span> 
     </span>
     <span class='ocr_line' id='line_1_4' title="bbox 260 790 1258 869; baseline 0 -19"><span class='ocrx_word' id='word_1_26' title='bbox 260 810 333 851; x_wconf 90' lang='lat' dir='ltr'><strong>nere</strong></span> <span class='ocrx_word' id='word_1_27' title='bbox 353 808 410 849; x_wconf 93' lang='lat' dir='ltr'><strong>non</strong></span> <span class='ocrx_word' id='word_1_28' title='bbox 433 793 470 849; x_wconf 90' lang='lat' dir='ltr'><strong>sit</strong></span> <span class='ocrx_word' id='word_1_29' title='bbox 493 795 685 869; x_wconf 89' lang='lat' dir='ltr'><strong>inpromptu.</strong></span> <span class='ocrx_word' id='word_1_30' title='bbox 729 790 800 848; x_wconf 88' lang='lat' dir='ltr'><strong>Nam</strong></span> <span class='ocrx_word' id='word_1_31' title='bbox 822 808 878 866; x_wconf 92' lang='lat' dir='ltr'><strong>quo</strong></span> <span class='ocrx_word' id='word_1_32' title='bbox 900 792 986 850; x_wconf 89' lang='lat' dir='ltr'><strong>modo</strong></span> <span class='ocrx_word' id='word_1_33' title='bbox 1005 792 1173 868; x_wconf 81' lang='lat' dir='ltr'><strong>quaedam</strong></span> <span class='ocrx_word' id='word_1_34' title='bbox 1164 810 1193 849; x_wconf 93' lang='lat' dir='ltr'><strong>m</strong></span> <span class='ocrx_word' id='word_1_35' title='bbox 1213 792 1258 851; x_wconf 87' lang='lat' dir='ltr'><strong>his</strong></span> 
     </span>
     <span class='ocr_line' id='line_1_5' title="bbox 263 874 1257 958; baseline 0 -24"><span class='ocrx_word' id='word_1_36' title='bbox 263 877 381 954; x_wconf 88' lang='lat' dir='ltr'><strong>species</strong></span> <span class='ocrx_word' id='word_1_37' title='bbox 399 875 484 953; x_wconf 90' lang='lat' dir='ltr'><strong>plane</strong></span> <span class='ocrx_word' id='word_1_38' title='bbox 501 877 620 951; x_wconf 89' lang='lat' dir='ltr'><strong>distant,</strong></span> <span class='ocrx_word' id='word_1_39' title='bbox 636 883 767 932; x_wconf 90' lang='lat' dir='ltr'><strong>manente</strong></span> <span class='ocrx_word' id='word_1_40' title='bbox 783 883 877 933; x_wconf 90' lang='lat' dir='ltr'><strong>tamen</strong></span> <span class='ocrx_word' id='word_1_41' title='bbox 892 874 1023 950; x_wconf 84' lang='lat' dir='ltr'><strong>generali</strong></span> <span class='ocrx_word' id='word_1_42' title='bbox 1038 875 1088 934; x_wconf 93' lang='lat' dir='ltr'><strong>illa</strong></span> <span class='ocrx_word' id='word_1_43' title='bbox 1105 877 1257 958; x_wconf 84' lang='lat' dir='ltr'><strong>societate,</strong></span> 
     </span>
     <span class='ocr_line' id='line_1_6' title="bbox 262 952 1257 1038; baseline -0.001 -20"><span class='ocrx_word' id='word_1_44' title='bbox 262 960 340 1038; x_wconf 91' lang='lat' dir='ltr'><strong>quod</strong></span> <span class='ocrx_word' id='word_1_45' title='bbox 362 968 487 1035; x_wconf 88' lang='lat' dir='ltr'><strong>utraque</strong></span> <span class='ocrx_word' id='word_1_46' title='bbox 498 978 545 1018; x_wconf 89' lang='lat' dir='ltr'><strong>res</strong></span> <span class='ocrx_word' id='word_1_47' title='bbox 571 977 587 1018; x_wconf 92' lang='lat' dir='ltr'><strong>a</strong></span> <span class='ocrx_word' id='word_1_48' title='bbox 606 967 686 1017; x_wconf 89' lang='lat' dir='ltr'><strong>recta</strong></span> <span class='ocrx_word' id='word_1_49' title='bbox 704 967 731 1016; x_wconf 90' lang='lat' dir='ltr'><strong>et</strong></span> <span class='ocrx_word' id='word_1_50' title='bbox 752 958 876 1035; x_wconf 79' lang='lat' dir='ltr'>simplici</span> <span class='ocrx_word' id='word_1_51' title='bbox 896 961 1006 1016; x_wconf 90' lang='lat' dir='ltr'><strong>ratione</strong></span> <span class='ocrx_word' id='word_1_52' title='bbox 1025 977 1088 1016; x_wconf 89' lang='lat' dir='ltr'><strong>cum</strong></span> <span class='ocrx_word' id='word_1_53' title='bbox 1106 952 1199 1035; x_wconf 83' lang='lat' dir='ltr'><strong>aliqua</strong></span> <span class='ocrx_word' id='word_1_54' title='bbox 1218 961 1257 1019; x_wconf 96' lang='lat' dir='ltr'><strong>di·</strong></span> 
     </span>
     <span class='ocr_line' id='line_1_7' title="bbox 264 1042 1258 1121; baseline -0.004 -17"><span class='ocrx_word' id='word_1_55' title='bbox 264 1044 347 1104; x_wconf 90' lang='lat' dir='ltr'><strong>cendi</strong></span> <span class='ocrx_word' id='word_1_56' title='bbox 370 1046 474 1102; x_wconf 86' lang='lat' dir='ltr'><strong>virtute</strong></span> <span class='ocrx_word' id='word_1_57' title='bbox 498 1043 673 1103; x_wconf 87' lang='lat' dir='ltr'><strong>deflectitur:</strong></span> <span class='ocrx_word' id='word_1_58' title='bbox 700 1043 740 1099; x_wconf 91' lang='lat' dir='ltr'><strong>ita</strong></span> <span class='ocrx_word' id='word_1_59' title='bbox 756 1042 895 1119; x_wconf 83' lang='lat' dir='ltr'><strong>quaedam</strong></span> <span class='ocrx_word' id='word_1_60' title='bbox 910 1060 1048 1121; x_wconf 83' lang='lat' dir='ltr'><strong>perquam</strong></span> <span class='ocrx_word' id='word_1_61' title='bbox 1072 1044 1148 1100; x_wconf 90' lang='lat' dir='ltr'><strong>tenui</strong></span> <span class='ocrx_word' id='word_1_62' title='bbox 1171 1042 1258 1101; x_wconf 91' lang='lat' dir='ltr'><strong>limite</strong></span> 
     </span>
     <span class='ocr_line' id='line_1_8' title="bbox 262 1126 1258 1225; baseline -0.004 -38"><span class='ocrx_word' id='word_1_63' title='bbox 262 1128 440 1201; x_wconf 85' lang='lat' dir='ltr'><strong>dividuntur,</strong></span> <span class='ocrx_word' id='word_1_64' title='bbox 463 1136 493 1185; x_wconf 94' lang='lat' dir='ltr'><strong>ut</strong></span> <span class='ocrx_word' id='word_1_65' title='bbox 512 1145 575 1186; x_wconf 93' lang='lat' dir='ltr'><strong>cum</strong></span> <span class='ocrx_word' id='word_1_66' title='bbox 596 1127 686 1184; x_wconf 90' lang='lat' dir='ltr'><strong>ironia</strong></span> <span class='ocrx_word' id='word_1_67' title='bbox 704 1133 760 1183; x_wconf 94' lang='lat' dir='ltr'><strong>tam</strong></span> <span class='ocrx_word' id='word_1_68' title='bbox 782 1128 855 1183; x_wconf 91' lang='lat' dir='ltr'><strong>iuter</strong></span> <span class='ocrx_word' id='word_1_69' title='bbox 877 1126 982 1201; x_wconf 86' lang='lat' dir='ltr'><strong>figuras</strong></span> <span class='ocrx_word' id='word_1_70' title='bbox 999 1129 1158 1184; x_wconf 88' lang='lat' dir='ltr'><strong>sententiae</strong></span> <span class='ocrx_word' id='word_1_71' title='bbox 1176 1144 1258 1225; x_wconf 88' lang='lat' dir='ltr'><strong>quam</strong></span> 
     </span>
     <span class='ocr_line' id='line_1_9' title="bbox 261 1202 1258 1312; baseline -0.004 -41"><span class='ocrx_word' id='word_1_72' title='bbox 261 1215 338 1312; x_wconf 64' lang='lat' dir='ltr'><strong>inter</strong></span> <span class='ocrx_word' id='word_1_73' title='bbox 355 1220 455 1288; x_wconf 89' lang='lat' dir='ltr'><strong>tropos</strong></span> <span class='ocrx_word' id='word_1_74' title='bbox 476 1210 653 1288; x_wconf 78' lang='lat' dir='ltr'><strong>reperiatur,</strong></span> <span class='ocrx_word' id='word_1_75' title='bbox 678 1209 855 1287; x_wconf 77' lang='grc' dir='ltr'><strong><em>περίφρασιν</em></strong></span> <span class='ocrx_word' id='word_1_76' title='bbox 877 1219 970 1268; x_wconf 89' lang='lat' dir='ltr'><strong>autem</strong></span> <span class='ocrx_word' id='word_1_77' title='bbox 993 1219 1021 1268; x_wconf 89' lang='lat' dir='ltr'><strong>et</strong></span> <span class='ocrx_word' id='word_1_78' title='bbox 1044 1202 1209 1287; x_wconf 75' lang='grc' dir='ltr'><strong><em>ὑπερβατὸν</em></strong></span> <span class='ocrx_word' id='word_1_79' title='bbox 1230 1216 1258 1268; x_wconf 90' lang='lat' dir='ltr'><strong>et</strong></span> 
     </span>
     <span class='ocr_line' id='line_1_10' title="bbox 262 1287 1258 1372; baseline -0.006 -16"><span class='ocrx_word' id='word_1_80' title='bbox 262 1287 489 1371; x_wconf 82' lang='grc' dir='ltr'>ὄνοματοποιιιιν</span> <span class='ocrx_word' id='word_1_81' title='bbox 504 1295 574 1353; x_wconf 90' lang='lat' dir='ltr'><strong>clari</strong></span> <span class='ocrx_word' id='word_1_82' title='bbox 590 1310 704 1372; x_wconf 91' lang='lat' dir='ltr'><strong>quoque</strong></span> <span class='ocrx_word' id='word_1_83' title='bbox 722 1302 856 1351; x_wconf 82' lang='lat' dir='ltr'><strong>auctores</strong></span> <span class='ocrx_word' id='word_1_84' title='bbox 872 1293 978 1369; x_wconf 84' lang='lat' dir='ltr'><strong>figuras</strong></span> <span class='ocrx_word' id='word_1_85' title='bbox 993 1293 1147 1352; x_wconf 87' lang='lat' dir='ltr'><strong>verborum</strong></span> <span class='ocrx_word' id='word_1_86' title='bbox 1163 1294 1258 1372; x_wconf 89' lang='lat' dir='ltr'><strong>potius</strong></span> 
     </span>
     <span class='ocr_line' id='line_1_11' title="bbox 263 1378 612 1456; baseline -0.009 -18"><span class='ocrx_word' id='word_1_87' title='bbox 263 1397 348 1456; x_wconf 89' lang='lat' dir='ltr'><strong>quam</strong></span> <span class='ocrx_word' id='word_1_88' title='bbox 363 1388 464 1456; x_wconf 89' lang='lat' dir='ltr'><strong>tropos</strong></span> <span class='ocrx_word' id='word_1_89' title='bbox 480 1378 612 1438; x_wconf 84' lang='lat' dir='ltr'><strong>dixerim.</strong></span> 
     </span>
    </p>

    <p class='ocr_par' dir='ltr' id='par_1_3' title="bbox 261 1458 1359 3801">
     <span class='ocr_line' id='line_1_12' title="bbox 348 1458 1287 1539; baseline -0.006 -19"><span class='ocrx_word' id='word_1_90' title='bbox 348 1461 412 1535; x_wconf 83' lang='lat' dir='ltr'><strong>Quo</strong></span> <span class='ocrx_word' id='word_1_91' title='bbox 433 1464 524 1538; x_wconf 86' lang='lat' dir='ltr'><strong>magis</strong></span> <span class='ocrx_word' id='word_1_92' title='bbox 547 1461 685 1539; x_wconf 85' lang='lat' dir='ltr'><strong>signanda</strong></span> <span class='ocrx_word' id='word_1_93' title='bbox 701 1469 745 1519; x_wconf 92' lang='lat' dir='ltr'><strong>est</strong></span> <span class='ocrx_word' id='word_1_94' title='bbox 760 1463 908 1537; x_wconf 93' lang='lat' dir='ltr'><strong>utriusque</strong></span> <span class='ocrx_word' id='word_1_95' title='bbox 930 1463 973 1520; x_wconf 92' lang='lat' dir='ltr'><strong>rei</strong></span> <span class='ocrx_word' id='word_1_96' title='bbox 994 1462 1162 1521; x_wconf 81' lang='lat' dir='ltr'><strong>differentia.</strong></span> <span class='ocrx_word' id='word_1_97' title='bbox 1206 1458 1287 1520; x_wconf 83' lang='lat' dir='ltr'><strong>ttsr4</strong></span> 
     </span>
     <span class='ocr_line' id='line_1_13' title="bbox 261 1545 1259 1624; baseline 0.001 -20"><span class='ocrx_word' id='word_1_98' title='bbox 261 1546 348 1624; x_wconf 84' lang='lat' dir='ltr'><strong>igitur</strong></span> <span class='ocrx_word' id='word_1_99' title='bbox 372 1555 502 1623; x_wconf 88' lang='lat' dir='ltr'><strong>tropos</strong></span> <span class='ocrx_word' id='word_1_100' title='bbox 528 1563 623 1604; x_wconf 82' lang='lat' dir='ltr'><strong>sermo</strong></span> <span class='ocrx_word' id='word_1_101' title='bbox 648 1563 664 1602; x_wconf 89' lang='lat' dir='ltr'><strong>a</strong></span> <span class='ocrx_word' id='word_1_102' title='bbox 684 1546 804 1603; x_wconf 86' lang='lat' dir='ltr'><strong>naturali</strong></span> <span class='ocrx_word' id='word_1_103' title='bbox 826 1553 855 1603; x_wconf 93' lang='lat' dir='ltr'><strong>et</strong></span> <span class='ocrx_word' id='word_1_104' title='bbox 875 1546 1027 1622; x_wconf 89' lang='lat' dir='ltr'><strong>principali</strong></span> <span class='ocrx_word' id='word_1_105' title='bbox 1049 1545 1259 1621; x_wconf 86' lang='lat' dir='ltr'><strong>significatione</strong></span> 
     </span>
     <span class='ocr_line' id='line_1_14' title="bbox 262 1628 1258 1707; baseline -0.002 -17"><span class='ocrx_word' id='word_1_106' title='bbox 262 1629 417 1690; x_wconf 89' lang='lat' dir='ltr'><strong>translatus</strong></span> <span class='ocrx_word' id='word_1_107' title='bbox 430 1630 464 1688; x_wconf 88' lang='lat' dir='ltr'><strong>ad</strong></span> <span class='ocrx_word' id='word_1_108' title='bbox 476 1629 560 1689; x_wconf 90' lang='lat' dir='ltr'><strong>aliam</strong></span> <span class='ocrx_word' id='word_1_109' title='bbox 572 1628 715 1688; x_wconf 88' lang='lat' dir='ltr'><strong>ornandae</strong></span> <span class='ocrx_word' id='word_1_110' title='bbox 730 1630 866 1690; x_wconf 89' lang='lat' dir='ltr'><strong>orationis</strong></span> <span class='ocrx_word' id='word_1_111' title='bbox 878 1630 985 1704; x_wconf 84' lang='lat' dir='ltr'><strong>gratia,</strong></span> <span class='ocrx_word' id='word_1_112' title='bbox 1001 1629 1066 1705; x_wconf 92' lang='lat' dir='ltr'><strong>vel,</strong></span> <span class='ocrx_word' id='word_1_113' title='bbox 1083 1638 1113 1687; x_wconf 94' lang='lat' dir='ltr'><strong>ut</strong></span> <span class='ocrx_word' id='word_1_114' title='bbox 1126 1628 1258 1707; x_wconf 85' lang='lat' dir='ltr'><strong>plerique</strong></span> 
     </span>
     <span class='ocr_line' id='line_1_15' title="bbox 262 1711 1258 1792; baseline 0.001 -21"><span class='ocrx_word' id='word_1_115' title='bbox 262 1715 439 1792; x_wconf 80' lang='lat' dir='ltr'><strong>grammatici</strong></span> <span class='ocrx_word' id='word_1_116' title='bbox 459 1714 572 1787; x_wconf 88' lang='lat' dir='ltr'><strong>liniunt,</strong></span> <span class='ocrx_word' id='word_1_117' title='bbox 602 1713 689 1772; x_wconf 92' lang='lat' dir='ltr'><strong>dictio</strong></span> <span class='ocrx_word' id='word_1_118' title='bbox 711 1711 746 1771; x_wconf 92' lang='lat' dir='ltr'><strong>ab</strong></span> <span class='ocrx_word' id='word_1_119' title='bbox 768 1731 804 1770; x_wconf 93' lang='lat' dir='ltr'><strong>eo</strong></span> <span class='ocrx_word' id='word_1_120' title='bbox 826 1712 908 1788; x_wconf 87' lang='lat' dir='ltr'><strong>loco,</strong></span> <span class='ocrx_word' id='word_1_121' title='bbox 939 1715 965 1771; x_wconf 92' lang='lat' dir='ltr'><strong>in</strong></span> <span class='ocrx_word' id='word_1_122' title='bbox 987 1730 1043 1790; x_wconf 94' lang='lat' dir='ltr'><strong>quo</strong></span> <span class='ocrx_word' id='word_1_123' title='bbox 1062 1715 1178 1791; x_wconf 92' lang='lat' dir='ltr'><strong>propria</strong></span> <span class='ocrx_word' id='word_1_124' title='bbox 1202 1722 1258 1789; x_wconf 91' lang='lat' dir='ltr'><strong>est,</strong></span> 
     </span>
     <span class='ocr_line' id='line_1_16' title="bbox 261 1796 1258 1877; baseline -0.001 -20"><span class='ocrx_word' id='word_1_125' title='bbox 261 1796 398 1857; x_wconf 87' lang='lat' dir='ltr'><strong>translata</strong></span> <span class='ocrx_word' id='word_1_126' title='bbox 413 1798 442 1856; x_wconf 94' lang='lat' dir='ltr'><strong>iu</strong></span> <span class='ocrx_word' id='word_1_127' title='bbox 456 1816 536 1872; x_wconf 91' lang='lat' dir='ltr'><strong>eum,</strong></span> <span class='ocrx_word' id='word_1_128' title='bbox 550 1798 579 1854; x_wconf 91' lang='lat' dir='ltr'><strong>in</strong></span> <span class='ocrx_word' id='word_1_129' title='bbox 595 1812 651 1874; x_wconf 91' lang='lat' dir='ltr'><strong>quo</strong></span> <span class='ocrx_word' id='word_1_130' title='bbox 670 1798 787 1874; x_wconf 90' lang='lat' dir='ltr'><strong>propria</strong></span> <span class='ocrx_word' id='word_1_131' title='bbox 803 1813 858 1854; x_wconf 92' lang='lat' dir='ltr'><strong>nou</strong></span> <span class='ocrx_word' id='word_1_132' title='bbox 876 1805 935 1864; x_wconf 89' lang='lat' dir='ltr'><strong>est;</strong></span> <span class='ocrx_word' id='word_1_133' title='bbox 961 1797 1095 1873; x_wconf 84' lang='lat' dir='ltr'><strong>figura,</strong></span> <span class='ocrx_word' id='word_1_134' title='bbox 1118 1799 1193 1877; x_wconf 83' lang='lat' dir='ltr'><strong>sicut</strong></span> <span class='ocrx_word' id='word_1_135' title='bbox 1203 1813 1258 1874; x_wconf 80' lang='lat' dir='ltr'><strong>no·</strong></span> 
     </span>
     <span class='ocr_line' id='line_1_17' title="bbox 263 1880 1259 1978; baseline -0.001 -38"><span class='ocrx_word' id='word_1_136' title='bbox 263 1884 338 1940; x_wconf 90' lang='lat' dir='ltr'><strong>mine</strong></span> <span class='ocrx_word' id='word_1_137' title='bbox 358 1882 421 1957; x_wconf 92' lang='lat' dir='ltr'><strong>ipso</strong></span> <span class='ocrx_word' id='word_1_138' title='bbox 437 1890 534 1958; x_wconf 89' lang='lat' dir='ltr'><strong>patet,</strong></span> <span class='ocrx_word' id='word_1_139' title='bbox 552 1881 740 1939; x_wconf 84' lang='lat' dir='ltr'><strong>conformatio</strong></span> <span class='ocrx_word' id='word_1_140' title='bbox 757 1880 895 1978; x_wconf 87' lang='lat' dir='ltr'><strong>quaedam</strong></span> <span class='ocrx_word' id='word_1_141' title='bbox 912 1883 1079 1939; x_wconf 88' lang='lat' dir='ltr'><strong>acommuni</strong></span> <span class='ocrx_word' id='word_1_142' title='bbox 1096 1890 1124 1940; x_wconf 90' lang='lat' dir='ltr'><strong>et</strong></span> <span class='ocrx_word' id='word_1_143' title='bbox 1139 1881 1259 1958; x_wconf 91' lang='lat' dir='ltr'><strong>primum</strong></span> 
     </span>
     <span class='ocr_line' id='line_1_18' title="bbox 264 1961 1287 2070; baseline -0.003 -46"><span class='ocrx_word' id='word_1_144' title='bbox 264 1983 298 2024; x_wconf 90' lang='lat' dir='ltr'><strong>se</strong></span> <span class='ocrx_word' id='word_1_145' title='bbox 320 1964 460 2023; x_wconf 80' lang='lat' dir='ltr'><strong>offerente</strong></span> <span class='ocrx_word' id='word_1_146' title='bbox 483 1966 603 2023; x_wconf 87' lang='lat' dir='ltr'><strong>ratione.</strong></span> <span class='ocrx_word' id='word_1_147' title='bbox 643 1961 770 2035; x_wconf 83' lang='lat' dir='ltr'><strong>Quare</strong></span> <span class='ocrx_word' id='word_1_148' title='bbox 762 1982 791 2021; x_wconf 94' lang='lat' dir='ltr'><strong>m</strong></span> <span class='ocrx_word' id='word_1_149' title='bbox 811 1965 902 2041; x_wconf 90' lang='lat' dir='ltr'><strong>tropis</strong></span> <span class='ocrx_word' id='word_1_150' title='bbox 924 1973 1093 2070; x_wconf 90' lang='lat' dir='ltr'><strong>ponuntur</strong></span> <span class='ocrx_word' id='word_1_151' title='bbox 1089 1964 1178 2023; x_wconf 86' lang='lat' dir='ltr'><strong>rerba</strong></span> <span class='ocrx_word' id='word_1_152' title='bbox 1203 1965 1287 2024; x_wconf 87' lang='lat' dir='ltr'><strong>alia5</strong></span> 
     </span>
     <span class='ocr_line' id='line_1_19' title="bbox 263 2043 1259 2146; baseline -0.001 -39"><span class='ocrx_word' id='word_1_153' title='bbox 263 2066 317 2129; x_wconf 85' lang='lat' dir='ltr'><strong>pro</strong></span> <span class='ocrx_word' id='word_1_154' title='bbox 333 2048 417 2123; x_wconf 77' lang='lat' dir='ltr'><strong>aliia,</strong></span> <span class='ocrx_word' id='word_1_155' title='bbox 443 2050 496 2106; x_wconf 87' lang='grc' dir='ltr'><strong>ιιι</strong></span> <span class='ocrx_word' id='word_1_156' title='bbox 487 2067 514 2106; x_wconf 88' lang='lat' dir='ltr'><strong>tn</strong></span> <span class='ocrx_word' id='word_1_157' title='bbox 536 2049 700 2146; x_wconf 54' lang='grc' dir='ltr'><em>μεταφορᾷ,</em></span> <span class='ocrx_word' id='word_1_158' title='bbox 718 2047 897 2144; x_wconf 76' lang='lat' dir='ltr'><strong>pecmvvplqc,</strong></span> <span class='ocrx_word' id='word_1_159' title='bbox 915 2048 1125 2130; x_wconf 82' lang='grc' dir='ltr'><strong><em>αντονομασία,</em></strong></span> <span class='ocrx_word' id='word_1_160' title='bbox 1140 2043 1259 2125; x_wconf 77' lang='grc' dir='ltr'><strong><em>μεταλή-</em></strong></span> 
     </span>
     <span class='ocr_line' id='line_1_20' title="bbox 263 2107 1257 2231; baseline -0.003 -39"><span class='ocrx_word' id='word_1_161' title='bbox 263 2147 329 2209; x_wconf 79' lang='grc' dir='ltr'>ψει,</span> <span class='ocrx_word' id='word_1_162' title='bbox 345 2132 505 2212; x_wconf 79' lang='grc' dir='ltr'><strong><em>συνεκδοχῆ</em></strong></span> <span class='ocrx_word' id='word_1_163' title='bbox 512 2174 522 2208; x_wconf 91' lang='lat'><strong>,</strong></span> <span class='ocrx_word' id='word_1_164' title='bbox 534 2125 722 2210; x_wconf 78' lang='grc' dir='ltr'>καταχρήσει,</span> <span class='ocrx_word' id='word_1_165' title='bbox 736 2121 910 2231; x_wconf 75' lang='grc' dir='ltr'>ἆλιηγορίᾳ,</span> <span class='ocrx_word' id='word_1_166' title='bbox 922 2130 1090 2207; x_wconf 90' lang='lat' dir='ltr'><strong>plerumque</strong></span> <span class='ocrx_word' id='word_1_167' title='bbox 1094 2107 1257 2230; x_wconf 69' lang='lat' dir='ltr'><strong>dnsppotq.</strong></span> 
     </span>
     <span class='ocr_line' id='line_1_21' title="bbox 262 2205 1259 2317; baseline -0.006 -38"><span class='ocrx_word' id='word_1_168' title='bbox 262 2216 392 2317; x_wconf 84' lang='lat' dir='ltr'><strong>Namque</strong></span> <span class='ocrx_word' id='word_1_169' title='bbox 407 2225 437 2274; x_wconf 93' lang='lat' dir='ltr'><strong>et</strong></span> <span class='ocrx_word' id='word_1_170' title='bbox 451 2215 537 2274; x_wconf 89' lang='lat' dir='ltr'><strong>rebus</strong></span> <span class='ocrx_word' id='word_1_171' title='bbox 550 2216 580 2274; x_wconf 89' lang='lat' dir='ltr'><strong>lit</strong></span> <span class='ocrx_word' id='word_1_172' title='bbox 597 2224 627 2273; x_wconf 89' lang='lat' dir='ltr'><strong>et</strong></span> <span class='ocrx_word' id='word_1_173' title='bbox 642 2213 749 2273; x_wconf 89' lang='lat' dir='ltr'><strong>verbis.</strong></span> <span class='ocrx_word' id='word_1_174' title='bbox 785 2205 1007 2291; x_wconf 78' lang='lat' dir='ltr'><strong>’Ovopnrorcoci&#39;o</strong></span> <span class='ocrx_word' id='word_1_175' title='bbox 1020 2215 1097 2272; x_wconf 84' lang='lat' dir='ltr'><strong>fictio</strong></span> <span class='ocrx_word' id='word_1_176' title='bbox 1112 2223 1156 2272; x_wconf 89' lang='lat' dir='ltr'><strong>est</strong></span> <span class='ocrx_word' id='word_1_177' title='bbox 1170 2217 1259 2273; x_wconf 91' lang='lat' dir='ltr'><strong>uomi-</strong></span> 
     </span>
     <span class='ocr_line' id='line_1_22' title="bbox 262 2295 1258 2376; baseline -0.004 -16"><span class='ocrx_word' id='word_1_178' title='bbox 262 2305 320 2367; x_wconf 86' lang='lat' dir='ltr'><strong>nis;</strong></span> <span class='ocrx_word' id='word_1_179' title='bbox 345 2315 416 2376; x_wconf 86' lang='lat' dir='ltr'><strong>ergo</strong></span> <span class='ocrx_word' id='word_1_180' title='bbox 432 2299 489 2358; x_wconf 90' lang='lat' dir='ltr'><strong>lroc</strong></span> <span class='ocrx_word' id='word_1_181' title='bbox 507 2316 622 2376; x_wconf 89' lang='lat' dir='ltr'><strong>quoque</strong></span> <span class='ocrx_word' id='word_1_182' title='bbox 639 2315 692 2376; x_wconf 87' lang='lat' dir='ltr'><strong>pro</strong></span> <span class='ocrx_word' id='word_1_183' title='bbox 709 2298 771 2356; x_wconf 89' lang='lat' dir='ltr'><strong>aliis</strong></span> <span class='ocrx_word' id='word_1_184' title='bbox 783 2300 913 2375; x_wconf 89' lang='lat' dir='ltr'><strong>ponitur,</strong></span> <span class='ocrx_word' id='word_1_185' title='bbox 933 2295 1034 2374; x_wconf 91' lang='lat' dir='ltr'><strong>quibus</strong></span> <span class='ocrx_word' id='word_1_186' title='bbox 1051 2317 1129 2356; x_wconf 86' lang='lat' dir='ltr'><strong>usuri</strong></span> <span class='ocrx_word' id='word_1_187' title='bbox 1123 2298 1258 2374; x_wconf 88' lang='lat' dir='ltr'><strong>luimus,</strong></span> 
     </span>
     <span class='ocr_line' id='line_1_23' title="bbox 264 2381 1287 2460; baseline -0.004 -16"><span class='ocrx_word' id='word_1_188' title='bbox 264 2387 289 2444; x_wconf 83' lang='lat' dir='ltr'><strong>si</strong></span> <span class='ocrx_word' id='word_1_189' title='bbox 310 2384 379 2444; x_wconf 90' lang='lat' dir='ltr'><strong>illud</strong></span> <span class='ocrx_word' id='word_1_190' title='bbox 403 2400 460 2443; x_wconf 92' lang='lat' dir='ltr'><strong>uon</strong></span> <span class='ocrx_word' id='word_1_191' title='bbox 477 2384 660 2458; x_wconf 85' lang='lat' dir='ltr'><strong>fingeremus</strong></span> <span class='ocrx_word' id='word_1_192' title='bbox 702 2381 802 2460; x_wconf 80' lang='lat' dir='ltr'><strong>Heplrp</strong></span> <span class='ocrx_word' id='word_1_193' title='bbox 779 2399 886 2460; x_wconf 83' lang='grc' dir='ltr'>φρασις</span> <span class='ocrx_word' id='word_1_194' title='bbox 910 2382 1020 2439; x_wconf 90' lang='lat' dir='ltr'><strong>etiamsi</strong></span> <span class='ocrx_word' id='word_1_195' title='bbox 1041 2381 1209 2458; x_wconf 85' lang='lat' dir='ltr'><strong>frequenter</strong></span> <span class='ocrx_word' id='word_1_196' title='bbox 1230 2385 1287 2440; x_wconf 87' lang='lat' dir='ltr'><strong>et6</strong></span> 
     </span>
     <span class='ocr_line' id='line_1_24' title="bbox 262 2465 1258 2564; baseline -0.005 -36"><span class='ocrx_word' id='word_1_197' title='bbox 262 2468 315 2528; x_wconf 92' lang='lat' dir='ltr'><strong>id</strong></span> <span class='ocrx_word' id='word_1_198' title='bbox 307 2486 414 2545; x_wconf 79' lang='lat' dir='ltr'><strong>ipsum,</strong></span> <span class='ocrx_word' id='word_1_199' title='bbox 435 2468 463 2528; x_wconf 92' lang='lat' dir='ltr'><strong>in</strong></span> <span class='ocrx_word' id='word_1_200' title='bbox 486 2469 566 2525; x_wconf 90' lang='lat' dir='ltr'><strong>cuius</strong></span> <span class='ocrx_word' id='word_1_201' title='bbox 582 2468 677 2526; x_wconf 91' lang='lat' dir='ltr'><strong>locum</strong></span> <span class='ocrx_word' id='word_1_202' title='bbox 692 2466 860 2540; x_wconf 80' lang='lat' dir='ltr'><strong>assumitur,</strong></span> <span class='ocrx_word' id='word_1_203' title='bbox 880 2482 983 2524; x_wconf 89' lang='lat' dir='ltr'><strong>nomeu</strong></span> <span class='ocrx_word' id='word_1_204' title='bbox 1002 2465 1156 2564; x_wconf 89' lang='lat' dir='ltr'><strong>complecti</strong></span> <span class='ocrx_word' id='word_1_205' title='bbox 1171 2466 1258 2541; x_wconf 88' lang='lat' dir='ltr'><strong>solet,</strong></span> 
     </span>
     <span class='ocr_line' id='line_1_25' title="bbox 263 2511 1259 2628; baseline -0.003 -17"><span class='ocrx_word' id='word_1_206' title='bbox 263 2554 350 2612; x_wconf 89' lang='lat' dir='ltr'><strong>utitur</strong></span> <span class='ocrx_word' id='word_1_207' title='bbox 367 2560 461 2610; x_wconf 90' lang='lat' dir='ltr'><strong>tamen</strong></span> <span class='ocrx_word' id='word_1_208' title='bbox 477 2549 606 2628; x_wconf 87' lang='lat' dir='ltr'><strong>pluribus</strong></span> <span class='ocrx_word' id='word_1_209' title='bbox 621 2567 674 2628; x_wconf 94' lang='lat' dir='ltr'><strong>pro</strong></span> <span class='ocrx_word' id='word_1_210' title='bbox 690 2567 757 2608; x_wconf 91' lang='lat' dir='ltr'><strong>uno.</strong></span> <span class='ocrx_word' id='word_1_211' title='bbox 795 2511 963 2624; x_wconf 71' lang='lat' dir='ltr'><strong>2Errlderov,</strong></span> <span class='ocrx_word' id='word_1_212' title='bbox 986 2551 1118 2626; x_wconf 89' lang='lat' dir='ltr'><strong>quoniam</strong></span> <span class='ocrx_word' id='word_1_213' title='bbox 1135 2551 1259 2627; x_wconf 91' lang='lat' dir='ltr'><strong>plerum·</strong></span> 
     </span>
     <span class='ocr_line' id='line_1_26' title="bbox 264 2632 1260 2714; baseline -0.002 -20"><span class='ocrx_word' id='word_1_214' title='bbox 264 2653 320 2714; x_wconf 90' lang='lat' dir='ltr'><strong>que</strong></span> <span class='ocrx_word' id='word_1_215' title='bbox 336 2637 549 2694; x_wconf 87' lang='lat' dir='ltr'><strong>antonomasiae</strong></span> <span class='ocrx_word' id='word_1_216' title='bbox 565 2652 633 2712; x_wconf 88' lang='lat' dir='ltr'><strong>pars</strong></span> <span class='ocrx_word' id='word_1_217' title='bbox 650 2643 709 2708; x_wconf 88' lang='lat' dir='ltr'><strong>est,</strong></span> <span class='ocrx_word' id='word_1_218' title='bbox 733 2635 934 2692; x_wconf 89' lang='lat' dir='ltr'><strong>coniunctione</strong></span> <span class='ocrx_word' id='word_1_219' title='bbox 951 2635 1012 2692; x_wconf 88' lang='lat' dir='ltr'><strong>eius</strong></span> <span class='ocrx_word' id='word_1_220' title='bbox 1031 2632 1061 2691; x_wconf 89' lang='grc' dir='ltr'><strong>ιιι</strong></span> <span class='ocrx_word' id='word_1_221' title='bbox 1077 2643 1187 2711; x_wconf 87' lang='lat' dir='ltr'><strong>tropus.</strong></span> <span class='ocrx_word' id='word_1_222' title='bbox 1228 2633 1260 2692; x_wconf 95' lang='lat' dir='ltr'><strong>ln</strong></span> 
     </span>
     <span class='ocr_line' id='line_1_27' title="bbox 261 2717 1260 2798; baseline -0.003 -18"><span class='ocrx_word' id='word_1_223' title='bbox 261 2718 423 2797; x_wconf 78' lang='lat' dir='ltr'><strong>hyperbato</strong></span> <span class='ocrx_word' id='word_1_224' title='bbox 440 2719 622 2777; x_wconf 90' lang='lat' dir='ltr'><strong>commutatio</strong></span> <span class='ocrx_word' id='word_1_225' title='bbox 638 2726 684 2777; x_wconf 90' lang='lat' dir='ltr'><strong>est</strong></span> <span class='ocrx_word' id='word_1_226' title='bbox 704 2718 827 2792; x_wconf 87' lang='lat' dir='ltr'><strong>ordinis,</strong></span> <span class='ocrx_word' id='word_1_227' title='bbox 849 2717 974 2795; x_wconf 91' lang='lat' dir='ltr'><strong>ideoque</strong></span> <span class='ocrx_word' id='word_1_228' title='bbox 995 2718 1074 2777; x_wconf 91' lang='lat' dir='ltr'><strong>multi</strong></span> <span class='ocrx_word' id='word_1_229' title='bbox 1093 2719 1185 2798; x_wconf 89' lang='lat' dir='ltr'><strong>tropis</strong></span> <span class='ocrx_word' id='word_1_230' title='bbox 1202 2718 1260 2779; x_wconf 93' lang='lat' dir='ltr'><strong>hoc</strong></span> 
     </span>
     <span class='ocr_line' id='line_1_28' title="bbox 263 2801 1258 2881; baseline -0.001 -20"><span class='ocrx_word' id='word_1_231' title='bbox 263 2819 356 2881; x_wconf 83' lang='lat' dir='ltr'><strong>genus</strong></span> <span class='ocrx_word' id='word_1_232' title='bbox 378 2803 511 2860; x_wconf 86' lang='lat' dir='ltr'><strong>eximunt.</strong></span> <span class='ocrx_word' id='word_1_233' title='bbox 559 2801 707 2861; x_wconf 87' lang='lat' dir='ltr'><strong>Transfert</strong></span> <span class='ocrx_word' id='word_1_234' title='bbox 734 2810 828 2860; x_wconf 87' lang='lat' dir='ltr'><strong>tamen</strong></span> <span class='ocrx_word' id='word_1_235' title='bbox 851 2801 969 2861; x_wconf 88' lang='lat' dir='ltr'><strong>verbum</strong></span> <span class='ocrx_word' id='word_1_236' title='bbox 995 2812 1043 2861; x_wconf 86' lang='lat' dir='ltr'><strong>out</strong></span> <span class='ocrx_word' id='word_1_237' title='bbox 1064 2813 1174 2880; x_wconf 90' lang='lat' dir='ltr'><strong>partem</strong></span> <span class='ocrx_word' id='word_1_238' title='bbox 1190 2804 1258 2861; x_wconf 89' lang='lat' dir='ltr'><strong>-eius</strong></span> 
     </span>
     <span class='ocr_line' id='line_1_29' title="bbox 265 2884 1286 2962; baseline 0.003 -16"><span class='ocrx_word' id='word_1_239' title='bbox 265 2902 349 2946; x_wconf 84' lang='lat' dir='ltr'><strong>usuc</strong></span> <span class='ocrx_word' id='word_1_240' title='bbox 365 2886 432 2945; x_wconf 93' lang='lat' dir='ltr'><strong>loco</strong></span> <span class='ocrx_word' id='word_1_241' title='bbox 453 2887 482 2944; x_wconf 93' lang='lat' dir='ltr'><strong>in</strong></span> <span class='ocrx_word' id='word_1_242' title='bbox 496 2884 627 2944; x_wconf 89' lang='lat' dir='ltr'><strong>alienum.</strong></span> <span class='ocrx_word' id='word_1_243' title='bbox 671 2885 778 2945; x_wconf 92' lang='lat' dir='ltr'><strong>Horum</strong></span> <span class='ocrx_word' id='word_1_244' title='bbox 793 2884 863 2944; x_wconf 89' lang='lat' dir='ltr'><strong>nihil</strong></span> <span class='ocrx_word' id='word_1_245' title='bbox 878 2887 906 2944; x_wconf 93' lang='lat' dir='ltr'><strong>iu</strong></span> <span class='ocrx_word' id='word_1_246' title='bbox 927 2886 1034 2962; x_wconf 80' lang='lat' dir='ltr'><strong>figuras</strong></span> <span class='ocrx_word' id='word_1_247' title='bbox 1059 2886 1144 2946; x_wconf 89' lang='lat' dir='ltr'><strong>cadit.</strong></span> <span class='ocrx_word' id='word_1_248' title='bbox 1187 2885 1286 2949; x_wconf 83' lang='lat' dir='ltr'><strong>Namt</strong></span> 
     </span>
     <span class='ocr_line' id='line_1_30' title="bbox 265 2968 1257 3047; baseline -0.004 -18"><span class='ocrx_word' id='word_1_249' title='bbox 265 2979 295 3029; x_wconf 91' lang='lat' dir='ltr'><strong>et</strong></span> <span class='ocrx_word' id='word_1_250' title='bbox 320 2971 444 3047; x_wconf 88' lang='lat' dir='ltr'><strong>propriis</strong></span> <span class='ocrx_word' id='word_1_251' title='bbox 476 2969 573 3029; x_wconf 89' lang='lat' dir='ltr'><strong>verbis</strong></span> <span class='ocrx_word' id='word_1_252' title='bbox 598 2978 628 3028; x_wconf 86' lang='lat' dir='ltr'><strong>et</strong></span> <span class='ocrx_word' id='word_1_253' title='bbox 650 2968 749 3028; x_wconf 90' lang='lat' dir='ltr'><strong>ordine</strong></span> <span class='ocrx_word' id='word_1_254' title='bbox 776 2969 928 3029; x_wconf 87' lang='lat' dir='ltr'><strong>collocatis</strong></span> <span class='ocrx_word' id='word_1_255' title='bbox 951 2971 1042 3045; x_wconf 84' lang='lat' dir='ltr'><strong>ligura</strong></span> <span class='ocrx_word' id='word_1_256' title='bbox 1066 2969 1128 3027; x_wconf 87' lang='lat' dir='ltr'><strong>lieri</strong></span> <span class='ocrx_word' id='word_1_257' title='bbox 1150 2976 1257 3047; x_wconf 89' lang='lat' dir='ltr'><strong>potest.</strong></span> 
     </span>
     <span class='ocr_line' id='line_1_31' title="bbox 265 3052 1359 3131; baseline -0.001 -21"><span class='ocrx_word' id='word_1_258' title='bbox 265 3053 417 3126; x_wconf 82' lang='lat' dir='ltr'><strong>Quomodo</strong></span> <span class='ocrx_word' id='word_1_259' title='bbox 434 3061 528 3111; x_wconf 88' lang='lat' dir='ltr'><strong>autem</strong></span> <span class='ocrx_word' id='word_1_260' title='bbox 543 3054 633 3114; x_wconf 87' lang='lat' dir='ltr'><strong>ironia</strong></span> <span class='ocrx_word' id='word_1_261' title='bbox 649 3053 704 3113; x_wconf 90' lang='lat' dir='ltr'><strong>alia</strong></span> <span class='ocrx_word' id='word_1_262' title='bbox 716 3055 753 3111; x_wconf 90' lang='lat' dir='ltr'><strong>sit</strong></span> <span class='ocrx_word' id='word_1_263' title='bbox 763 3055 840 3131; x_wconf 91' lang='lat' dir='ltr'><strong>tropi</strong></span> <span class='ocrx_word' id='word_1_264' title='bbox 855 3053 910 3111; x_wconf 90' lang='lat' dir='ltr'><strong>alia</strong></span> <span class='ocrx_word' id='word_1_265' title='bbox 925 3052 1105 3126; x_wconf 87' lang='lat' dir='ltr'><strong>schematos,</strong></span> <span class='ocrx_word' id='word_1_266' title='bbox 1124 3069 1176 3110; x_wconf 91' lang='lat' dir='ltr'><strong>suo</strong></span> <span class='ocrx_word' id='word_1_267' title='bbox 1190 3052 1258 3110; x_wconf 93' lang='lat' dir='ltr'><strong>loco</strong></span> <span class='ocrx_word' id='word_1_268' title='bbox 1357 3079 1359 3085; x_wconf 18' lang='grc' dir='ltr'><strong><em>π</em></strong></span> 
     </span>
     <span class='ocr_line' id='line_1_32' title="bbox 264 3135 1260 3214; baseline -0.003 -19"><span class='ocrx_word' id='word_1_269' title='bbox 264 3137 390 3196; x_wconf 90' lang='lat' dir='ltr'><strong>reddam.</strong></span> <span class='ocrx_word' id='word_1_270' title='bbox 431 3135 543 3195; x_wconf 86' lang='lat' dir='ltr'><strong>Nomen</strong></span> <span class='ocrx_word' id='word_1_271' title='bbox 559 3139 631 3196; x_wconf 89' lang='lat' dir='ltr'><strong>enim</strong></span> <span class='ocrx_word' id='word_1_272' title='bbox 649 3136 742 3195; x_wconf 85' lang='lat' dir='ltr'><strong>fateor</strong></span> <span class='ocrx_word' id='word_1_273' title='bbox 758 3154 824 3196; x_wconf 90' lang='lat' dir='ltr'><strong>esse</strong></span> <span class='ocrx_word' id='word_1_274' title='bbox 839 3154 1004 3211; x_wconf 90' lang='lat' dir='ltr'><strong>commune,</strong></span> <span class='ocrx_word' id='word_1_275' title='bbox 1030 3143 1059 3193; x_wconf 94' lang='lat' dir='ltr'><strong>et</strong></span> <span class='ocrx_word' id='word_1_276' title='bbox 1074 3135 1152 3210; x_wconf 88' lang='lat' dir='ltr'><strong>scio,</strong></span> <span class='ocrx_word' id='word_1_277' title='bbox 1176 3153 1260 3214; x_wconf 91' lang='lat' dir='ltr'><strong>quam</strong></span> 
     </span>
     <span class='ocr_line' id='line_1_33' title="bbox 263 3218 1258 3298; baseline -0.002 -19"><span class='ocrx_word' id='word_1_278' title='bbox 263 3221 453 3297; x_wconf 88' lang='lat' dir='ltr'><strong>multiplicem</strong></span> <span class='ocrx_word' id='word_1_279' title='bbox 484 3220 607 3279; x_wconf 88' lang='lat' dir='ltr'><strong>habeant</strong></span> <span class='ocrx_word' id='word_1_280' title='bbox 630 3237 770 3298; x_wconf 90' lang='lat' dir='ltr'><strong>quamque</strong></span> <span class='ocrx_word' id='word_1_281' title='bbox 797 3220 996 3298; x_wconf 86' lang='lat' dir='ltr'><strong>scrupulosam</strong></span> <span class='ocrx_word' id='word_1_282' title='bbox 1023 3218 1258 3295; x_wconf 88' lang='lat' dir='ltr'><strong>disputationem;</strong></span> 
     </span>
     <span class='ocr_line' id='line_1_34' title="bbox 264 3301 1259 3382; baseline -0.002 -19"><span class='ocrx_word' id='word_1_283' title='bbox 264 3304 317 3363; x_wconf 92' lang='lat' dir='ltr'><strong>sed</strong></span> <span class='ocrx_word' id='word_1_284' title='bbox 338 3322 373 3362; x_wconf 90' lang='lat' dir='ltr'><strong>ea</strong></span> <span class='ocrx_word' id='word_1_285' title='bbox 394 3322 451 3362; x_wconf 93' lang='lat' dir='ltr'><strong>uon</strong></span> <span class='ocrx_word' id='word_1_286' title='bbox 473 3306 598 3382; x_wconf 91' lang='lat' dir='ltr'><strong>pertinet</strong></span> <span class='ocrx_word' id='word_1_287' title='bbox 619 3305 814 3381; x_wconf 89' lang='lat' dir='ltr'><strong>adpraesens</strong></span> <span class='ocrx_word' id='word_1_288' title='bbox 836 3322 929 3362; x_wconf 91' lang='lat' dir='ltr'><strong>meum</strong></span> <span class='ocrx_word' id='word_1_289' title='bbox 949 3304 1138 3380; x_wconf 88' lang='lat' dir='ltr'><strong>propositum.</strong></span> <span class='ocrx_word' id='word_1_290' title='bbox 1182 3301 1259 3361; x_wconf 90' lang='lat' dir='ltr'><strong>Nihil</strong></span> 
     </span>
     <span class='ocr_line' id='line_1_35' title="bbox 265 3385 1258 3466; baseline -0.001 -20"><span class='ocrx_word' id='word_1_291' title='bbox 265 3390 340 3447; x_wconf 88' lang='lat' dir='ltr'><strong>enim</strong></span> <span class='ocrx_word' id='word_1_292' title='bbox 356 3388 462 3464; x_wconf 86' lang='lat' dir='ltr'><strong>refert,</strong></span> <span class='ocrx_word' id='word_1_293' title='bbox 480 3389 623 3465; x_wconf 90' lang='lat' dir='ltr'><strong>quomodo</strong></span> <span class='ocrx_word' id='word_1_294' title='bbox 640 3387 803 3466; x_wconf 86' lang='lat' dir='ltr'><strong>appelletur</strong></span> <span class='ocrx_word' id='word_1_295' title='bbox 820 3386 983 3445; x_wconf 87' lang='lat' dir='ltr'><strong>utrumlibet</strong></span> <span class='ocrx_word' id='word_1_296' title='bbox 999 3402 1113 3460; x_wconf 90' lang='lat' dir='ltr'><strong>eorum,</strong></span> <span class='ocrx_word' id='word_1_297' title='bbox 1130 3385 1169 3461; x_wconf 90' lang='lat' dir='ltr'><strong>si,</strong></span> <span class='ocrx_word' id='word_1_298' title='bbox 1191 3386 1258 3464; x_wconf 89' lang='lat' dir='ltr'><strong>quid</strong></span> 
     </span>
     <span class='ocr_line' id='line_1_36' title="bbox 266 3468 1256 3550; baseline -0.003 -20"><span class='ocrx_word' id='word_1_299' title='bbox 266 3473 388 3530; x_wconf 87' lang='lat' dir='ltr'><strong>orationi</strong></span> <span class='ocrx_word' id='word_1_300' title='bbox 405 3474 513 3548; x_wconf 89' lang='lat' dir='ltr'><strong>prosit,</strong></span> <span class='ocrx_word' id='word_1_301' title='bbox 534 3480 664 3550; x_wconf 86' lang='lat' dir='ltr'><strong>apparet.</strong></span> <span class='ocrx_word' id='word_1_302' title='bbox 708 3470 771 3529; x_wconf 92' lang='lat' dir='ltr'><strong>Nec</strong></span> <span class='ocrx_word' id='word_1_303' title='bbox 786 3479 908 3529; x_wconf 87' lang='lat' dir='ltr'><strong>mutatur</strong></span> <span class='ocrx_word' id='word_1_304' title='bbox 928 3468 1077 3529; x_wconf 86' lang='lat' dir='ltr'><strong>vocabulis</strong></span> <span class='ocrx_word' id='word_1_305' title='bbox 1093 3471 1136 3528; x_wconf 88' lang='lat' dir='ltr'><strong>vis</strong></span> <span class='ocrx_word' id='word_1_306' title='bbox 1151 3487 1256 3528; x_wconf 89' lang='lat' dir='ltr'><strong>rerum.</strong></span> 
     </span>
     <span class='ocr_line' id='line_1_37' title="bbox 265 3552 1286 3632; baseline 0.001 -18"><span class='ocrx_word' id='word_1_307' title='bbox 265 3553 303 3614; x_wconf 86' lang='lat' dir='ltr'><strong>Et</strong></span> <span class='ocrx_word' id='word_1_308' title='bbox 317 3557 389 3613; x_wconf 90' lang='lat' dir='ltr'><strong>sicut</strong></span> <span class='ocrx_word' id='word_1_309' title='bbox 405 3555 551 3631; x_wconf 90' lang='lat' dir='ltr'><strong>homines,</strong></span> <span class='ocrx_word' id='word_1_310' title='bbox 568 3557 592 3614; x_wconf 90' lang='lat' dir='ltr'><strong>si</strong></span> <span class='ocrx_word' id='word_1_311' title='bbox 606 3555 681 3614; x_wconf 88' lang='lat' dir='ltr'><strong>aliud</strong></span> <span class='ocrx_word' id='word_1_312' title='bbox 697 3563 888 3632; x_wconf 88' lang='lat' dir='ltr'><strong>acceperunt,</strong></span> <span class='ocrx_word' id='word_1_313' title='bbox 906 3571 989 3631; x_wconf 87' lang='lat' dir='ltr'><strong>quam</strong></span> <span class='ocrx_word' id='word_1_314' title='bbox 1000 3553 1076 3631; x_wconf 91' lang='lat' dir='ltr'><strong>quod</strong></span> <span class='ocrx_word' id='word_1_315' title='bbox 1089 3552 1286 3627; x_wconf 86' lang='lat' dir='ltr'><strong>habuerant,8</strong></span> 
     </span>
     <span class='ocr_line' id='line_1_38' title="bbox 266 3636 1256 3716; baseline -0.003 -19"><span class='ocrx_word' id='word_1_316' title='bbox 266 3656 385 3714; x_wconf 92' lang='lat' dir='ltr'><strong>nomeu,</strong></span> <span class='ocrx_word' id='word_1_317' title='bbox 412 3639 497 3697; x_wconf 90' lang='lat' dir='ltr'><strong>iidem</strong></span> <span class='ocrx_word' id='word_1_318' title='bbox 519 3648 584 3697; x_wconf 85' lang='lat' dir='ltr'><strong>sunt</strong></span> <span class='ocrx_word' id='word_1_319' title='bbox 610 3648 722 3697; x_wconf 87' lang='lat' dir='ltr'><strong>tamen:</strong></span> <span class='ocrx_word' id='word_1_320' title='bbox 745 3640 783 3698; x_wconf 90' lang='lat' dir='ltr'><strong>ita</strong></span> <span class='ocrx_word' id='word_1_321' title='bbox 803 3638 892 3712; x_wconf 87' lang='lat' dir='ltr'><strong>haec,</strong></span> <span class='ocrx_word' id='word_1_322' title='bbox 918 3638 954 3696; x_wconf 89' lang='lat' dir='ltr'><strong>de</strong></span> <span class='ocrx_word' id='word_1_323' title='bbox 978 3636 1080 3716; x_wconf 89' lang='lat' dir='ltr'><strong>quibus</strong></span> <span class='ocrx_word' id='word_1_324' title='bbox 1103 3637 1256 3715; x_wconf 91' lang='lat' dir='ltr'><strong>loquimur,</strong></span> 
     </span>
     <span class='ocr_line' id='line_1_39' title="bbox 266 3720 1258 3801; baseline -0.002 -20"><span class='ocrx_word' id='word_1_325' title='bbox 266 3724 329 3784; x_wconf 86' lang='lat' dir='ltr'><strong>sire</strong></span> <span class='ocrx_word' id='word_1_326' title='bbox 353 3724 429 3801; x_wconf 90' lang='lat' dir='ltr'><strong>tropi</strong></span> <span class='ocrx_word' id='word_1_327' title='bbox 450 3725 512 3782; x_wconf 88' lang='lat' dir='ltr'><strong>sive</strong></span> <span class='ocrx_word' id='word_1_328' title='bbox 534 3722 642 3799; x_wconf 78' lang='lat' dir='ltr'><strong>figurae</strong></span> <span class='ocrx_word' id='word_1_329' title='bbox 663 3722 809 3799; x_wconf 90' lang='lat' dir='ltr'><strong>dicentur,</strong></span> <span class='ocrx_word' id='word_1_330' title='bbox 829 3721 904 3780; x_wconf 87' lang='lat' dir='ltr'><strong>idem</strong></span> <span class='ocrx_word' id='word_1_331' title='bbox 925 3721 1060 3781; x_wconf 85' lang='lat' dir='ltr'><strong>efficient.</strong></span> <span class='ocrx_word' id='word_1_332' title='bbox 1104 3720 1169 3779; x_wconf 92' lang='lat' dir='ltr'><strong>Nou</strong></span> <span class='ocrx_word' id='word_1_333' title='bbox 1185 3721 1258 3780; x_wconf 88' lang='lat' dir='ltr'><strong>enim</strong></span> 
     </span>
    </p>
   </div>
   <div class='ocr_carea' id='block_1_3' title="bbox 0 0 1601 4409">
    <p class='ocr_par' dir='ltr' id='par_1_4' title="bbox 0 0 1601 4409">
     <span class='ocr_line' id='line_1_40' title="bbox 0 0 1601 4409; baseline 0 0"><span class='ocrx_word' id='word_1_334' title='bbox 0 0 1601 4409; x_wconf 95' lang='lat' dir='ltr'><strong> </strong></span> 
     </span>
    </p>
   </div>
  </div>
 </body>
</html>
