3184 4409
1278 320 1312 375 es

568 497 656 545 mrsu.
671 492 1026 564 onuron.n113.vru,3.
1252 488 1297 549 =57
1334 538 1337 546 .

303 672 409 728 sensu,
433 652 488 712 alia
503 659 635 728 reperta,
663 667 736 726 quae
758 669 796 710 ex
817 650 861 710 bis
881 650 958 711 iacta
981 661 1059 720 sunt;
1091 662 1120 712 ut
1140 656 1194 713 iam
1214 655 1297 714 nobis

246 806 255 813 ,
303 755 416 817 ponere
438 735 511 809 alia,
536 752 619 812 quam
639 751 712 811 quae
737 735 780 794 illi
800 733 886 794 rudes
909 735 1037 794 homines
1059 739 1199 815 primique
1219 739 1297 798 fece·

304 831 385 897 runt,
411 820 454 879 ias
476 820 599 877 nonsit:
626 826 654 876 at
671 817 819 893 derivare,
842 818 980 892 flectere,
1005 822 1196 897 coniungere,
1220 822 1296 899 quod

305 907 380 965 natis
404 912 703 982 postea-concessum
724 911 784 976 est,
810 902 921 978 quando
945 902 1029 962 desiit
1051 900 1160 985 licere?
1200 905 1252 979 Et,
1273 907 1338 967 si3l

307 988 375 1067 quid
400 985 592 1066 periculosius
619 985 735 1044 linxisse
765 984 941 1061 videbimur,
968 986 1136 1063 quibusdam
1163 989 1298 1047 remediis

305 1069 556 1151 praemuniendum
578 1076 636 1126 est:
655 1066 693 1129 Ut
705 1070 750 1129 a'tc
764 1070 876 1144 dicum,
894 1069 926 1130 st
939 1071 1009 1130 licet
1025 1072 1140 1146 dicere,
1160 1069 1298 1144 Quodam

305 1157 405 1232 modo,
421 1153 583 1215 Permittite
597 1153 669 1211 mttt
682 1154 727 1212 sic
743 1153 798 1213 uti.
830 1150 914 1224 Quod
931 1153 1005 1211 idern
1017 1155 1101 1213 etiam
1115 1155 1144 1212 in
1160 1155 1205 1229 iis,
1223 1172 1297 1232 quae

306 1240 440 1299 licentius
455 1236 592 1296 translata
608 1244 699 1310 erunt,
715 1236 854 1313 proderit,
870 1236 997 1313 nihilque
1012 1254 1068 1295 non
1084 1247 1144 1296 tuto
1160 1238 1216 1297 dici
1233 1246 1296 1316 pot-

307 1332 370 1398 est,
392 1323 421 1381 in
438 1338 495 1399 quo
512 1338 570 1379 non
584 1319 646 1379 falli
662 1320 794 1379 iudicium
812 1328 939 1378 nostrum
954 1321 1146 1380 sollicitudine
1161 1323 1224 1399 ipsa
1240 1339 1297 1382 mae

307 1407 441 1466 niiestum
457 1407 520 1463 erit.
551 1402 614 1476 Qua
629 1403 664 1462 de
680 1421 712 1461 re
731 1401 871 1462 Graecum
894 1403 964 1462 illud
983 1404 1226 1480 elegantissimum
1241 1414 1296 1479 est,

308 1507 365 1569 quo
380 1490 557 1569 praecipitur
571 1479 813 1564 προεπιπλήσσειν
825 1489 861 1568 τῇ
875 1478 1028 1568 ὑπερβολῇ.

393 1572 543 1632 Translata
558 1569 676 1648 probari
685 1571 738 1628 uisi
754 1572 781 1628 in
794 1579 929 1629 contextu
941 1572 1081 1630 sermonis
1095 1589 1153 1630 non
1164 1581 1295 1649 possunt.
1305 1580 1339 1634 38

306 1658 408 1735 ltaque
432 1657 468 1716 de
489 1654 609 1730 singulis
630 1653 728 1712 verbis
752 1655 820 1713 satis
843 1654 964 1728 dictum,
990 1673 1079 1732 quae,
1101 1664 1132 1716 ut
1155 1655 1212 1714 alio
1229 1655 1296 1715 loco

308 1740 438 1815 ostendi,
461 1757 514 1816 per
534 1756 566 1796 se
591 1736 697 1796 nullam
719 1737 852 1796 virtutem
872 1737 986 1796 habent.
1033 1738 1091 1798 Sed
1110 1757 1147 1797 ne
1168 1739 1297 1799 inornata

307 1833 372 1884 sunt
388 1823 518 1901 quidem,
534 1823 588 1880 nisi
604 1840 667 1880 cum
685 1831 749 1879 sunt
762 1822 835 1880 inira
847 1821 906 1894 rei,
930 1822 966 1880 de
982 1839 1037 1898 qua
1052 1821 1225 1899 loquendum
1241 1832 1296 1898 est,

307 1909 484 1986 dignitatem,
502 1914 627 1983 excepto
648 1905 671 1962 si
688 1904 815 1963 obscena
836 1904 918 1963 nudis
933 1904 1091 1964 nominibus
1107 1907 1296 1965 enuntientur.

308 1991 393 2065 Quod
408 1991 541 2064 viderint,
558 1991 606 2066 qui
621 2006 677 2047 non
692 1997 790 2065 putant
807 2005 874 2046 esse
892 1989 1015 2063 vitanda,
1035 1990 1100 2067 quia
1115 2008 1169 2048 nec
1185 1991 1222 2048 sit
1240 1996 1339 2049 vox39

307 2075 367 2135 ulla
382 2083 482 2133 natura
498 2075 607 2150 turpis,
626 2080 655 2130 et
672 2073 696 2130 si
715 2089 769 2149 qua
786 2081 830 2130 est
844 2072 886 2130 rei
902 2071 1083 2148 deformitas,
1105 2074 1161 2132 alia
1181 2089 1297 2150 quoque

307 2158 504 2237 appellatione
528 2173 697 2234 quacunque
724 2156 759 2214 ad
779 2155 956 2215 intellectum
976 2156 1095 2215 eundern
1118 2155 1297 2215 nihilominus

307 2243 468 2322 perveniat.
502 2239 567 2317 Ego
583 2238 702 2298 Romani
717 2240 835 2316 pudoris
852 2255 933 2296 more
949 2248 1116 2316 contentus,
1136 2248 1167 2298 ut
1183 2240 1238 2298 iam
1251 2257 1296 2299 re·

308 2326 412 2407 spondi
427 2324 541 2400 talibus,
556 2323 757 2382 verecundiam
773 2322 886 2381 silentio
898 2323 1059 2382 vindicabo.

393 2409 453 2470 lam
474 2408 539 2467 hinc
560 2408 646 2483 igitur
667 2406 702 2465 ad
724 2408 864 2465 rationem
893 2407 1077 2465 sermonis
1104 2408 1340 2470 coniunctilo

308 2503 498 2554 transeamus.
540 2489 626 2550 Cuius
659 2499 775 2549 ornatus
801 2491 829 2547 in
857 2489 930 2549 haec
956 2489 1012 2549 duo
1039 2492 1129 2568 prima
1156 2491 1298 2564 dividitur,

309 2595 394 2656 quam
412 2576 605 2652 concipiamus
621 2573 830 2647 elocutionem,
856 2590 912 2650 quo
932 2575 1017 2634 modo
1034 2574 1196 2633 efferamus.
1226 2573 1298 2633 Nam

307 2663 429 2740 primum
447 2667 500 2733 est,
517 2666 547 2717 ut
562 2658 680 2735 liqueat,
693 2675 801 2734 augere
813 2657 880 2734 quid
894 2657 1015 2716 velimus
1028 2675 1063 2716 an
1074 2660 1212 2732 minuere,
1230 2674 1297 2717 con·

309 2746 397 2805 citato
418 2743 516 2802 dicere
538 2759 573 2800 an
593 2741 756 2816 moderate,
779 2741 856 2800 laete
876 2758 911 2799 an
928 2759 1048 2816 severe,
1074 2741 1250 2801 abundanter
1263 2759 1299 2801 an

309 2844 429 2906 presse,
453 2842 557 2904 aspere
580 2843 616 2885 an
631 2824 751 2899 leniter,
775 2823 925 2900 magnifice
941 2843 977 2884 an
990 2825 1150 2900 subtiliter,
1172 2826 1300 2902 graviter

310 2929 346 2971 an
360 2908 478 2969 urbane.
517 2907 603 2984 Tum,
631 2924 686 2985 quo
707 2908 900 2968 translationis
916 2926 1043 2984 genere,
1065 2907 1167 2985 quibus
1190 2908 1298 2984 figuris,
1307 2915 1339 2967 41

310 2992 442 3077 qualibus
458 2993 616 3066 sententiis,
633 3007 689 3068 quo
705 2991 801 3067 modo,
818 3008 873 3068 qua
887 3001 1034 3069 postremo
1051 2992 1244 3051 collocatione
1259 2990 1297 3065 id,

310 3078 388 3156 quod
403 3077 581 3149 intendimus,
598 3075 717 3134 efficere
732 3075 884 3152 possimus.
1041 3132 1060 3147 ⁴.

396 3158 531 3220 Ceterum
546 3159 682 3234 dicturus,
699 3158 800 3236 quibus
816 3167 933 3218 ornetur
950 3159 1052 3233 oratio,
1069 3159 1148 3236 prius
1164 3175 1209 3232 ea,
1227 3175 1300 3234 quae

311 3252 377 3304 sunt
402 3243 468 3303 huic
499 3243 640 3302 contraria
661 3242 753 3317 laudi,
775 3242 924 3318 attingam;
946 3260 1010 3300 nam
1031 3245 1120 3320 prima
1142 3242 1231 3300 virtus
1255 3249 1300 3299 est

311 3331 382 3388 vitio
398 3345 509 3386 carere.
538 3325 628 3402 lgitur
644 3335 708 3384 ante
727 3325 871 3384 omniane
886 3343 1035 3404 speremus
1052 3334 1179 3384 ornatam
1195 3325 1341 3386 oratio-42

312 3429 378 3471 nem
392 3411 468 3485 fore,
484 3427 565 3488 quae*
576 3407 785 3486 probabilis
801 3426 858 3467 non
874 3411 937 3467 erit.
974 3406 1127 3469 Probabile
1144 3417 1237 3467 autem
1254 3405 1299 3466 Gi-

313 3511 383 3554 cero
399 3494 427 3553 id
442 3512 533 3570 genus
551 3493 628 3567 dicit,
647 3492 723 3569 quod
738 3509 794 3550 non
809 3493 874 3570 plus
890 3493 1018 3551 minusve
1034 3501 1089 3567 est,
1108 3510 1190 3570 quam
1204 3492 1299 3551 decet.

312 3578 378 3638 Non
399 3580 464 3656 quia
488 3577 562 3637 corni
584 3576 765 3654 expolirique
779 3564 843 3634 bon
865 3575 983 3644 debeat;
1000 3594 1065 3634 nam
1084 3585 1113 3634 et
1129 3575 1202 3635 haec
1218 3593 1300 3634 orua-

313 3670 359 3720 tus
375 3678 443 3738 pars
461 3669 520 3730 est;
542 3659 594 3718 sed
616 3660 681 3736 quia
694 3661 793 3718 vitium
812 3668 856 3718 est
871 3659 992 3736 ubique,
1018 3660 1094 3737 quod
1115 3661 1228 3718 nimium
1245 3666 1299 3717 est.

314 3742 415 3822 ltaque
430 3744 492 3806 vult
509 3762 576 3805 esse
591 3743 789 3803 auctoritatem
814 3743 842 3802 in
858 3743 972 3822 verbis,
993 3745 1149 3804 sententias
1169 3742 1218 3802 vel
1238 3750 1343 3819 gra-43
