3184 4409
336 453 377 515 to
653 405 1014 523 rrumcnmnmrnm

336 619 473 699 prosequi
487 634 544 677 non
554 617 647 695 possit
660 619 797 694 intentio,
812 634 869 677 nec
880 616 1049 676 traiectione
1063 615 1138 676 ultra
1150 616 1269 678 modum
1281 617 1329 696 by·

335 703 447 784 perbati
462 702 525 760 linis
539 703 600 760 eins
618 702 774 761 differatur.
815 699 925 775 Quibus
942 699 1036 761 adbuc
1051 700 1135 778 peior
1150 709 1197 761 est
1209 703 1331 764 mixtura

334 788 504 860 verborum,
521 785 612 863 qualis
625 787 654 845 in
666 786 717 846 illo
731 803 819 845 uersu

417 869 508 931 Sacc
521 877 631 930 cocunt
640 868 731 943 itali,
746 870 855 930 mediis
868 884 949 947 quoe
961 870 995 930 irs
1007 865 1167 946 fluenda-s,
1182 884 1272 930 crus.

293 957 325 1010 15
333 954 426 1015 Etiam
446 954 645 1012 interiectione
668 954 739 1031 (qua
759 962 788 1012 et
808 962 941 1013 oratores
962 961 992 1013 et
1011 952 1143 1012 historici
1162 951 1330 1031 frequenter

334 1048 464 1113 utuntur,
489 1045 519 1096 ut
534 1037 628 1096 medio
646 1053 779 1096 sermone
797 1037 922 1115 aliquem
941 1038 1069 1111 inserant
1089 1038 1225 1116 sensnm)
1245 1039 1327 1117 impe·

335 1123 388 1182 diri
411 1121 487 1180 solet
511 1121 695 1196 intellectus,
725 1122 794 1195 nisi,
824 1122 902 1199 qnod
925 1121 1132 1198 interponitur,
1159 1119 1256 1182 breve
1278 1130 1327 1183 est

334 1205 406 1265 Nam
420 1205 565 1281 Vergilius
580 1205 632 1265 illo
645 1205 728 1279 loco,
747 1221 805 1282 quo
823 1204 932 1283 pullum
947 1204 1080 1283 equinum
1095 1203 1256 1284 describit,
1272 1224 1329 1267 cnm

334 1289 465 1365 dixisset,

591 1369 658 1434 Nec
676 1389 772 1432 camos
791 1371 895 1434 boaret
913 1372 1069 1450 ctrcpttus,
1109 1400 1121 1409 -

334 1455 528 1536 compluribus
543 1457 658 1515 insertis
677 1456 732 1515 alia
747 1456 838 1532 ligura
853 1457 950 1533 quinto
967 1455 1079 1516 demum
1091 1474 1182 1516 versu
1196 1458 1286 1536 redit,

415 1573 457 1586 —
473 1575 511 1584 -
531 1537 621 1616 Tum,
643 1540 672 1600 si
686 1557 747 1617 quc
766 1558 873 1602 summ
883 1539 996 1620 procul
1009 1557 1100 1602 crmc
1119 1541 1250 1620 dedere,

415 1621 508 1685 Stare
524 1625 591 1685 loco
605 1625 710 1687 nescit

290 1707 452 1770 16Vitanda
466 1709 496 1767 in
510 1708 607 1786 primis
623 1707 810 1784 ambiguitas,
831 1724 889 1767 non
903 1707 978 1767 haec
992 1706 1105 1783 solum,
1125 1707 1162 1766 de
1181 1709 1266 1768 cuins
1281 1727 1330 1786 ge·

333 1809 404 1850 nere
422 1809 510 1870 supra
530 1790 635 1850 dictum
656 1800 716 1867 est,
738 1809 812 1870 quae
827 1792 966 1852 incertum
988 1790 1167 1851 intellectum
1188 1791 1276 1852 iacit:
1302 1802 1332 1852 nt

333 1872 517 1937 Chremetem
538 1876 644 1936 audiui
664 1877 858 1955 percussisse
876 1874 1031 1944 Demeam·
1058 1874 1110 1934 sed
1128 1875 1180 1935 illa
1200 1893 1330 1956 quoqne,

333 1977 421 2036 quae,
436 1959 545 2018 etiamsi
560 1959 675 2018 turbare
690 1977 747 2018 non
762 1968 861 2038 potest
876 1977 1008 2034 sensum,
1023 1959 1052 2017 in
1062 1959 1138 2019 idem
1152 1968 1252 2019 tamen
1266 1979 1330 2020 ver·

330 2042 433 2102 borum
448 2045 545 2103 vitium
560 2044 674 2120 incidit,
690 2052 720 2102 nt
735 2046 759 2103 si
777 2044 840 2121 quis
859 2044 951 2118 dicat,
973 2044 1071 2104 cisum
1088 2062 1119 2105 c·
1129 2061 1164 2104 se
1179 2045 1332 2106 bormiaem

330 2128 440 2188 librum
462 2128 652 2189 scribentem.
693 2127 764 2186 Nam
784 2128 895 2187 etiamsi
917 2125 1019 2186 librum
1040 2125 1076 2186 ab
1100 2126 1217 2187 homine
1244 2127 1331 2188 scribi

331 2221 426 2290 patet:
447 2212 521 2271 male
536 2220 631 2271 tamen
646 2212 842 2291 composuerit
857 2212 1018 2291 feceritque
1039 2209 1217 2288 ambiguum,
1243 2230 1329 2291 qnan-

331 2298 431 2355 lumin
450 2297 514 2374 ipso
531 2294 592 2353 fuit.

290 2387 323 2442 17
415 2378 469 2438 Est
492 2381 575 2438 etiam
594 2380 623 2439 in
645 2379 812 2458 quibusdam
832 2377 914 2439 turba
935 2379 1058 2439 inanium
1077 2377 1252 2456 verborum,
1271 2381 1330 2459 qui,

332 2464 396 2522 dum
418 2481 593 2523 communem
612 2463 748 2540 loquendi
768 2481 877 2523 morem
898 2463 1102 2538 reformidant,
1130 2463 1207 2523 ducti
1228 2465 1330 2542 specie

331 2547 430 2605 nitoris
459 2551 633 2608 circumeunt
656 2549 748 2607 omnia
766 2549 887 2626 copiosa
909 2547 1099 2625 loquacitate,
1129 2564 1204 2624 quae
1230 2547 1330 2608 dicere

332 2631 446 2699 nolunt;
469 2632 560 2709 ipsam
581 2632 684 2690 deinde
703 2632 781 2690 illam
796 2633 903 2691 seriem
918 2648 982 2690 cnm
997 2630 1053 2689 alia
1074 2630 1158 2690 simili
1174 2632 1329 2708 iungentes

332 2716 560 2792 miscentesqne,
585 2716 659 2774 ultra
687 2733 770 2793 quam
793 2716 868 2775 ullus
889 2716 1006 2793 spiritus
1024 2714 1128 2774 durare
1143 2716 1255 2792 possit,
1280 2735 1329 2776 ex·

290 2798 456 2859 lStendunt.
497 2798 527 2858 ln
543 2798 599 2857 hoc
615 2799 718 2858 malum
734 2818 749 2859 a
766 2799 934 2877 quibusdam
949 2800 1033 2857 etiam
1048 2798 1209 2863 laboratur:
1232 2817 1331 2877 neque

330 2884 360 2942 id
375 2899 479 2941 novum
499 2883 596 2941 vitium
612 2891 672 2958 est,
699 2901 762 2942 cum
782 2885 838 2943 iam
854 2883 929 2961 apud
945 2881 1037 2941 Titum
1051 2880 1159 2941 Livium
1174 2883 1329 2959 inveniam,

330 2967 421 3026 fuisse
437 2975 658 3044 praeceptorem
670 2967 810 3044 aliquem,
827 2968 874 3044 qui
885 2966 1043 3045 discipulos
1059 2966 1235 3042 obscurare,
1253 2985 1331 3046 quae

331 3052 482 3126 dicerent,
499 3049 626 3125 iuberet,
650 3048 761 3110 Graeco
777 3050 869 3110 verbo
887 3059 969 3110 utens
986 3045 1129 3110 σκότισον.
1172 3049 1257 3110 Unde
1280 3051 1330 3111 illa

332 3135 444 3194 scilicet
461 3137 580 3212 egregia
600 3134 740 3193 laudatio:
761 3132 857 3197 Tanto
876 3136 1001 3204 metim,-
1023 3154 1062 3195 me
1076 3135 1269 3212 epoqua'dem
1283 3137 1328 3196 in·

289 3224 322 3278 19
329 3219 439 3282 tellemt'.
472 3219 547 3294 Alii,
564 3218 733 3277 brevitatem
744 3218 878 3279 aemulati
890 3220 1055 3278 necessaria
1070 3235 1187 3297 quoque
1204 3220 1329 3281 orationi

330 3301 498 3362 subtrahunt
512 3302 601 3362 verba
620 3312 662 3377 et,
685 3302 766 3362 velut
780 3304 850 3362 satis
866 3303 903 3361 sit
922 3304 998 3362 scire
1017 3304 1115 3380 ipsos,
1137 3320 1213 3380 quae
1227 3303 1328 3363 dicere

329 3386 432 3461 velint,
463 3396 596 3463 quantum
622 3387 657 3445 ad
682 3386 755 3446 alios
781 3387 941 3464 pertineat,
969 3385 1039 3446 nihil
1060 3395 1168 3465 putant.
1208 3385 1249 3447 At
1270 3404 1327 3464 ego

330 3471 452 3527 otiosum
468 3488 629 3529 sermonem
645 3471 779 3544 dixerim,
803 3487 888 3548 quem
906 3471 1018 3530 auditor
1033 3488 1086 3529 sno
1104 3472 1221 3546 ingenio
1243 3471 1327 3530 intel·

329 3553 400 3628 ligit.
443 3552 578 3627 Quidam,
603 3556 733 3613 emutatis
748 3555 776 3611 in
798 3571 967 3631 perversum
981 3554 1094 3614 dicendi
1112 3554 1229 3631 liguris,
1252 3555 1326 3615 idem

287 3639 423 3696 novitium
440 3647 662 3713 consequuntur.
695 3637 822 3696 Pessima
836 3656 908 3699 vero
926 3646 990 3697 sunt
1005 3630 1180 3714 ἀδιανόητα,
1196 3637 1255 3698 boc
1271 3645 1325 3713 est,

330 3739 403 3800 quae
425 3720 521 3780 verbis
537 3731 637 3799 aperta
655 3721 787 3781 occultos
803 3739 906 3781 sensus
924 3720 1044 3782 habent:
1065 3731 1095 3782 ut
1118 3719 1194 3783 Cum
1214 3723 1326 3785 ductus
