3184 4409
335 463 397 527 226
654 473 1015 550 unumunurmmm

320 623 487 712 'pecuniam
499 645 578 689 suam
593 627 721 707 pluribus
737 630 873 707 largitur,
896 630 950 705 ita,
974 646 1048 707 quae
1067 628 1194 690 lormnm.
1232 629 1333 692 Verba
1349 690 1351 693 ,

337 725 402 776 sunt
417 718 445 774 in
460 715 504 774 his
520 713 621 772 similia
635 717 792 775 uetustatis
807 723 836 774 et
850 715 1035 792 lurpite'om'a,
1052 715 1096 772 vis
1112 715 1227 793 quidem
1243 716 1332 793 longe

295 809 328 866 ut
337 800 451 860 diversa
464 801 624 878 [pecuniae
636 806 664 856 et
676 799 853 876 amicitiael.
876 796 977 875 ltaque
989 798 1017 856 in
1028 797 1332 875 bocgenercmaxime

338 884 499 961 quaeritur,
521 900 557 941 an
574 883 666 941 simile
682 884 734 958 sit,
756 881 834 961 qnod
848 880 978 940 infertur.
1017 880 1111 940 Etiam
1126 884 1154 941 in
1169 884 1228 943 illis
1244 886 1331 944 inter·

336 966 534 1043 rogationibus
556 967 702 1041 Socratis,
730 980 848 1045 quarum
868 964 956 1042 paulo
976 973 1042 1023 ante
1065 965 1122 1024 ieci
1144 969 1330 1043 mentionem,

339 1051 510 1125 cavendum,
538 1068 574 1108 ne
596 1050 710 1109 incaute
732 1044 927 1127 respondeam
956 1057 986 1106 nt
1005 1048 1081 1125 apud
1095 1048 1262 1110 Aeschinen
1278 1053 1330 1111 So·

338 1133 569 1194 craticummale
589 1134 738 1211 respondit
757 1133 900 1211 Aspasiae
921 1131 1122 1210 Xenophontis
1136 1152 1230 1209 uxor,
1252 1134 1331 1214 quod

283 1209 330 1280 '28
338 1214 441 1277 Cicero
458 1219 502 1278 his
517 1217 614 1277 verbis
631 1217 783 1277 transfert:
804 1215 865 1278 Dic
878 1217 967 1291 nubi,
983 1232 1110 1295 quaeso,
1127 1216 1332 1298 Xenophontis

298 1334 303 1357 t
336 1319 425 1378 uuor,
441 1306 469 1364 si
483 1303 586 1363 uicina
603 1311 655 1363 tuo
670 1303 776 1363 ruelc'ua
790 1301 902 1362 tabeat
918 1319 1045 1377 aurum,
1063 1316 1155 1379 quom
1169 1313 1201 1365 tu
1216 1304 1331 1384 bobes:

337 1393 475 1447 utrumne
498 1387 581 1447 illius
599 1405 641 1446 ou
662 1394 744 1446 tuum
764 1386 875 1445 mulis?
915 1381 1019 1460 ltttm,
1039 1386 1154 1462 ,inputa
1199 1384 1284 1459 Ouid
1305 1387 1331 1446 εἰ

336 1477 449 1530 uestem
460 1477 488 1532 et
499 1476 631 1531 ceterum
643 1478 782 1531 emotum
792 1467 966 1528 muliebrem
973 1470 1066 1548 pretii
1075 1471 1331 1545 maior-isbobeut,

338 1570 429 1631 quum
449 1562 481 1615 tu
500 1553 610 1614 buben:
633 1561 756 1614 tuumne
770 1570 813 1613 uu
827 1553 910 1613 illiue
924 1554 1035 1613 mulir?
1067 1551 1155 1614 llla’ua
1168 1573 1258 1628 vero,
1281 1573 1331 1614 re-

327 1639 468 1716 spondit.
511 1634 550 1695 Aa
571 1636 661 1712 cedo,
683 1637 796 1713 inquit,
818 1637 847 1696 ci
859 1636 959 1695 ulrum
972 1638 1026 1697 illo
1039 1639 1192 1698 meliorem
1208 1639 1331 1712 habeut,

296 1727 429 1799 utiquam
444 1729 475 1782 tu
490 1721 600 1781 buben:
620 1726 760 1780 utrumme
774 1728 856 1780 tuum
869 1720 968 1779 uirum
982 1721 1071 1781 moda
1086 1740 1128 1781 cu
1142 1722 1246 1783 iuius?
1278 1721 1332 1780 llic

337 1804 439 1864 mulier
461 1803 588 1878 erubuit,
613 1804 728 1872 merito;
757 1804 833 1862 male
857 1803 931 1860 enim
951 1803 1157 1880 responderat,
1184 1823 1220 1866 ae
1239 1806 1332 1866 molle

337 1890 470 1950 alienum
484 1907 593 1949 aurum
611 1905 702 1968 quum
716 1906 822 1958 nuum·
843 1904 907 1946 nam
922 1894 967 1945 est
984 1887 1012 1946 id
1027 1887 1195 1966 improbum.
1232 1887 1289 1962 dt,
1307 1889 1331 1946 si

337 1972 551 2050 respondisset,
576 1973 667 2035 malle
684 1990 718 2033 se
740 1990 851 2032 curum
865 1987 953 2031 cuum
967 1973 1028 2032 tote
1044 1990 1126 2048 esse,
1148 1973 1239 2049 quale
1252 1971 1331 2032 illud

337 2065 433 2132 esset,
456 2058 599 2135 potuisset
619 2057 723 2134 pudice
738 2055 934 2134 respondere,
963 2055 1053 2117 made
1072 2075 1106 2116 sc
1123 2057 1223 2115 uirum
1241 2074 1330 2115 auum

337 2143 425 2201 telem
441 2160 524 2215 esse,
546 2142 645 2217 qualis
658 2142 763 2200 melior
777 2149 864 2202 earet.

294 2226 329 2280 ³0
420 2226 488 2285 Scio
504 2224 642 2303 quosdam
658 2225 732 2282 inani
747 2223 895 2300 diligentia
911 2241 964 2301 per
979 2222 1178 2282 minutissimas
1193 2223 1249 2281 ista
1263 2240 1328 2300 par·

336 2316 381 2367 tes
401 2310 549 2382 secuisse,
580 2317 608 2366 et
626 2325 693 2366 esse
713 2307 819 2384 aliquid
834 2308 925 2366 minus
947 2307 1056 2380 simile,
1077 2316 1108 2365 ut
1125 2307 1204 2365 simia
1221 2305 1328 2364 homiui

333 2394 366 2450 'ct
387 2408 527 2450 marmora
549 2391 707 2450 deformata
732 2393 822 2467 prima
842 2409 940 2465 mauu,
968 2388 1076 2468 aliquid
1095 2390 1176 2468 plus,
1199 2398 1230 2448 ut
1245 2389 1328 2463 illud,

335 2473 403 2535 Nou
423 2494 510 2536 ovum
530 2482 592 2535 tum
606 2477 702 2535 sancite
718 2493 789 2542 oona
812 2483 842 2532 et
855 2473 1039 2533 dissimilibus
1057 2476 1153 2532 inesse
1168 2471 1278 2546 simile,
1300 2480 1332 2531 nt

335 2558 472 2617 formicae
490 2566 519 2615 et
534 2558 688 2635 elephanto
704 2575 812 2633 genus,
830 2559 896 2634 quia
908 2557 1130 2624 suntanimalia;
1149 2565 1178 2616 et
1189 2555 1331 2615 similibus

336 2642 487 2715 dissimile,
509 2649 540 2698 ut
552 2676 593 2687 —
609 2639 743 2702 Canibus
760 2641 875 2701 catulos
889 2650 918 2702 et
934 2643 1083 2702 matribus
1097 2642 1225 2715 boedon,
1248 2640 1331 2699 dille·

294 2733 399 2785 3lrunt
421 2726 494 2783 enim
514 2734 625 2791 aetatc3
655 2726 861 2784 contrariorum
877 2742 996 2802 quoqne
1013 2725 1097 2784 aliter
1118 2725 1213 2802 accipi
1235 2740 1330 2802 oppo-

336 2811 405 2882 sita,
429 2817 459 2866 ut
473 2817 588 2866 noctem
604 2809 679 2884 luci,
702 2808 786 2868 aliter
803 2811 907 2883 noxia,
930 2817 960 2866 nt
976 2827 1077 2886 aquarn
1094 2807 1224 2884 frigidam
1242 2806 1331 2881 febri,

336 2892 420 2950 aliter
436 2894 639 2969 repugnantia,
662 2902 693 2951 ut
707 2909 807 2950 verum
821 2891 916 2967 falso,
939 2892 1023 2951 aliter
1038 2892 1198 2969 disparata,
1215 2899 1247 2948 ut
1260 2891 1332 2950 dura

335 2993 392 3035 non
413 2976 504 3041 duris;
532 2975 601 3051 sed,
630 2977 695 3052 quid
717 2975 790 3034 baec
812 2975 1002 3053 adpraesens
1018 2976 1196 3055 propositum
1211 2991 1331 3050 magno·

335 3079 406 3138 pere
424 3061 599 3138 pertincant,
623 3077 679 3119 non
693 3061 821 3136 reperio.

293 3152 328 3206 32
418 3143 492 3203 Illud
513 3153 558 3203 est
579 3143 767 3203 annotandum
788 3144 897 3219 magis,
928 3150 1094 3218 argumenta
1116 3141 1182 3201 duci
1203 3158 1241 3200 ex
1267 3141 1332 3199 iure

335 3228 432 3286 simili:
462 3237 492 3286 nt
508 3226 612 3288 Cicero
637 3230 664 3286 in
685 3226 819 3305 Topicis,
851 3223 908 3301 nt,
934 3228 1106 3288 cuidomus
1122 3225 1333 3303 ususfructus

335 3313 459 3372 relictus
474 3315 528 3387 sit,
550 3332 610 3374 aton
625 3313 831 3372 restituturum
845 3310 1005 3385 deredem,
1026 3311 1055 3370 ai
1069 3311 1239 3384 corruerit,
1258 3309 1332 3386 prtia

325 3413 394 3456 mou
408 3397 547 3457 restituat
561 3414 700 3470 seruum,
720 3397 748 3455 εἰ
763 3395 790 3454 a'a
805 3395 992 3464 decusserim
1012 3412 1049 3452 ex
1064 3395 1224 3452 contrario:
1248 3391 1333 3453 Ntttt

335 3479 448 3552 obstat,
465 3496 524 3556 quo
534 3482 632 3540 minua
642 3482 752 3540 tuntum
761 3480 982 3538 matrimonium
992 3479 1031 3537 ait
1042 3485 1138 3538 mente
1150 3478 1330 3550 coeuntium,

336 3563 453 3624 etiamsi
469 3564 591 3624 tabulae
605 3565 745 3642 sipuotne
758 3580 818 3622 uou
832 3562 958 3640 fuerint.
1000 3558 1084 3622 Nibil
1099 3562 1176 3622 cuim
1191 3561 1332 3639 proderit

336 3648 476 3726 menoare
497 3648 635 3720 tubulus,
663 3648 692 3707 ai
711 3654 838 3708 meatem
860 3646 1044 3706 matrimonii
1063 3664 1123 3705 mou
1143 3645 1240 3723 fuisse
1258 3662 1330 3705 con-

286 3731 439 3802 commu
457 3748 497 3790 ex
511 3729 658 3808 dissimili,
677 3730 762 3810 quale
778 3738 824 3788 est
838 3727 988 3789 Ciceronis
1003 3745 1057 3806 pro
1074 3725 1213 3788 Caecina:
1239 3726 1287 3804 Ut,
1302 3728 1331 3788 ai
