3184 4409
342 469 382 530 94
655 439 1014 560 marmomuummnr

343 638 477 716 quentiae
498 637 573 696 inter
593 636 712 695 iuvenes
729 637 909 711 invenimus,
938 636 1005 713 quin
1026 636 1056 694 iu
1076 636 1222 696 caelatura
1244 635 1331 716 clipei

318 722 464 787 9thillis
485 730 513 780 et
528 721 594 780 lites
612 729 676 779 sunt
697 729 726 778 et
740 729 867 780 actores.
903 719 977 779 lllud
999 721 1074 779 enim
1091 721 1246 780 admouere
1261 723 1330 780 satis

339 807 402 881 est,
422 808 529 880 omnia,
547 823 619 883 quae
635 823 681 864 ars
697 806 946 879 consummaverit,
964 814 1094 864 aratura
1109 807 1187 864 initia
1203 805 1331 864 duxisse.

342 891 399 949 Aut
414 890 531 948 tollatur
543 890 699 962 medicina,
716 906 789 965 quae
806 906 844 947 ex
859 887 1061 947 observatione
1076 889 1232 948 salubrium
1246 897 1332 966 atque

342 975 386 1033 his
402 974 609 1033 contrariorum
623 981 740 1049 reperta
756 981 816 1047 est,
840 980 884 1046 et,
905 980 936 1030 ut
957 972 1123 1049 quibusdam
1138 973 1251 1050 placet,
1273 982 1333 1032 tota

343 1067 456 1118 constat
475 1057 695 1135 experimentis;
716 1064 826 1115 namet
844 1055 946 1115 vulnus
964 1057 1101 1133 deligavit
1116 1057 1236 1135 aliquis,
1253 1066 1332 1116 ante·

343 1160 425 1222 quam
446 1142 519 1200 haec
539 1159 586 1200 ars
609 1149 706 1215 esset,
730 1150 759 1199 et
778 1140 890 1200 febrem
910 1143 1007 1218 quiete
1024 1150 1053 1199 et
1067 1140 1254 1215 abstinentia,
1276 1157 1334 1199 non

343 1229 407 1305 quia
425 1229 564 1285 rationem
583 1224 714 1298 videbat,
737 1224 788 1283 sed
812 1225 877 1302 quia
897 1224 926 1284 id
946 1224 1080 1284 valetudo
1096 1228 1159 1302 ipsa
1182 1233 1333 1301 coegerat,

301 1312 490 1386 lomitigavit.
518 1308 582 1367 Neo
597 1308 707 1368 fabrica
722 1310 758 1366 sit
772 1326 835 1382 ars,
853 1326 935 1367 casas
952 1311 1026 1367 enim
1041 1310 1123 1386 primi
1136 1309 1177 1368 illi
1193 1310 1255 1367 sine
1272 1318 1335 1368 arte

318 1445 321 1449 .
342 1396 487 1460 lecerunt;
509 1411 564 1452 nec
578 1394 702 1466 musica,
719 1401 848 1451 cantatur
864 1409 899 1451 ao
914 1393 1034 1452 saltatur
1048 1411 1101 1470 per
1115 1410 1214 1452 omues
1228 1402 1334 1469 gentes

343 1479 438 1556 aliquo
453 1477 548 1549 modo.
579 1475 620 1535 lta
636 1478 660 1534 si
675 1476 821 1536 rhetorice
833 1478 933 1536 vocari
949 1477 1035 1536 debet
1050 1494 1144 1536 sermo
1158 1478 1334 1554 quicunque,

302 1563 433 1622 lliuisse
455 1579 534 1634 eam,
558 1569 708 1638 antequam
735 1570 815 1619 esset
837 1578 901 1636 ars,
924 1560 1098 1628 conitebor;
1127 1562 1151 1619 si
1172 1577 1244 1619 vero
1264 1577 1334 1636 non,

344 1647 472 1724 quisquis
488 1645 629 1722 loquitur,
653 1653 750 1702 orator
766 1654 827 1720 est,
849 1654 879 1703 et
900 1654 958 1704 tum
977 1663 1033 1704 non
1049 1655 1181 1722 tanquam
1201 1654 1334 1704 oratores

344 1728 548 1806 loquebantur:
578 1740 701 1787 necesse
724 1737 784 1803 est,
808 1738 952 1788 oratorem
974 1729 1080 1789 iactum
1103 1737 1165 1789 arte
1187 1744 1242 1787 nec
1267 1738 1333 1787 ante

343 1823 432 1873 artem
447 1813 553 1887 luisse,
574 1812 725 1872 fateantur.
762 1811 826 1885 Quo
843 1812 913 1872 illud
929 1830 1045 1895 quoque
1060 1813 1237 1887 excluditur,
1256 1812 1335 1890 quod

344 1898 455 1973 dicunt,
475 1913 531 1955 non
554 1915 621 1955 esse
642 1898 709 1955 artis
729 1897 773 1972 id,
798 1897 874 1974 quod
896 1898 1002 1957 iaciant
1023 1899 1069 1976 qui
1088 1915 1146 1956 non
1165 1897 1333 1963 didicerint;

302 1982 440 2041 ladicere
461 1990 556 2040 autem
576 1981 705 2039 homines
729 1990 757 2040 et
778 1982 825 2059 qui
848 1998 904 2040 non
926 1983 1086 2042 didicerint.
1121 1981 1166 2043 Ad
1189 1982 1271 2040 ouius
1291 1981 1334 2040 rei

343 2066 585 2126 confirmationem
600 2066 737 2141 aderunt,
754 2064 916 2141 Demaden,
936 2069 1089 2143 remigem,
1111 2075 1140 2124 et
1155 2064 1333 2140 Aeschinen,

342 2151 528 2228 hypocriten,
550 2159 683 2210 oratores
698 2149 796 2208 luisse.
828 2148 929 2218 Falso;
951 2167 1015 2208 nam
1029 2168 1124 2227 neque
1140 2159 1240 2208 orator
1255 2167 1332 2223 esse,

344 2237 390 2312 qui
411 2253 467 2294 non
488 2235 601 2310 didicit,
623 2243 737 2313 potest,
762 2243 790 2292 et
810 2233 864 2292 hos
885 2251 952 2293 sero
975 2235 1172 2312 potiusquam
1192 2251 1333 2311 nunquam

343 2320 567 2396 didicisse=quis
593 2320 707 2378 dixerit.
749 2317 916 2395 Quanquam
942 2318 1104 2379 Aeschines
1130 2316 1164 2378 ab
1189 2318 1272 2375 initio
1299 2319 1333 2374 sit

342 2413 474 2462 versatus
488 2404 516 2462 iu
532 2402 650 2476 litteris,
667 2419 737 2479 quas
753 2411 836 2478 pater
851 2405 913 2461 eius
929 2405 1012 2461 etiam
1028 2402 1165 2469 docebat;
1184 2397 1333 2460 Demaden

343 2504 437 2563 neque
456 2503 513 2543 non
529 2487 664 2545 didicisse
686 2494 794 2545 certum
815 2487 866 2560 sit,
890 2495 919 2544 et
936 2488 1069 2546 continua
1090 2485 1202 2546 dicendi
1220 2486 1333 2544 exerui·

343 2573 413 2628 tatio
438 2571 564 2646 potuerit
588 2578 710 2643 tantum,
733 2578 968 2648 quantuscunque
991 2581 1094 2650 postea
1116 2571 1183 2644 luit,
1207 2568 1331 2635 fecisse;

303 2665 405 2717 lanam
420 2653 448 2712 id
467 2653 694 2732 potentissimum
713 2652 843 2711 discendi
861 2671 954 2729 genus
970 2665 1024 2715 est.
1063 2655 1120 2715 Sed
1140 2662 1169 2713 et
1184 2662 1332 2730 praestan-

344 2740 463 2811 tiorem,
493 2738 517 2795 si
544 2737 705 2810 didicisset,
732 2736 856 2795 loturum
881 2737 971 2797 luisse
998 2740 1096 2799 dicere
1123 2739 1209 2805 licet;
1237 2753 1333 2814 neque

281 2842 294 2867 κ
344 2823 418 2881 enim
438 2821 583 2880 orationes
606 2820 735 2879 scribere
759 2829 804 2879 est
821 2838 922 2896 ausus,
942 2832 972 2882 ut
992 2842 1056 2882 eum
1075 2823 1191 2882 multum
1204 2822 1334 2882 valuisse

303 2908 371 2968 lein
386 2905 508 2964 dicendo
528 2907 660 2964 sciamus.
692 2903 882 2981 Aristoteles,
907 2915 937 2965 ut
957 2908 1050 2982 solet,
1070 2905 1225 2984 quaerendi
1240 2905 1333 2980 gratia

345 2990 482 3068 quaedam
503 2989 666 3049 subtilitatis
688 3006 756 3047 suae
780 2999 946 3066 argumenta
967 2993 1145 3069 excogitavit
1164 2991 1192 3047 in
1215 2987 1332 3063 Gryllm

322 3091 326 3098 ·
344 3074 485 3133 sedidem
500 3083 529 3132 et
543 3075 579 3133 de
595 3082 655 3133 arte
670 3073 815 3133 rhetorica
829 3075 881 3132 tris
895 3074 985 3134 libros
1000 3077 1130 3153 scripsit,
1147 3083 1175 3132 et
1190 3074 1218 3131 in
1234 3089 1334 3131 eorum

345 3159 435 3234 primo
455 3174 511 3216 non
531 3167 620 3217 artem
640 3156 732 3215 solum
752 3175 815 3216 eam
830 3158 936 3218 latetur
950 3160 1003 3219 sed
1018 3161 1045 3218 ei
1060 3157 1228 3235 particulam
1244 3156 1332 3216 civili·

290 3243 410 3302 ¹lutatis
436 3244 510 3301 siout
536 3242 719 3315 dialectices,
748 3243 885 3318 assignat.
935 3242 1024 3303 Multa
1051 3242 1195 3303 Critolaus
1222 3248 1333 3313 contra,

344 3324 430 3383 multa
446 3325 574 3384 Rhodius
589 3325 803 3385 Athenodorus.
837 3325 942 3403 Agnou
958 3329 1071 3405 quidem
1087 3327 1210 3388 detraxit
1224 3325 1280 3384 sibi
1293 3325 1333 3382 iu·

345 3410 502 3486 scriptione
516 3410 579 3486 ipsa
593 3409 691 3484 fidem,
709 3426 764 3486 qua
778 3409 939 3469 rhetorices
954 3415 1166 3471 accusationem
1182 3409 1334 3487 professus

347 3501 400 3550 est.
424 3491 450 3551 N
452 3511 495 3551 aru
508 3493 543 3552 de
555 3493 692 3572 Epicuro,
708 3495 755 3569 qui
767 3493 932 3571 disciplinas
945 3513 1043 3555 omncs
1059 3495 1142 3572 lugit,
1154 3494 1224 3554 nihil
1235 3495 1332 3552 miror.

304 3585 337 3639 16
428 3575 463 3635 lli
485 3578 631 3655 complura
652 3577 748 3636 dicunt
769 3577 821 3636 sed
842 3595 879 3636 ex
900 3583 1000 3655 paucis
1021 3581 1093 3640 locis
1115 3580 1216 3646 duota;
1238 3581 1335 3655 itaque

346 3661 552 3738 potentissimis
568 3673 666 3720 eorum
684 3660 812 3719 breviter
827 3678 986 3739 occurram,
1000 3683 1036 3723 ne
1052 3667 1080 3723 iu
1094 3664 1232 3722 inlinitum
1248 3678 1334 3740 quae·

306 3753 338 3808 17
347 3748 403 3806 stio
421 3744 532 3805 evadat.
567 3745 658 3805 Prima
674 3745 718 3804 his
734 3749 942 3822 argumentatio
960 3768 997 3809 ex
1011 3750 1129 3810 materia
1145 3757 1200 3806 cst.
1229 3745 1336 3806 Omnes

274 3872 340 3907 ..k
