<?xml version="1.0" encoding="UTF-8"?>
<!DOCTYPE html PUBLIC "-//W3C//DTD XHTML 1.0 Transitional//EN"
    "http://www.w3.org/TR/xhtml1/DTD/xhtml1-transitional.dtd">
<html xmlns="http://www.w3.org/1999/xhtml" xml:lang="en" lang="en">
 <head>
  <title>
</title>
<meta http-equiv="Content-Type" content="text/html;charset=utf-8" />
  <meta name='ocr-system' content='tesseract 3.04.00' />
  <meta name='ocr-capabilities' content='ocr_page ocr_carea ocr_par ocr_line ocrx_word'/>
</head>
<body>
  <div class='ocr_page' id='page_1' title='image "./mfabiiquintilia02quingoog_0083.png"; bbox 0 0 3184 4409; ppageno 0'>
   <div class='ocr_carea' id='block_1_1' title="bbox 559 499 1296 574">
    <p class='ocr_par' dir='ltr' id='par_1_1' title="bbox 559 499 1296 574">
     <span class='ocr_line' id='line_1_1' title="bbox 559 499 1296 574; baseline 0.001 -15"><span class='ocrx_word' id='word_1_1' title='bbox 559 510 648 559; x_wconf 77' lang='lat' dir='ltr'>nisu.</span> <span class='ocrx_word' id='word_1_2' title='bbox 672 510 821 559; x_wconf 78' lang='lat' dir='ltr'>naason.</span> <span class='ocrx_word' id='word_1_3' title='bbox 843 512 912 557; x_wconf 85' lang='lat' dir='ltr'>ma.</span> <span class='ocrx_word' id='word_1_4' title='bbox 936 512 964 574; x_wconf 91' lang='lat'>1,</span> <span class='ocrx_word' id='word_1_5' title='bbox 987 500 1028 562; x_wconf 79' lang='lat' dir='ltr'>tn.</span> <span class='ocrx_word' id='word_1_6' title='bbox 1256 499 1296 560; x_wconf 83' lang='lat'>55</span> 
     </span>
    </p>
   </div>
   <div class='ocr_carea' id='block_1_2' title="bbox 250 663 1337 2002">
    <p class='ocr_par' dir='ltr' id='par_1_2' title="bbox 250 663 1337 2002">
     <span class='ocr_line' id='line_1_2' title="bbox 300 663 1296 747; baseline -0.001 -20"><span class='ocrx_word' id='word_1_7' title='bbox 300 683 415 747; x_wconf 90' lang='lat' dir='ltr'>qunque</span> <span class='ocrx_word' id='word_1_8' title='bbox 437 667 466 726; x_wconf 94' lang='lat' dir='ltr'>in</span> <span class='ocrx_word' id='word_1_9' title='bbox 489 674 572 745; x_wconf 90' lang='lat' dir='ltr'>parte</span> <span class='ocrx_word' id='word_1_10' title='bbox 596 665 721 724; x_wconf 85' lang='lat' dir='ltr'>civilium</span> <span class='ocrx_word' id='word_1_11' title='bbox 745 666 840 743; x_wconf 90' lang='lat' dir='ltr'>posita</span> <span class='ocrx_word' id='word_1_12' title='bbox 866 667 1000 724; x_wconf 84' lang='lat' dir='ltr'>uirtutum</span> <span class='ocrx_word' id='word_1_13' title='bbox 1030 673 1059 724; x_wconf 91' lang='lat' dir='ltr'>et</span> <span class='ocrx_word' id='word_1_14' title='bbox 1080 663 1245 744; x_wconf 75' lang='lat' dir='ltr'>,Chrysippo</span> <span class='ocrx_word' id='word_1_15' title='bbox 1267 669 1296 725; x_wconf 90' lang='lat' dir='ltr'>in</span> 
     </span>
     <span class='ocr_line' id='line_1_3' title="bbox 298 749 1293 831; baseline -0.001 -20"><span class='ocrx_word' id='word_1_16' title='bbox 298 753 465 831; x_wconf 74' lang='lat' dir='ltr'>praeceptis</span> <span class='ocrx_word' id='word_1_17' title='bbox 481 750 517 810; x_wconf 92' lang='lat' dir='ltr'>de</span> <span class='ocrx_word' id='word_1_18' title='bbox 540 750 694 808; x_wconf 90' lang='lat' dir='ltr'>liberorum</span> <span class='ocrx_word' id='word_1_19' title='bbox 717 749 888 808; x_wconf 78' lang='lat' dir='ltr'>educatione</span> <span class='ocrx_word' id='word_1_20' title='bbox 909 751 1076 826; x_wconf 88' lang='lat' dir='ltr'>compositis</span> <span class='ocrx_word' id='word_1_21' title='bbox 1099 767 1155 808; x_wconf 94' lang='lat' dir='ltr'>non</span> <span class='ocrx_word' id='word_1_22' title='bbox 1178 753 1293 810; x_wconf 87' lang='lat' dir='ltr'>omissa.</span> 
     </span>
     <span class='ocr_line' id='line_1_4' title="bbox 299 831 1337 910; baseline 0.003 -16"><span class='ocrx_word' id='word_1_23' title='bbox 299 835 369 895; x_wconf 89' lang='lat' dir='ltr'>Nam</span> <span class='ocrx_word' id='word_1_24' title='bbox 383 835 629 894; x_wconf 88' lang='lat' dir='ltr'>Lacedaemonios</span> <span class='ocrx_word' id='word_1_25' title='bbox 649 831 763 910; x_wconf 89' lang='lat' dir='ltr'>quidem</span> <span class='ocrx_word' id='word_1_26' title='bbox 781 834 866 890; x_wconf 86' lang='lat' dir='ltr'>etiam</span> <span class='ocrx_word' id='word_1_27' title='bbox 878 833 1061 892; x_wconf 76' lang='lat' dir='ltr'>saltationem</span> <span class='ocrx_word' id='word_1_28' title='bbox 1078 835 1219 910; x_wconf 88' lang='lat' dir='ltr'>quandam</span> <span class='ocrx_word' id='word_1_29' title='bbox 1236 844 1295 894; x_wconf 83' lang='lat' dir='ltr'>tnn-</span> <span class='ocrx_word' id='word_1_30' title='bbox 1305 846 1337 898; x_wconf 82' lang='lat'>18</span> 
     </span>
     <span class='ocr_line' id='line_1_5' title="bbox 250 915 1323 998; baseline -0.008 -14"><span class='ocrx_word' id='word_1_31' title='bbox 250 980 252 984; x_wconf 81' lang='grc'>,</span> <span class='ocrx_word' id='word_1_32' title='bbox 301 937 384 998; x_wconf 90' lang='lat' dir='ltr'>quam</span> <span class='ocrx_word' id='word_1_33' title='bbox 399 919 434 979; x_wconf 89' lang='lat' dir='ltr'>ad</span> <span class='ocrx_word' id='word_1_34' title='bbox 456 918 535 977; x_wconf 92' lang='lat' dir='ltr'>bella</span> <span class='ocrx_word' id='word_1_35' title='bbox 559 934 675 994; x_wconf 90' lang='lat' dir='ltr'>quoque</span> <span class='ocrx_word' id='word_1_36' title='bbox 697 917 796 975; x_wconf 90' lang='lat' dir='ltr'>utilem</span> <span class='ocrx_word' id='word_1_37' title='bbox 817 915 952 975; x_wconf 87' lang='lat' dir='ltr'>babuisse</span> <span class='ocrx_word' id='word_1_38' title='bbox 974 919 1047 975; x_wconf 90' lang='lat' dir='ltr'>inter</span> <span class='ocrx_word' id='word_1_39' title='bbox 1071 921 1323 978; x_wconf 84' lang='lat' dir='ltr'>exercitationes</span> 
     </span>
     <span class='ocr_line' id='line_1_6' title="bbox 300 996 1295 1081; baseline 0 -19"><span class='ocrx_word' id='word_1_40' title='bbox 300 1004 475 1081; x_wconf 90' lang='lat' dir='ltr'>accepimus.</span> <span class='ocrx_word' id='word_1_41' title='bbox 520 1001 624 1078; x_wconf 85' lang='lat' dir='ltr'>Neque</span> <span class='ocrx_word' id='word_1_42' title='bbox 641 1001 668 1060; x_wconf 92' lang='lat' dir='ltr'>id</span> <span class='ocrx_word' id='word_1_43' title='bbox 685 1000 833 1062; x_wconf 86' lang='lat' dir='ltr'>veteribus</span> <span class='ocrx_word' id='word_1_44' title='bbox 855 999 991 1059; x_wconf 85' lang='lat' dir='ltr'>Romanis</span> <span class='ocrx_word' id='word_1_45' title='bbox 1012 1000 1150 1060; x_wconf 83' lang='lat' dir='ltr'>dedecori</span> <span class='ocrx_word' id='word_1_46' title='bbox 1168 996 1234 1070; x_wconf 81' lang='lat' dir='ltr'>fuit3</span> <span class='ocrx_word' id='word_1_47' title='bbox 1251 1021 1295 1062; x_wconf 91' lang='lat' dir='ltr'>ar·</span> 
     </span>
     <span class='ocr_line' id='line_1_7' title="bbox 299 1084 1295 1162; baseline 0 -16"><span class='ocrx_word' id='word_1_48' title='bbox 299 1095 463 1162; x_wconf 83' lang='lat' dir='ltr'>gumentum</span> <span class='ocrx_word' id='word_1_49' title='bbox 490 1095 535 1144; x_wconf 93' lang='lat' dir='ltr'>est</span> <span class='ocrx_word' id='word_1_50' title='bbox 557 1084 740 1144; x_wconf 88' lang='lat' dir='ltr'>sacerdotum</span> <span class='ocrx_word' id='word_1_51' title='bbox 766 1086 881 1142; x_wconf 91' lang='lat' dir='ltr'>nomine</span> <span class='ocrx_word' id='word_1_52' title='bbox 905 1102 939 1143; x_wconf 88' lang='lat' dir='ltr'>ac</span> <span class='ocrx_word' id='word_1_53' title='bbox 961 1084 1104 1160; x_wconf 77' lang='lat' dir='ltr'>religione</span> <span class='ocrx_word' id='word_1_54' title='bbox 1129 1085 1233 1146; x_wconf 89' lang='lat' dir='ltr'>durans</span> <span class='ocrx_word' id='word_1_55' title='bbox 1260 1087 1295 1146; x_wconf 92' lang='lat' dir='ltr'>ad</span> 
     </span>
     <span class='ocr_line' id='line_1_8' title="bbox 299 1166 1294 1255; baseline -0.002 -25"><span class='ocrx_word' id='word_1_56' title='bbox 299 1171 354 1230; x_wconf 90' lang='lat' dir='ltr'>boc</span> <span class='ocrx_word' id='word_1_57' title='bbox 375 1180 488 1255; x_wconf 88' lang='lat' dir='ltr'>tempus</span> <span class='ocrx_word' id='word_1_58' title='bbox 512 1169 644 1243; x_wconf 88' lang='lat' dir='ltr'>saltatio,</span> <span class='ocrx_word' id='word_1_59' title='bbox 667 1177 697 1226; x_wconf 91' lang='lat' dir='ltr'>et</span> <span class='ocrx_word' id='word_1_60' title='bbox 719 1168 799 1228; x_wconf 87' lang='lat' dir='ltr'>illa</span> <span class='ocrx_word' id='word_1_61' title='bbox 790 1186 818 1225; x_wconf 91' lang='lat' dir='ltr'>m</span> <span class='ocrx_word' id='word_1_62' title='bbox 839 1169 924 1226; x_wconf 89' lang='lat' dir='ltr'>tertio</span> <span class='ocrx_word' id='word_1_63' title='bbox 946 1166 1096 1226; x_wconf 81' lang='lat' dir='ltr'>Ciceronis</span> <span class='ocrx_word' id='word_1_64' title='bbox 1118 1169 1154 1228; x_wconf 89' lang='lat' dir='ltr'>de</span> <span class='ocrx_word' id='word_1_65' title='bbox 1172 1168 1294 1229; x_wconf 87' lang='lat' dir='ltr'>Oratore</span> 
     </span>
     <span class='ocr_line' id='line_1_9' title="bbox 299 1235 1294 1329; baseline 0 -16"><span class='ocrx_word' id='word_1_66' title='bbox 299 1254 372 1314; x_wconf 92' lang='lat' dir='ltr'>libro</span> <span class='ocrx_word' id='word_1_67' title='bbox 393 1235 484 1313; x_wconf 89' lang='lat' dir='ltr'>verba</span> <span class='ocrx_word' id='word_1_68' title='bbox 502 1252 618 1327; x_wconf 78' lang='lat' dir='ltr'>Crassi,</span> <span class='ocrx_word' id='word_1_69' title='bbox 637 1251 739 1329; x_wconf 87' lang='lat' dir='ltr'>quibus</span> <span class='ocrx_word' id='word_1_70' title='bbox 760 1253 920 1329; x_wconf 82' lang='lat' dir='ltr'>praecipit,</span> <span class='ocrx_word' id='word_1_71' title='bbox 943 1260 973 1318; x_wconf 87' lang='lat' dir='ltr'>ut</span> <span class='ocrx_word' id='word_1_72' title='bbox 992 1261 1091 1310; x_wconf 92' lang='lat' dir='ltr'>orator</span> <span class='ocrx_word' id='word_1_73' title='bbox 1106 1261 1202 1311; x_wconf 89' lang='lat' dir='ltr'>utatur</span> <span class='ocrx_word' id='word_1_74' title='bbox 1218 1255 1294 1313; x_wconf 86' lang='lat' dir='ltr'>lote-</span> 
     </span>
     <span class='ocr_line' id='line_1_10' title="bbox 299 1337 1294 1415; baseline 0.001 -19"><span class='ocrx_word' id='word_1_75' title='bbox 299 1357 365 1399; x_wconf 85' lang='lat' dir='ltr'>rnm</span> <span class='ocrx_word' id='word_1_76' title='bbox 386 1340 582 1399; x_wconf 79' lang='lat' dir='ltr'>inclinatione</span> <span class='ocrx_word' id='word_1_77' title='bbox 596 1337 670 1415; x_wconf 79' lang='lat' dir='ltr'>forti</span> <span class='ocrx_word' id='word_1_78' title='bbox 684 1354 724 1396; x_wconf 89' lang='lat' dir='ltr'>oo</span> <span class='ocrx_word' id='word_1_79' title='bbox 744 1337 836 1412; x_wconf 71' lang='lat' dir='ltr'>uirili,</span> <span class='ocrx_word' id='word_1_80' title='bbox 856 1354 915 1396; x_wconf 92' lang='lat' dir='ltr'>non</span> <span class='ocrx_word' id='word_1_81' title='bbox 936 1352 958 1395; x_wconf 83' lang='lat' dir='ltr'>a</span> <span class='ocrx_word' id='word_1_82' title='bbox 977 1354 1072 1396; x_wconf 79' lang='lat' dir='ltr'>sceno</span> <span class='ocrx_word' id='word_1_83' title='bbox 1094 1345 1123 1396; x_wconf 85' lang='lat' dir='ltr'>et</span> <span class='ocrx_word' id='word_1_84' title='bbox 1143 1337 1294 1398; x_wconf 68' lang='lat' dir='ltr'>dictioni-</span> 
     </span>
     <span class='ocr_line' id='line_1_11' title="bbox 299 1416 1293 1499; baseline -0.004 -16"><span class='ocrx_word' id='word_1_85' title='bbox 299 1423 354 1483; x_wconf 84' lang='lat' dir='ltr'>bua</span> <span class='ocrx_word' id='word_1_86' title='bbox 375 1424 432 1485; x_wconf 82' lang='lat' dir='ltr'>aed</span> <span class='ocrx_word' id='word_1_87' title='bbox 453 1416 498 1482; x_wconf 89' lang='lat' dir='ltr'>ob</span> <span class='ocrx_word' id='word_1_88' title='bbox 512 1423 609 1482; x_wconf 82' lang='lat' dir='ltr'>ornis</span> <span class='ocrx_word' id='word_1_89' title='bbox 631 1427 685 1480; x_wconf 83' lang='lat' dir='ltr'>ont</span> <span class='ocrx_word' id='word_1_90' title='bbox 703 1421 795 1480; x_wconf 82' lang='lat' dir='ltr'>etiam</span> <span class='ocrx_word' id='word_1_91' title='bbox 813 1439 835 1480; x_wconf 87' lang='lat' dir='ltr'>o</span> <span class='ocrx_word' id='word_1_92' title='bbox 855 1421 1035 1496; x_wconf 73' lang='lat' dir='ltr'>pnloeatroc</span> <span class='ocrx_word' id='word_1_93' title='bbox 1063 1421 1143 1478; x_wconf 91' lang='lat' dir='ltr'>cuins</span> <span class='ocrx_word' id='word_1_94' title='bbox 1167 1420 1293 1499; x_wconf 87' lang='lat' dir='ltr'>discipli·</span> 
     </span>
     <span class='ocr_line' id='line_1_12' title="bbox 299 1502 1293 1581; baseline 0 -17"><span class='ocrx_word' id='word_1_95' title='bbox 299 1524 352 1566; x_wconf 90' lang='lat' dir='ltr'>nae</span> <span class='ocrx_word' id='word_1_96' title='bbox 378 1525 447 1564; x_wconf 89' lang='lat' dir='ltr'>usus</span> <span class='ocrx_word' id='word_1_97' title='bbox 468 1507 496 1565; x_wconf 91' lang='lat' dir='ltr'>in</span> <span class='ocrx_word' id='word_1_98' title='bbox 508 1513 634 1563; x_wconf 88' lang='lat' dir='ltr'>nostram</span> <span class='ocrx_word' id='word_1_99' title='bbox 656 1520 749 1580; x_wconf 92' lang='lat' dir='ltr'>usque</span> <span class='ocrx_word' id='word_1_100' title='bbox 771 1511 895 1562; x_wconf 89' lang='lat' dir='ltr'>aetatem</span> <span class='ocrx_word' id='word_1_101' title='bbox 917 1503 978 1561; x_wconf 90' lang='lat' dir='ltr'>sine</span> <span class='ocrx_word' id='word_1_102' title='bbox 995 1502 1222 1581; x_wconf 89' lang='lat' dir='ltr'>reprehensione</span> <span class='ocrx_word' id='word_1_103' title='bbox 1244 1505 1293 1564; x_wconf 93' lang='lat' dir='ltr'>de-</span> 
     </span>
     <span class='ocr_line' id='line_1_13' title="bbox 299 1586 1336 1664; baseline 0.002 -15"><span class='ocrx_word' id='word_1_104' title='bbox 299 1590 422 1650; x_wconf 85' lang='lat' dir='ltr'>scendit.</span> <span class='ocrx_word' id='word_1_105' title='bbox 466 1588 492 1648; x_wconf 84' lang='grc' dir='ltr'>Α</span> <span class='ocrx_word' id='word_1_106' title='bbox 515 1607 561 1647; x_wconf 93' lang='lat' dir='ltr'>me</span> <span class='ocrx_word' id='word_1_107' title='bbox 578 1597 673 1647; x_wconf 89' lang='lat' dir='ltr'>tamen</span> <span class='ocrx_word' id='word_1_108' title='bbox 694 1605 750 1646; x_wconf 92' lang='lat' dir='ltr'>nec</span> <span class='ocrx_word' id='word_1_109' title='bbox 766 1586 843 1646; x_wconf 85' lang='lat' dir='ltr'>ultra</span> <span class='ocrx_word' id='word_1_110' title='bbox 864 1587 992 1664; x_wconf 90' lang='lat' dir='ltr'>pueriles</span> <span class='ocrx_word' id='word_1_111' title='bbox 1011 1605 1100 1647; x_wconf 91' lang='lat' dir='ltr'>annos</span> <span class='ocrx_word' id='word_1_112' title='bbox 1123 1588 1293 1648; x_wconf 89' lang='lat' dir='ltr'>retinebitur</span> <span class='ocrx_word' id='word_1_113' title='bbox 1303 1599 1336 1654; x_wconf 87' lang='lat'>19</span> 
     </span>
     <span class='ocr_line' id='line_1_14' title="bbox 299 1670 1294 1750; baseline -0.001 -18"><span class='ocrx_word' id='word_1_114' title='bbox 299 1693 353 1734; x_wconf 88' lang='lat' dir='ltr'>nec</span> <span class='ocrx_word' id='word_1_115' title='bbox 372 1676 400 1733; x_wconf 92' lang='lat' dir='ltr'>in</span> <span class='ocrx_word' id='word_1_116' title='bbox 420 1673 463 1732; x_wconf 90' lang='lat' dir='ltr'>bis</span> <span class='ocrx_word' id='word_1_117' title='bbox 479 1674 550 1750; x_wconf 86' lang='lat' dir='ltr'>ipsis</span> <span class='ocrx_word' id='word_1_118' title='bbox 568 1673 625 1732; x_wconf 90' lang='lat' dir='ltr'>diu.</span> <span class='ocrx_word' id='word_1_119' title='bbox 669 1670 772 1748; x_wconf 84' lang='lat' dir='ltr'>Neque</span> <span class='ocrx_word' id='word_1_120' title='bbox 789 1673 863 1729; x_wconf 91' lang='lat' dir='ltr'>enim</span> <span class='ocrx_word' id='word_1_121' title='bbox 882 1679 996 1747; x_wconf 81' lang='lat' dir='ltr'>gestum</span> <span class='ocrx_word' id='word_1_122' title='bbox 1017 1674 1140 1731; x_wconf 91' lang='lat' dir='ltr'>oratoris</span> <span class='ocrx_word' id='word_1_123' title='bbox 1160 1674 1294 1750; x_wconf 90' lang='lat' dir='ltr'>componi</span> 
     </span>
     <span class='ocr_line' id='line_1_15' title="bbox 299 1754 1294 1833; baseline -0.003 -15"><span class='ocrx_word' id='word_1_124' title='bbox 299 1759 333 1818; x_wconf 93' lang='lat' dir='ltr'>ad</span> <span class='ocrx_word' id='word_1_125' title='bbox 351 1757 565 1817; x_wconf 89' lang='lat' dir='ltr'>similitudinem</span> <span class='ocrx_word' id='word_1_126' title='bbox 581 1756 742 1815; x_wconf 87' lang='lat' dir='ltr'>saltationis</span> <span class='ocrx_word' id='word_1_127' title='bbox 761 1754 831 1815; x_wconf 86' lang='lat' dir='ltr'>volo</span> <span class='ocrx_word' id='word_1_128' title='bbox 848 1755 901 1814; x_wconf 91' lang='lat' dir='ltr'>sed</span> <span class='ocrx_word' id='word_1_129' title='bbox 918 1755 1041 1814; x_wconf 86' lang='lat' dir='ltr'>subesse</span> <span class='ocrx_word' id='word_1_130' title='bbox 1059 1756 1165 1833; x_wconf 90' lang='lat' dir='ltr'>aliquid</span> <span class='ocrx_word' id='word_1_131' title='bbox 1183 1774 1220 1815; x_wconf 88' lang='lat' dir='ltr'>ex</span> <span class='ocrx_word' id='word_1_132' title='bbox 1240 1757 1294 1815; x_wconf 88' lang='lat' dir='ltr'>lrao</span> 
     </span>
     <span class='ocr_line' id='line_1_16' title="bbox 299 1838 1294 1919; baseline -0.002 -19"><span class='ocrx_word' id='word_1_133' title='bbox 299 1843 509 1901; x_wconf 83' lang='lat' dir='ltr'>exercitatione</span> <span class='ocrx_word' id='word_1_134' title='bbox 526 1839 647 1919; x_wconf 87' lang='lat' dir='ltr'>puerili,</span> <span class='ocrx_word' id='word_1_135' title='bbox 667 1839 742 1898; x_wconf 90' lang='lat' dir='ltr'>unde</span> <span class='ocrx_word' id='word_1_136' title='bbox 757 1855 811 1897; x_wconf 90' lang='lat' dir='ltr'>nos</span> <span class='ocrx_word' id='word_1_137' title='bbox 827 1855 885 1896; x_wconf 92' lang='lat' dir='ltr'>non</span> <span class='ocrx_word' id='word_1_138' title='bbox 903 1838 931 1898; x_wconf 94' lang='lat' dir='ltr'>id</span> <span class='ocrx_word' id='word_1_139' title='bbox 950 1849 1071 1916; x_wconf 81' lang='lat' dir='ltr'>agentes</span> <span class='ocrx_word' id='word_1_140' title='bbox 1090 1838 1186 1899; x_wconf 84' lang='lat' dir='ltr'>furtim</span> <span class='ocrx_word' id='word_1_141' title='bbox 1204 1841 1294 1900; x_wconf 91' lang='lat' dir='ltr'>decor</span> 
     </span>
     <span class='ocr_line' id='line_1_17' title="bbox 297 1924 913 2002; baseline -0.01 -16"><span class='ocrx_word' id='word_1_142' title='bbox 297 1926 349 1986; x_wconf 92' lang='lat' dir='ltr'>ille</span> <span class='ocrx_word' id='word_1_143' title='bbox 373 1924 549 1989; x_wconf 87' lang='lat' dir='ltr'>discentibus</span> <span class='ocrx_word' id='word_1_144' title='bbox 569 1924 689 1984; x_wconf 89' lang='lat' dir='ltr'>traditus</span> <span class='ocrx_word' id='word_1_145' title='bbox 711 1931 913 2002; x_wconf 88' lang='lat' dir='ltr'>prosequatur.</span> 
     </span>
    </p>
   </div>
   <div class='ocr_carea' id='block_1_3' title="bbox 296 2049 1290 2135">
    <p class='ocr_par' dir='ltr' id='par_1_3' title="bbox 296 2049 1290 2135">
     <span class='ocr_line' id='line_1_18' title="bbox 296 2049 1290 2135; baseline -0.004 -5"><span class='ocrx_word' id='word_1_146' title='bbox 296 2079 343 2130; x_wconf 76' lang='lat' dir='ltr'>uu</span> <span class='ocrx_word' id='word_1_147' title='bbox 361 2079 469 2130; x_wconf 74' lang='lat' dir='ltr'>runnu</span> <span class='ocrx_word' id='word_1_148' title='bbox 491 2049 603 2128; x_wconf 83' lang='lat' dir='ltr'>uonuu</span> <span class='ocrx_word' id='word_1_149' title='bbox 623 2075 774 2128; x_wconf 75' lang='lat' dir='ltr'>raucone</span> <span class='ocrx_word' id='word_1_150' title='bbox 792 2073 911 2125; x_wconf 82' lang='lat' dir='ltr'>nouem</span> <span class='ocrx_word' id='word_1_151' title='bbox 927 2076 1027 2125; x_wconf 72' lang='lat' dir='ltr'>rarus</span> <span class='ocrx_word' id='word_1_152' title='bbox 1045 2075 1153 2135; x_wconf 75' lang='lat' dir='ltr'>nurus</span> <span class='ocrx_word' id='word_1_153' title='bbox 1170 2076 1290 2127; x_wconf 79' lang='lat' dir='ltr'>possm.</span> 
     </span>
    </p>
   </div>
   <div class='ocr_carea' id='block_1_4' title="bbox 293 2173 1325 3852">
    <p class='ocr_par' dir='ltr' id='par_1_4' title="bbox 294 2173 1293 2673">
     <span class='ocr_line' id='line_1_19' title="bbox 339 2173 1292 2250; baseline -0.007 -10"><span class='ocrx_word' id='word_1_154' title='bbox 339 2193 340 2197; x_wconf 76' lang='grc'>’</span> <span class='ocrx_word' id='word_1_155' title='bbox 381 2175 445 2240; x_wconf 84' lang='lat' dir='ltr'>XII.</span> <span class='ocrx_word' id='word_1_156' title='bbox 480 2175 587 2248; x_wconf 81' lang='lat' dir='ltr'>Quaeri</span> <span class='ocrx_word' id='word_1_157' title='bbox 614 2175 707 2249; x_wconf 90' lang='lat' dir='ltr'>solet,</span> <span class='ocrx_word' id='word_1_158' title='bbox 739 2193 790 2250; x_wconf 90' lang='lat' dir='ltr'>an,</span> <span class='ocrx_word' id='word_1_159' title='bbox 821 2176 932 2234; x_wconf 88' lang='lat' dir='ltr'>etiamsi</span> <span class='ocrx_word' id='word_1_160' title='bbox 964 2174 1101 2234; x_wconf 89' lang='lat' dir='ltr'>discenda</span> <span class='ocrx_word' id='word_1_161' title='bbox 1126 2176 1181 2232; x_wconf 89' lang='lat' dir='ltr'>sint</span> <span class='ocrx_word' id='word_1_162' title='bbox 1207 2173 1292 2250; x_wconf 90' lang='lat' dir='ltr'>baec,</span> 
     </span>
     <span class='ocr_line' id='line_1_20' title="bbox 297 2257 1292 2339; baseline -0.006 -18"><span class='ocrx_word' id='word_1_163' title='bbox 297 2260 403 2321; x_wconf 89' lang='lat' dir='ltr'>endem</span> <span class='ocrx_word' id='word_1_164' title='bbox 422 2269 555 2339; x_wconf 90' lang='lat' dir='ltr'>tempore</span> <span class='ocrx_word' id='word_1_165' title='bbox 574 2268 670 2320; x_wconf 89' lang='lat' dir='ltr'>tamen</span> <span class='ocrx_word' id='word_1_166' title='bbox 691 2258 763 2318; x_wconf 93' lang='lat' dir='ltr'>tradi</span> <span class='ocrx_word' id='word_1_167' title='bbox 786 2260 880 2319; x_wconf 90' lang='lat' dir='ltr'>omnia</span> <span class='ocrx_word' id='word_1_168' title='bbox 898 2266 927 2318; x_wconf 91' lang='lat' dir='ltr'>et</span> <span class='ocrx_word' id='word_1_169' title='bbox 949 2259 1061 2336; x_wconf 85' lang='lat' dir='ltr'>percipi</span> <span class='ocrx_word' id='word_1_170' title='bbox 1084 2260 1205 2337; x_wconf 89' lang='lat' dir='ltr'>possint.</span> <span class='ocrx_word' id='word_1_171' title='bbox 1235 2257 1292 2316; x_wconf 89' lang='lat' dir='ltr'>Ne·</span> 
     </span>
     <span class='ocr_line' id='line_1_21' title="bbox 295 2341 1293 2422; baseline -0.003 -19"><span class='ocrx_word' id='word_1_172' title='bbox 295 2353 366 2422; x_wconf 84' lang='lat' dir='ltr'>gant</span> <span class='ocrx_word' id='word_1_173' title='bbox 389 2346 463 2403; x_wconf 92' lang='lat' dir='ltr'>enim</span> <span class='ocrx_word' id='word_1_174' title='bbox 491 2344 620 2422; x_wconf 87' lang='lat' dir='ltr'>quidam,</span> <span class='ocrx_word' id='word_1_175' title='bbox 647 2345 713 2422; x_wconf 89' lang='lat' dir='ltr'>quia</span> <span class='ocrx_word' id='word_1_176' title='bbox 740 2343 930 2403; x_wconf 85' lang='lat' dir='ltr'>confundatur</span> <span class='ocrx_word' id='word_1_177' title='bbox 958 2343 1066 2401; x_wconf 87' lang='lat' dir='ltr'>animus</span> <span class='ocrx_word' id='word_1_178' title='bbox 1095 2359 1130 2400; x_wconf 91' lang='lat' dir='ltr'>ac</span> <span class='ocrx_word' id='word_1_179' title='bbox 1156 2341 1293 2416; x_wconf 84' lang='lat' dir='ltr'>fatigetur</span> 
     </span>
     <span class='ocr_line' id='line_1_22' title="bbox 295 2426 1291 2506; baseline -0.005 -18"><span class='ocrx_word' id='word_1_180' title='bbox 295 2439 339 2488; x_wconf 91' lang='lat' dir='ltr'>tot</span> <span class='ocrx_word' id='word_1_181' title='bbox 361 2429 520 2506; x_wconf 87' lang='lat' dir='ltr'>disciplinis</span> <span class='ocrx_word' id='word_1_182' title='bbox 542 2429 571 2487; x_wconf 94' lang='lat' dir='ltr'>in</span> <span class='ocrx_word' id='word_1_183' title='bbox 593 2429 737 2488; x_wconf 82' lang='lat' dir='ltr'>diuersum</span> <span class='ocrx_word' id='word_1_184' title='bbox 753 2426 950 2501; x_wconf 81' lang='lat' dir='ltr'>tendentibus,</span> <span class='ocrx_word' id='word_1_185' title='bbox 974 2426 1008 2486; x_wconf 86' lang='lat' dir='ltr'>ad</span> <span class='ocrx_word' id='word_1_186' title='bbox 1031 2443 1101 2503; x_wconf 89' lang='lat' dir='ltr'>quas</span> <span class='ocrx_word' id='word_1_187' title='bbox 1125 2443 1180 2484; x_wconf 89' lang='lat' dir='ltr'>nec</span> <span class='ocrx_word' id='word_1_188' title='bbox 1199 2443 1291 2500; x_wconf 89' lang='lat' dir='ltr'>mens,</span> 
     </span>
     <span class='ocr_line' id='line_1_23' title="bbox 295 2511 1293 2589; baseline -0.001 -19"><span class='ocrx_word' id='word_1_189' title='bbox 295 2531 352 2571; x_wconf 90' lang='lat' dir='ltr'>nee</span> <span class='ocrx_word' id='word_1_190' title='bbox 374 2528 498 2589; x_wconf 88' lang='lat' dir='ltr'>corpus,</span> <span class='ocrx_word' id='word_1_191' title='bbox 520 2530 575 2570; x_wconf 88' lang='lat' dir='ltr'>neo</span> <span class='ocrx_word' id='word_1_192' title='bbox 597 2511 659 2574; x_wconf 92' lang='lat' dir='ltr'>dies</span> <span class='ocrx_word' id='word_1_193' title='bbox 676 2513 740 2589; x_wconf 90' lang='lat' dir='ltr'>ipse</span> <span class='ocrx_word' id='word_1_194' title='bbox 762 2511 903 2587; x_wconf 82' lang='lat' dir='ltr'>sufficiat,</span> <span class='ocrx_word' id='word_1_195' title='bbox 930 2518 959 2569; x_wconf 92' lang='lat' dir='ltr'>et</span> <span class='ocrx_word' id='word_1_196' title='bbox 978 2512 1003 2568; x_wconf 86' lang='lat' dir='ltr'>si</span> <span class='ocrx_word' id='word_1_197' title='bbox 1027 2511 1149 2570; x_wconf 86' lang='lat' dir='ltr'>maxime</span> <span class='ocrx_word' id='word_1_198' title='bbox 1170 2511 1293 2586; x_wconf 88' lang='lat' dir='ltr'>patiatur</span> 
     </span>
     <span class='ocr_line' id='line_1_24' title="bbox 294 2595 1291 2676; baseline -0.006 -19"><span class='ocrx_word' id='word_1_199' title='bbox 294 2597 354 2657; x_wconf 89' lang='lat' dir='ltr'>boo</span> <span class='ocrx_word' id='word_1_200' title='bbox 375 2604 456 2655; x_wconf 87' lang='lat' dir='ltr'>aetas</span> <span class='ocrx_word' id='word_1_201' title='bbox 477 2595 644 2676; x_wconf 83' lang='lat' dir='ltr'>robustior,</span> <span class='ocrx_word' id='word_1_202' title='bbox 668 2595 797 2673; x_wconf 92' lang='lat' dir='ltr'>pueriles</span> <span class='ocrx_word' id='word_1_203' title='bbox 820 2612 909 2656; x_wconf 89' lang='lat' dir='ltr'>annos</span> <span class='ocrx_word' id='word_1_204' title='bbox 934 2596 1048 2654; x_wconf 90' lang='lat' dir='ltr'>onerari</span> <span class='ocrx_word' id='word_1_205' title='bbox 1069 2611 1126 2653; x_wconf 93' lang='lat' dir='ltr'>non</span> <span class='ocrx_word' id='word_1_206' title='bbox 1148 2601 1291 2671; x_wconf 90' lang='lat' dir='ltr'>oporteat.</span> 
     </span>
    </p>

    <p class='ocr_par' dir='ltr' id='par_1_5' title="bbox 293 2676 1325 3852">
     <span class='ocr_line' id='line_1_25' title="bbox 339 2676 1321 2779; baseline 0 -40"><span class='ocrx_word' id='word_1_207' title='bbox 339 2679 439 2740; x_wconf 87' lang='lat' dir='ltr'>Sed</span> <span class='ocrx_word' id='word_1_208' title='bbox 461 2697 518 2738; x_wconf 92' lang='lat' dir='ltr'>non</span> <span class='ocrx_word' id='word_1_209' title='bbox 540 2681 611 2738; x_wconf 89' lang='lat' dir='ltr'>satis</span> <span class='ocrx_word' id='word_1_210' title='bbox 628 2680 823 2779; x_wconf 87' lang='lat' dir='ltr'>perspiciunt,</span> <span class='ocrx_word' id='word_1_211' title='bbox 849 2687 983 2757; x_wconf 91' lang='lat' dir='ltr'>quantum</span> <span class='ocrx_word' id='word_1_212' title='bbox 1003 2687 1103 2737; x_wconf 88' lang='lat' dir='ltr'>natura</span> <span class='ocrx_word' id='word_1_213' title='bbox 1125 2676 1261 2736; x_wconf 88' lang='lat' dir='ltr'>hnmani</span> <span class='ocrx_word' id='word_1_214' title='bbox 1252 2695 1293 2735; x_wconf 91' lang='lat' dir='ltr'>m·</span> <span class='ocrx_word' id='word_1_215' title='bbox 1304 2687 1321 2739; x_wconf 78' lang='lat'><em>2</em></span> 
     </span>
     <span class='ocr_line' id='line_1_26' title="bbox 293 2761 1290 2849; baseline -0.005 -25"><span class='ocrx_word' id='word_1_216' title='bbox 293 2764 388 2842; x_wconf 81' lang='lat' dir='ltr'>genii</span> <span class='ocrx_word' id='word_1_217' title='bbox 387 2763 506 2831; x_wconf 85' lang='lat' dir='ltr'>valeat;</span> <span class='ocrx_word' id='word_1_218' title='bbox 537 2781 611 2841; x_wconf 89' lang='lat' dir='ltr'>quae</span> <span class='ocrx_word' id='word_1_219' title='bbox 632 2765 672 2823; x_wconf 91' lang='lat' dir='ltr'>ita</span> <span class='ocrx_word' id='word_1_220' title='bbox 697 2771 742 2821; x_wconf 89' lang='lat' dir='ltr'>est</span> <span class='ocrx_word' id='word_1_221' title='bbox 764 2762 849 2849; x_wconf 86' lang='lat' dir='ltr'>agilis</span> <span class='ocrx_word' id='word_1_222' title='bbox 870 2781 905 2823; x_wconf 89' lang='lat' dir='ltr'>ac</span> <span class='ocrx_word' id='word_1_223' title='bbox 926 2761 1032 2837; x_wconf 85' lang='lat' dir='ltr'>velox,</span> <span class='ocrx_word' id='word_1_224' title='bbox 1061 2763 1105 2820; x_wconf 90' lang='lat' dir='ltr'>sic</span> <span class='ocrx_word' id='word_1_225' title='bbox 1129 2763 1158 2822; x_wconf 92' lang='lat' dir='ltr'>iu</span> <span class='ocrx_word' id='word_1_226' title='bbox 1180 2778 1290 2820; x_wconf 90' lang='lat' dir='ltr'>omnem</span> 
     </span>
     <span class='ocr_line' id='line_1_27' title="bbox 293 2845 1290 2927; baseline -0.003 -21"><span class='ocrx_word' id='word_1_227' title='bbox 293 2857 424 2927; x_wconf 88' lang='lat' dir='ltr'>partem,</span> <span class='ocrx_word' id='word_1_228' title='bbox 450 2856 482 2905; x_wconf 90' lang='lat' dir='ltr'>ut</span> <span class='ocrx_word' id='word_1_229' title='bbox 502 2849 541 2907; x_wconf 85' lang='lat' dir='ltr'>ita</span> <span class='ocrx_word' id='word_1_230' title='bbox 561 2848 697 2921; x_wconf 84' lang='lat' dir='ltr'>dixerim,</span> <span class='ocrx_word' id='word_1_231' title='bbox 721 2855 851 2924; x_wconf 86' lang='lat' dir='ltr'>spectat,</span> <span class='ocrx_word' id='word_1_232' title='bbox 875 2854 906 2905; x_wconf 94' lang='lat' dir='ltr'>ut</span> <span class='ocrx_word' id='word_1_233' title='bbox 928 2863 965 2904; x_wconf 92' lang='lat' dir='ltr'>ue</span> <span class='ocrx_word' id='word_1_234' title='bbox 986 2847 1079 2924; x_wconf 88' lang='lat' dir='ltr'>possit</span> <span class='ocrx_word' id='word_1_235' title='bbox 1100 2846 1213 2922; x_wconf 91' lang='lat' dir='ltr'>quidem</span> <span class='ocrx_word' id='word_1_236' title='bbox 1240 2845 1290 2904; x_wconf 88' lang='lat' dir='ltr'>nli·</span> 
     </span>
     <span class='ocr_line' id='line_1_28' title="bbox 294 2929 1294 3010; baseline -0.003 -20"><span class='ocrx_word' id='word_1_237' title='bbox 294 2931 365 3010; x_wconf 94' lang='lat' dir='ltr'>qnid</span> <span class='ocrx_word' id='word_1_238' title='bbox 387 2949 477 3007; x_wconf 83' lang='lat' dir='ltr'>agere</span> <span class='ocrx_word' id='word_1_239' title='bbox 507 2940 614 2991; x_wconf 93' lang='lat' dir='ltr'>tantum</span> <span class='ocrx_word' id='word_1_240' title='bbox 636 2949 738 3005; x_wconf 87' lang='lat' dir='ltr'>unum,</span> <span class='ocrx_word' id='word_1_241' title='bbox 767 2933 795 2990; x_wconf 92' lang='lat' dir='ltr'>in</span> <span class='ocrx_word' id='word_1_242' title='bbox 818 2930 904 3009; x_wconf 86' lang='lat' dir='ltr'>plura</span> <span class='ocrx_word' id='word_1_243' title='bbox 926 2947 998 2989; x_wconf 89' lang='lat' dir='ltr'>vero</span> <span class='ocrx_word' id='word_1_244' title='bbox 1024 2947 1081 2989; x_wconf 89' lang='lat' dir='ltr'>non</span> <span class='ocrx_word' id='word_1_245' title='bbox 1115 2929 1218 2988; x_wconf 79' lang='lat' dir='ltr'>eodem</span> <span class='ocrx_word' id='word_1_246' title='bbox 1246 2929 1294 2988; x_wconf 85' lang='lat' dir='ltr'>dia</span> 
     </span>
     <span class='ocr_line' id='line_1_29' title="bbox 294 3011 1295 3093; baseline -0.004 -19"><span class='ocrx_word' id='word_1_247' title='bbox 294 3014 383 3075; x_wconf 92' lang='lat' dir='ltr'>modo</span> <span class='ocrx_word' id='word_1_248' title='bbox 407 3015 460 3074; x_wconf 89' lang='lat' dir='ltr'>sed</span> <span class='ocrx_word' id='word_1_249' title='bbox 492 3016 595 3074; x_wconf 87' lang='lat' dir='ltr'>eodem</span> <span class='ocrx_word' id='word_1_250' title='bbox 622 3015 762 3093; x_wconf 89' lang='lat' dir='ltr'>temporis</span> <span class='ocrx_word' id='word_1_251' title='bbox 785 3022 931 3074; x_wconf 89' lang='lat' dir='ltr'>momento</span> <span class='ocrx_word' id='word_1_252' title='bbox 954 3015 1010 3073; x_wconf 85' lang='lat' dir='ltr'>vinr</span> <span class='ocrx_word' id='word_1_253' title='bbox 1032 3031 1112 3074; x_wconf 91' lang='lat' dir='ltr'>suam</span> <span class='ocrx_word' id='word_1_254' title='bbox 1138 3011 1295 3091; x_wconf 90' lang='lat' dir='ltr'>impendat..</span> 
     </span>
     <span class='ocr_line' id='line_1_30' title="bbox 295 3097 1322 3161; baseline 0 -3"><span class='ocrx_word' id='word_1_255' title='bbox 295 3099 343 3158; x_wconf 85' lang='lat' dir='ltr'>An</span> <span class='ocrx_word' id='word_1_256' title='bbox 365 3115 437 3158; x_wconf 86' lang='lat' dir='ltr'>vero</span> <span class='ocrx_word' id='word_1_257' title='bbox 461 3098 619 3159; x_wconf 89' lang='lat' dir='ltr'>citharoedi</span> <span class='ocrx_word' id='word_1_258' title='bbox 639 3116 696 3158; x_wconf 91' lang='lat' dir='ltr'>non</span> <span class='ocrx_word' id='word_1_259' title='bbox 717 3100 802 3159; x_wconf 90' lang='lat' dir='ltr'>simul</span> <span class='ocrx_word' id='word_1_260' title='bbox 827 3108 856 3158; x_wconf 91' lang='lat' dir='ltr'>et</span> <span class='ocrx_word' id='word_1_261' title='bbox 877 3099 1032 3157; x_wconf 87' lang='lat' dir='ltr'>memoriae</span> <span class='ocrx_word' id='word_1_262' title='bbox 1062 3106 1186 3161; x_wconf 87' lang='lat' dir='ltr'>etsono</span> <span class='ocrx_word' id='word_1_263' title='bbox 1211 3097 1322 3158; x_wconf 72' lang='lat' dir='ltr'>vocist</span> 
     </span>
     <span class='ocr_line' id='line_1_31' title="bbox 295 3180 1293 3262; baseline -0.006 -18"><span class='ocrx_word' id='word_1_264' title='bbox 295 3192 326 3244; x_wconf 90' lang='lat' dir='ltr'>et</span> <span class='ocrx_word' id='word_1_265' title='bbox 347 3183 477 3262; x_wconf 89' lang='lat' dir='ltr'>plurimis</span> <span class='ocrx_word' id='word_1_266' title='bbox 498 3183 621 3243; x_wconf 84' lang='lat' dir='ltr'>llexibus</span> <span class='ocrx_word' id='word_1_267' title='bbox 636 3184 775 3259; x_wconf 90' lang='lat' dir='ltr'>serviunt,</span> <span class='ocrx_word' id='word_1_268' title='bbox 799 3201 863 3242; x_wconf 91' lang='lat' dir='ltr'>curn</span> <span class='ocrx_word' id='word_1_269' title='bbox 880 3182 992 3241; x_wconf 90' lang='lat' dir='ltr'>interim</span> <span class='ocrx_word' id='word_1_270' title='bbox 1008 3182 1081 3241; x_wconf 85' lang='lat' dir='ltr'>alios</span> <span class='ocrx_word' id='word_1_271' title='bbox 1099 3198 1206 3240; x_wconf 88' lang='lat' dir='ltr'>nervos</span> <span class='ocrx_word' id='word_1_272' title='bbox 1223 3180 1293 3239; x_wconf 87' lang='lat' dir='ltr'>dex·</span> 
     </span>
     <span class='ocr_line' id='line_1_32' title="bbox 295 3264 1294 3345; baseline -0.004 -18"><span class='ocrx_word' id='word_1_273' title='bbox 295 3277 340 3327; x_wconf 85' lang='lat' dir='ltr'>tra</span> <span class='ocrx_word' id='word_1_274' title='bbox 358 3277 541 3345; x_wconf 87' lang='lat' dir='ltr'>percurrunt,</span> <span class='ocrx_word' id='word_1_275' title='bbox 565 3268 638 3327; x_wconf 89' lang='lat' dir='ltr'>alios</span> <span class='ocrx_word' id='word_1_276' title='bbox 654 3267 737 3327; x_wconf 87' lang='lat' dir='ltr'>laeva</span> <span class='ocrx_word' id='word_1_277' title='bbox 752 3267 882 3342; x_wconf 89' lang='lat' dir='ltr'>trabunt,</span> <span class='ocrx_word' id='word_1_278' title='bbox 905 3266 1068 3340; x_wconf 82' lang='lat' dir='ltr'>continent,</span> <span class='ocrx_word' id='word_1_279' title='bbox 1084 3264 1235 3343; x_wconf 88' lang='lat' dir='ltr'>praebent,</span> <span class='ocrx_word' id='word_1_280' title='bbox 1257 3281 1294 3323; x_wconf 92' lang='lat' dir='ltr'>ne</span> 
     </span>
     <span class='ocr_line' id='line_1_33' title="bbox 295 3349 1295 3431; baseline -0.005 -20"><span class='ocrx_word' id='word_1_281' title='bbox 295 3369 349 3431; x_wconf 87' lang='lat' dir='ltr'>pes</span> <span class='ocrx_word' id='word_1_282' title='bbox 371 3352 487 3427; x_wconf 92' lang='lat' dir='ltr'>quidem</span> <span class='ocrx_word' id='word_1_283' title='bbox 509 3352 621 3412; x_wconf 89' lang='lat' dir='ltr'>otiosus</span> <span class='ocrx_word' id='word_1_284' title='bbox 644 3360 752 3410; x_wconf 90' lang='lat' dir='ltr'>certam</span> <span class='ocrx_word' id='word_1_285' title='bbox 770 3350 867 3427; x_wconf 83' lang='lat' dir='ltr'>legem</span> <span class='ocrx_word' id='word_1_286' title='bbox 886 3350 1024 3428; x_wconf 91' lang='lat' dir='ltr'>temporis</span> <span class='ocrx_word' id='word_1_287' title='bbox 1047 3357 1156 3424; x_wconf 88' lang='lat' dir='ltr'>servat,</span> <span class='ocrx_word' id='word_1_288' title='bbox 1177 3357 1206 3408; x_wconf 91' lang='lat' dir='ltr'>et</span> <span class='ocrx_word' id='word_1_289' title='bbox 1220 3349 1295 3408; x_wconf 88' lang='lat' dir='ltr'>baec</span> 
     </span>
     <span class='ocr_line' id='line_1_34' title="bbox 293 3431 1325 3515; baseline -0.003 -21"><span class='ocrx_word' id='word_1_290' title='bbox 293 3437 407 3515; x_wconf 89' lang='lat' dir='ltr'>pariter</span> <span class='ocrx_word' id='word_1_291' title='bbox 431 3433 547 3496; x_wconf 78' lang='lat' dir='ltr'>omnia?</span> <span class='ocrx_word' id='word_1_292' title='bbox 591 3432 688 3508; x_wconf 80' lang='lat' dir='ltr'>Quid?</span> <span class='ocrx_word' id='word_1_293' title='bbox 718 3451 771 3494; x_wconf 90' lang='lat' dir='ltr'>nos</span> <span class='ocrx_word' id='word_1_294' title='bbox 801 3434 906 3512; x_wconf 81' lang='lat' dir='ltr'>agendi</span> <span class='ocrx_word' id='word_1_295' title='bbox 930 3433 1024 3493; x_wconf 88' lang='lat' dir='ltr'>subita</span> <span class='ocrx_word' id='word_1_296' title='bbox 1045 3434 1222 3494; x_wconf 84' lang='lat' dir='ltr'>necessitate</span> <span class='ocrx_word' id='word_1_297' title='bbox 1246 3431 1325 3492; x_wconf 82' lang='lat' dir='ltr'>de·4</span> 
     </span>
     <span class='ocr_line' id='line_1_35' title="bbox 294 3517 1294 3598; baseline -0.004 -20"><span class='ocrx_word' id='word_1_298' title='bbox 294 3519 434 3598; x_wconf 88' lang='lat' dir='ltr'>prehensi</span> <span class='ocrx_word' id='word_1_299' title='bbox 456 3537 551 3580; x_wconf 91' lang='lat' dir='ltr'>nonne</span> <span class='ocrx_word' id='word_1_300' title='bbox 569 3519 624 3580; x_wconf 85' lang='lat' dir='ltr'>alia</span> <span class='ocrx_word' id='word_1_301' title='bbox 642 3519 778 3593; x_wconf 90' lang='lat' dir='ltr'>dicimus,</span> <span class='ocrx_word' id='word_1_302' title='bbox 803 3520 859 3579; x_wconf 89' lang='lat' dir='ltr'>alia</span> <span class='ocrx_word' id='word_1_303' title='bbox 881 3519 1082 3598; x_wconf 90' lang='lat' dir='ltr'>providemus,</span> <span class='ocrx_word' id='word_1_304' title='bbox 1106 3535 1169 3576; x_wconf 91' lang='lat' dir='ltr'>cum</span> <span class='ocrx_word' id='word_1_305' title='bbox 1185 3517 1294 3595; x_wconf 89' lang='lat' dir='ltr'>pariter</span> 
     </span>
     <span class='ocr_line' id='line_1_36' title="bbox 293 3602 1292 3680; baseline -0.006 -16"><span class='ocrx_word' id='word_1_306' title='bbox 293 3604 424 3664; x_wconf 89' lang='lat' dir='ltr'>inventio</span> <span class='ocrx_word' id='word_1_307' title='bbox 444 3621 548 3680; x_wconf 88' lang='lat' dir='ltr'>rerum,</span> <span class='ocrx_word' id='word_1_308' title='bbox 572 3604 679 3663; x_wconf 90' lang='lat' dir='ltr'>electio</span> <span class='ocrx_word' id='word_1_309' title='bbox 698 3602 873 3677; x_wconf 81' lang='lat' dir='ltr'>verborum,</span> <span class='ocrx_word' id='word_1_310' title='bbox 893 3602 1075 3679; x_wconf 87' lang='lat' dir='ltr'>compositio,</span> <span class='ocrx_word' id='word_1_311' title='bbox 1098 3609 1209 3678; x_wconf 83' lang='lat' dir='ltr'>gestus,</span> <span class='ocrx_word' id='word_1_312' title='bbox 1225 3616 1292 3678; x_wconf 94' lang='lat' dir='ltr'>pro·</span> 
     </span>
     <span class='ocr_line' id='line_1_37' title="bbox 293 3683 1294 3765; baseline -0.008 -17"><span class='ocrx_word' id='word_1_313' title='bbox 293 3689 454 3761; x_wconf 87' lang='lat' dir='ltr'>nuntiatio,</span> <span class='ocrx_word' id='word_1_314' title='bbox 474 3689 586 3762; x_wconf 88' lang='lat' dir='ltr'>vultus,</span> <span class='ocrx_word' id='word_1_315' title='bbox 615 3697 767 3765; x_wconf 88' lang='lat' dir='ltr'>motusque</span> <span class='ocrx_word' id='word_1_316' title='bbox 792 3683 1010 3747; x_wconf 80' lang='lat' dir='ltr'>desiderentur?</span> <span class='ocrx_word' id='word_1_317' title='bbox 1054 3686 1135 3759; x_wconf 82' lang='lat' dir='ltr'>Quae</span> <span class='ocrx_word' id='word_1_318' title='bbox 1164 3687 1189 3744; x_wconf 87' lang='lat' dir='ltr'>si</span> <span class='ocrx_word' id='word_1_319' title='bbox 1212 3683 1294 3742; x_wconf 89' lang='lat' dir='ltr'>velut</span> 
     </span>
     <span class='ocr_line' id='line_1_38' title="bbox 293 3767 1295 3852; baseline -0.007 -20"><span class='ocrx_word' id='word_1_320' title='bbox 293 3772 348 3833; x_wconf 89' lang='lat' dir='ltr'>snb</span> <span class='ocrx_word' id='word_1_321' title='bbox 370 3788 428 3832; x_wconf 92' lang='lat' dir='ltr'>nno</span> <span class='ocrx_word' id='word_1_322' title='bbox 454 3781 557 3833; x_wconf 91' lang='lat' dir='ltr'>conatu</span> <span class='ocrx_word' id='word_1_323' title='bbox 579 3781 636 3832; x_wconf 90' lang='lat' dir='ltr'>tam</span> <span class='ocrx_word' id='word_1_324' title='bbox 656 3772 771 3835; x_wconf 85' lang='lat' dir='ltr'>diversa</span> <span class='ocrx_word' id='word_1_325' title='bbox 799 3779 903 3852; x_wconf 85' lang='lat' dir='ltr'>parent</span> <span class='ocrx_word' id='word_1_326' title='bbox 924 3769 1026 3851; x_wconf 89' lang='lat' dir='ltr'>simul,</span> <span class='ocrx_word' id='word_1_327' title='bbox 1053 3788 1105 3832; x_wconf 87' lang='lat' dir='ltr'>cur</span> <span class='ocrx_word' id='word_1_328' title='bbox 1126 3785 1189 3830; x_wconf 89' lang='lat' dir='ltr'>non</span> <span class='ocrx_word' id='word_1_329' title='bbox 1204 3767 1295 3846; x_wconf 78' lang='lat' dir='ltr'>pluri·</span> 
     </span>
    </p>
   </div>
   <div class='ocr_carea' id='block_1_5' title="bbox 0 0 1596 4409">
    <p class='ocr_par' dir='ltr' id='par_1_6' title="bbox 0 0 1596 4409">
     <span class='ocr_line' id='line_1_39' title="bbox 0 0 1596 4409; baseline 0 3"><span class='ocrx_word' id='word_1_330' title='bbox 0 0 1596 4409; x_wconf 95' lang='lat' dir='ltr'> </span> 
     </span>
    </p>
   </div>
  </div>
 </body>
</html>
