3184 4409
318 479 359 544 98
624 496 660 541 m.
676 494 754 540 sas.
771 494 990 569 cumanum

318 650 501 728 comsumptis
518 650 594 709 euim
611 651 748 710 lacrimis
761 649 875 727 infisus
889 651 1125 728 tamempectort
1138 651 1250 714 boerei
1264 653 1310 713 de

316 735 382 803 l0r;
400 743 429 792 et

421 837 427 871 r
543 850 584 864 -
599 815 732 895 Mopooe
748 837 831 877 nunc
849 817 956 877 hiscite
971 823 1084 877 terrae.

275 901 401 975 atQuod
428 902 736 961 exclamationem
770 900 883 977 quidam
909 909 1016 959 vocant
1038 910 1209 979 ponuntque
1243 905 1309 962 iuter

317 989 422 1062 figuras
439 987 585 1044 orationis.
622 984 700 1043 llaec
723 987 856 1061 quotiens
878 1001 949 1042 vera
971 993 1051 1060 sunt,
1074 1002 1132 1043 non
1146 996 1216 1045 sunt
1237 989 1266 1045 in
1280 1003 1308 1046 ea

316 1072 418 1144 forma,
435 1070 470 1128 de
488 1088 543 1146 qua
558 1087 632 1126 nuuc
646 1069 805 1146 loquimur,
822 1068 874 1127 sed
890 1068 1053 1127 assimulata
1071 1078 1100 1128 et
1115 1079 1178 1128 arte
1197 1087 1307 1149 compo·

317 1157 370 1212 sita
396 1153 498 1231 procul
520 1152 606 1211 dubio
628 1153 775 1211 schemata
803 1161 868 1210 sunt
889 1152 1085 1212 existimanda.
1130 1153 1219 1226 Quod
1239 1155 1308 1214 iden

317 1239 421 1298 dictum
437 1240 473 1295 sit
488 1237 524 1295 de
546 1238 676 1295 oratione
695 1237 802 1309 libera,
825 1253 909 1313 quam
933 1233 1102 1295 Cornificius
1123 1237 1310 1298 licentiam

316 1330 412 1395 vocat,
435 1320 538 1380 Graeci
560 1319 735 1399 παῤῥησίαν.
775 1319 850 1391 Quid
867 1320 941 1377 euim
956 1321 1046 1378 minus
1062 1321 1216 1396 figuratum
1233 1339 1310 1400 qnam

275 1417 386 1471 savera
408 1402 548 1463 libertas?
580 1404 637 1463 Sed
659 1404 828 1480 frequenter
851 1401 974 1462 subhac
992 1403 1066 1463 facie
1087 1405 1159 1464 latet
1176 1406 1309 1465 adulatio.

317 1489 388 1548 Nam
404 1486 507 1546 Cicero
525 1506 588 1546 cum
603 1487 670 1546 dicit
686 1505 738 1565 pro
757 1487 890 1563 Ligario,
906 1485 1054 1565 Suscepto
1070 1489 1162 1565 bello,
1183 1487 1309 1564 Caesar,

314 1580 398 1652 peste
414 1574 476 1632 ium
491 1574 580 1632 etiem
595 1592 635 1632 esc
645 1580 737 1650 porte
752 1590 881 1648 mopso,
901 1573 987 1632 stulto
1002 1573 1033 1632 ei
1048 1581 1174 1634 coactus
1190 1576 1311 1635 coneilio

317 1676 357 1717 oo
371 1656 523 1716 uoluntate
537 1674 605 1716 mea
619 1658 663 1716 cd
678 1676 716 1717 eo
737 1674 828 1715 ormo
846 1656 1006 1733 profectus
1020 1675 1102 1730 sum,
1123 1673 1206 1733 quae
1228 1665 1311 1719 erord

318 1748 438 1817 sumpto
460 1747 566 1799 contro
586 1748 630 1799 te:
654 1756 710 1796 non
731 1740 825 1798 solum
846 1740 882 1799 ad
903 1739 1052 1800 utilitatem
1066 1739 1173 1816 bigarii
1194 1743 1311 1820 respicit

275 1837 310 1892 29
319 1823 370 1883 sed
386 1825 477 1899 magis
499 1823 616 1883 laudare
633 1825 751 1882 victoris
776 1823 957 1882 clementiam
977 1840 1035 1881 non
1055 1833 1163 1900 potest.
1209 1824 1245 1885 In
1268 1827 1309 1886 illu

318 1926 389 1967 vero
410 1911 565 1967 sententia:
585 1906 665 1980 Qarid
682 1914 782 1968 aretem
799 1908 886 1968 aliud
900 1909 1025 1985 epiricus,
1048 1906 1178 1984 Tubero,
1195 1911 1259 1971 uisi
1273 1918 1309 1984 ot,

318 1993 400 2070 quod
414 1993 463 2052 bic
475 1988 582 2070 potest,
598 2011 653 2052 uos
664 1994 844 2070 possemus?
859 1991 1062 2051 admirabiliter
1082 1994 1237 2070 utriusque
1253 2012 1308 2072 par·

317 2081 353 2135 tis
369 2077 437 2135 lacit
452 2075 556 2135 bonam
576 2094 705 2144 causam;
721 2077 773 2135 sed
792 2077 849 2135 hoo
871 2093 935 2134 eum
950 2076 1123 2152 demeretur,
1142 2079 1227 2136 cuius
1243 2077 1308 2137 mala

317 2162 419 2220 iuerat

401 2245 453 2304 llla
477 2244 569 2304 adhuc
589 2246 742 2303 audaciora
767 2253 795 2303 et
809 2247 946 2304 maiorum
963 2246 1015 2322 (ut
1033 2241 1136 2303 Cicero
1153 2247 1308 2324 existimat)

317 2331 453 2403 laterum,
485 2329 667 2387 fictiones
692 2346 952 2406 personarum,
984 2346 1057 2406 quae
1077 2332 1308 2407 προσωποποιΐαι

317 2415 457 2472 dicuntur.
489 2411 560 2470 lilire
575 2430 697 2491 namque
714 2431 776 2471 cum
799 2415 909 2472 variant
924 2414 1082 2472 orationem
1098 2422 1157 2482 tum
1176 2413 1308 2474 excitant

275 2496 367 2559 sollis
391 2506 419 2555 et
440 2498 670 2556 adversariorum
692 2499 883 2572 cogitationes
904 2497 984 2556 velut
1009 2515 1107 2556 secum
1136 2497 1311 2575 loquentium

317 2581 527 2658 protrahimus,
552 2598 625 2657 quae
648 2590 742 2639 tamen
763 2583 803 2640 ita
819 2580 930 2640 demum
945 2599 962 2640 a
977 2580 1033 2640 lide
1054 2598 1112 2639 non
1127 2581 1311 2654 abhorreant,
1358 2578 1359 2635 l

318 2665 343 2721 si
358 2680 392 2722 ea
408 2663 521 2722 locutos
541 2665 720 2739 finxerimus,
746 2682 820 2742 quae
843 2667 990 2741 cogitasse
1011 2681 1063 2723 eos
1082 2682 1145 2723 non
1161 2668 1198 2724 sit
1215 2666 1311 2726 absur-

318 2747 398 2814 dum;
429 2756 457 2805 et
482 2756 598 2805 nostros
628 2767 691 2806 eum
719 2748 781 2807 aliis
808 2766 957 2808 sermones
986 2757 1016 2808 et
1036 2748 1156 2807 aliorum
1180 2751 1259 2808 inter
1282 2765 1312 2807 se

317 2831 494 2890 credibiliter
520 2833 738 2898 introducimus;
762 2841 791 2891 et
825 2833 988 2906 suadendo,
1020 2831 1217 2909 obiurgando,
1246 2851 1312 2912 que·

274 2916 416 2990 31rendo,
433 2915 584 2990 laudando,
610 2916 771 2975 miserando
793 2933 934 2994 personas
955 2917 1074 2975 idoneas
1095 2916 1203 2975 damus.
1243 2918 1314 2991 Quin

317 3000 462 3060 deducere
478 2999 549 3058 deos
566 3002 594 3058 in
608 3000 665 3058 hoc
680 3018 790 3076 genere
807 3000 920 3059 dicendi
936 3009 965 3059 et
982 3000 1090 3059 inferos
1103 3002 1235 3060 excitare
1248 3018 1313 3061 con·

317 3103 430 3143 cessum
454 3092 507 3142 est.
542 3083 636 3142 Urbes
660 3086 744 3143 etiam
765 3085 924 3162 populique
944 3102 1047 3143 vocem
1069 3085 1225 3162 accipiunt.
1272 3085 1314 3144 Ac

316 3178 380 3227 sunt
396 3169 518 3246 quidam,
536 3170 584 3245 qui
599 3168 650 3226 has
668 3168 779 3226 demum
795 3170 1033 3248 προσωποποιΐας
1049 3169 1154 3243 dicant,
1171 3169 1314 3247 inquibus

317 3260 346 3309 et
362 3270 486 3330 corpora
503 3262 531 3311 et
554 3251 644 3311 verba
668 3253 814 3327 fingimus;
840 3270 990 3312 sermones
1005 3252 1147 3312 homiuum
1166 3253 1313 3313 assimula-

279 3341 362 3392 tos
378 3336 477 3394 dicere
500 3331 655 3414 διαλόγους
674 3336 795 3407 malunt,
822 3336 898 3412 quod
918 3335 1081 3396 Latinorum
1103 3336 1219 3413 quidam
1237 3338 1314 3398 dixe·

274 3427 381 3481 32runt
396 3437 514 3477 sermo
524 3423 752 3479 cinationem.
780 3419 874 3496 Ego
866 3438 921 3479 ram
935 3430 1057 3499 recepto
1071 3437 1151 3478 more
1163 3429 1315 3500 utrumque

318 3502 421 3560 eodem
442 3504 527 3561 modo
551 3505 705 3582 appellavi
744 3504 816 3563 Nam
840 3514 919 3564 certe
936 3522 1031 3564 sermo
1048 3505 1115 3581 fingi
1133 3522 1191 3563 non
1206 3515 1313 3583 potest,

315 3594 345 3644 ut
367 3603 423 3644 non
441 3604 585 3663 personae
606 3606 702 3646 sermo
722 3589 854 3664 iungatur.
900 3589 989 3649 Sed
981 3607 1009 3648 m
1031 3588 1092 3662 his,
1115 3607 1192 3667 quae
1216 3599 1315 3649 natura

315 3686 372 3728 non
390 3671 537 3747 permittit,
556 3672 613 3730 hoo
628 3673 712 3730 modo
728 3672 844 3731 mollior
856 3673 886 3731 lit
903 3673 1010 3749 figura:
1028 3670 1147 3733 Etenim
1158 3675 1315 3735 simaeum

299 3757 430 3837 patrib,
458 3756 629 3838 quaemihi
649 3757 713 3820 cito
734 3774 803 3818 meo
822 3757 913 3819 mutto
941 3764 986 3817 est
1009 3759 1131 3833 comm,
1156 3759 1185 3819 si
1204 3766 1316 3821 coactu

254 3832 291 3904 k
