3184 4409
338 428 358 490 8
656 435 1014 497 u.san.ou1uummu1

249 604 251 609 ’
336 594 462 661 nautor„
484 593 548 653 lieo
559 591 742 670 proditionis
752 592 839 670 patri
854 591 988 652 dirutus
1005 590 1088 669 filius
1108 593 1216 676 officit,
1239 595 1323 657 ruet-

337 696 391 739 cus
414 697 474 740 ooo
493 675 597 758 offuit:
619 676 783 737 demontus
796 674 874 736 obiit
891 694 960 736 oum
978 675 1129 737 odoooato
1149 680 1183 739 in
1196 680 1323 740 enaiim
1358 679 1359 695 ¹

337 761 482 822 Rusticus
500 778 568 820 oum
586 759 706 837 sortiter
723 761 863 837 fecisset,
888 760 1022 836 pruentia·
1043 762 1163 822 nomine
1182 763 1325 841 impetro

335 846 379 906 oit
396 845 610 905 restitutionem
620 845 723 921 putria
736 850 764 904 et
776 843 896 922 fratris.
935 840 1027 904 Pater
1041 861 1188 906 reumata
1206 848 1325 908 intorto

337 936 385 988 tus
407 929 553 988 decessit.-
573 928 647 1007 petit
661 928 795 987 motinus
808 932 929 1004 portem
943 925 1104 1003 boiorum,
1118 936 1226 1004 orator
1241 937 1325 991 totuin

296 1011 395 1073 butt
423 1013 569 1072 oiodioot.
618 1009 672 1068 llio
698 1010 741 1069 illi
763 1009 950 1088 eloquentes,
977 1009 1137 1089 quibusque
1167 1029 1223 1072 nos
1254 1015 1325 1073 circa

336 1094 402 1153 lites
422 1113 503 1154 raras
525 1093 712 1153 sollicitiores
733 1092 845 1152 ridiculi
865 1093 1011 1168 videmur,
1030 1095 1165 1154 invadent
1187 1111 1325 1175 personas

335 1178 522 1238 favorabiles.
570 1176 656 1235 Actio
681 1194 734 1255 pro
758 1177 866 1236 rustico
889 1185 989 1236 contra
1009 1176 1161 1253 disertum,
1189 1196 1247 1258 pro
1268 1179 1326 1238 viro

330 1262 403 1321 vforti
420 1271 520 1321 eontra
537 1259 698 1336 imbellem,
722 1277 776 1338 pro
792 1262 958 1319 restitutore
976 1269 1075 1320 eontra
1096 1262 1259 1338 ingratum,
1277 1278 1326 1340 pro

337 1362 391 1421 eo,
408 1347 458 1423 qui
469 1353 550 1423 parte
566 1352 717 1403 contentus
733 1345 785 1419 sit,
804 1352 904 1403 contra
919 1361 998 1418 eum,
1018 1346 1065 1421 qui
1078 1344 1158 1404 fratri
1172 1345 1245 1406 nihil
1262 1346 1328 1406 dare

294 1433 330 1486 44
338 1447 375 1488 ex
397 1431 523 1508 paternis
544 1428 623 1487 velit.
668 1427 749 1501 Quae
773 1429 867 1488 omnia
888 1436 952 1487 sunt
972 1429 1001 1486 in
1020 1429 1138 1488 materia
1161 1437 1192 1489 et
1211 1428 1328 1489 multum

336 1515 447 1588 iuvant,
467 1513 615 1571 victoriam
630 1520 795 1571 tamennon
810 1512 932 1570 trabunt.
963 1509 996 1570 In
1009 1510 1064 1570 bac
1079 1521 1256 1589 quaerentur
1266 1529 1327 1572 sea·

336 1597 459 1670 tentiae,
480 1597 505 1654 si
527 1595 589 1654 lieri
605 1597 729 1672 poterit,
751 1596 927 1673 praecipites
946 1594 996 1654 vel
1019 1593 1176 1670 obscurae,
1200 1596 1283 1673 (nam
1296 1612 1330 1654 ea

336 1697 410 1739 nuno
426 1679 516 1737 virtus
539 1679 605 1757 est)
629 1686 657 1736 et
678 1677 799 1756 pulchre
821 1678 907 1737 fuerit
933 1695 996 1737 oum
1020 1680 1138 1738 materia
1160 1678 1330 1738 tumultuet

337 1763 463 1822 clamore
484 1770 667 1821 transactum.
716 1761 760 1821 llli
781 1778 870 1838 vero,
893 1761 995 1839 quibus
1018 1763 1197 1840 propositum
1216 1761 1330 1841 quidem

336 1845 437 1905 melius
460 1845 512 1905 sed
532 1863 599 1905 cura
620 1847 649 1904 in
663 1847 794 1923 proximo
812 1855 871 1920 est,
893 1845 967 1904 liaeo
987 1845 1067 1904 velut
1081 1847 1235 1906 innatantia
1251 1845 1328 1906 vide

295 1929 420 1991 bibunt:
439 1928 614 1988 Excusatum
630 1947 697 1988 esse
711 1931 863 2004 rusticum,
882 1930 959 2006 quod
970 1946 1026 1987 non
1046 1929 1206 1988 interfuerit
1223 1928 1329 1989 iudicio

336 2013 404 2072 nihil
418 2012 574 2072 collaturus
590 2014 678 2090 patri;
702 2014 754 2073 sed
772 2032 809 2072 ne
825 2014 961 2073 disertum
976 2014 1089 2091 quidem
1103 2011 1228 2088 babere,
1254 2011 1329 2091 quod

337 2100 455 2176 imputet
475 2114 543 2172 reo,
567 2115 630 2156 cum
652 2099 676 2154 is
700 2097 845 2156 damnatus
866 2098 917 2163 sit;
939 2096 1053 2172 dignum
1078 2114 1145 2154 esse
1166 2096 1328 2156 hereditate

301 2208 308 2221 ·
336 2182 545 2249 restitutorum
569 2199 700 2255 avarum,
720 2183 847 2258 impium,
867 2181 1090 2257 ingratum,.qnt
1110 2180 1241 2239 dividere
1259 2179 1329 2239 nolit

337 2264 504 2323 cumfratre
521 2281 614 2341 eoque
631 2266 673 2322 sic
696 2266 812 2332 merito;
836 2265 1031 2341 quaestionem
1047 2279 1162 2340 quoque
1177 2262 1257 2322 illam
1272 2261 1328 2341 pri·

335 2366 408 2406 mam
434 2350 532 2426 scripti
558 2358 586 2407 et
612 2348 782 2421 voluntatis,
804 2364 859 2424 qua
883 2364 941 2405 non
964 2354 1126 2425 expugnata
1148 2363 1205 2405 nou
1225 2348 1264 2405 sit
1283 2363 1327 2404 sa·

293 2431 487 2508 loquentibus
512 2431 603 2491 locus.
649 2430 703 2506 At,
727 2433 774 2508 qui
794 2440 1095 2509 naturamsequetur,
1120 2429 1171 2490 illa
1190 2427 1329 2506 cogitabit

336 2515 481 2592 profecto,
490 2517 580 2592 primo
593 2514 650 2574 hoo
662 2515 801 2574 dicturum
812 2516 962 2573 rusticum:
978 2511 1070 2574 Putet·
1080 2515 1240 2574 intestatus
1250 2515 1328 2574 daos

334 2617 390 2659 uos
407 2599 485 2675 filios
505 2600 643 2675 reliquit,
667 2607 788 2675 portem
811 2600 879 2659 iure
896 2598 1027 2676 petatium
1043 2604 1124 2674 peto.
1177 2595 1247 2669 Quis
1273 2603 1329 2654 tam

336 2683 498 2759 imperitus,
516 2684 578 2758 quis
590 2690 645 2740 tam
657 2681 759 2759 procul
774 2681 921 2756 alitteris,
935 2683 1002 2758 q'uin
1013 2681 1055 2739 sio
1067 2680 1201 2756 incipiat,
1217 2680 1327 2738 etiamsi

294 2778 327 2836 47
336 2767 488 2840 nescierit,
504 2763 575 2842 'quid
591 2767 626 2823 sit
642 2761 824 2843 propositio?
860 2763 940 2823 Hanc
955 2781 1132 2823 communem
1150 2765 1273 2822 omnium
1287 2762 1327 2822 le·

337 2868 403 2927 gem
420 2849 523 2907 leviter
538 2849 685 2908 adornabit
702 2858 731 2907 ut
747 2850 857 2908 iustam.
896 2847 1006 2925 Nempe
1021 2855 1174 2923 sequetur,
1196 2854 1327 2923 atquae

337 2951 448 3007 ramus,
468 2932 535 3009 quid
550 2932 615 2991 huic
631 2940 686 2990 tam
704 2950 815 3009 aequae
830 2931 1016 3010 postulationi
1030 2927 1261 3007 respondeatur?
1290 2927 1329 2987 At

337 3017 365 3078 id
381 3017 559 3076 manifestum
583 3025 635 3075 est.
684 3014 749 3076 Leo
767 3024 831 3091 est,
858 3033 937 3093 quoe
954 3015 1037 3076 iubet
1062 3015 1244 3075 exheredem
1264 3031 1329 3073 esse

338 3121 421 3178 etam,
445 3103 496 3177 quii
508 3102 592 3178 potii
602 3101 785 3177 proditionis
806 3119 859 3162 reo
874 3117 934 3160 non
947 3097 1087 3180 astiterit,⁸
1109 3105 1141 3158 tu
1155 3105 1257 3158 autem
1270 3115 1329 3158 oon

338 3184 459 3267 affuisti.
501 3184 581 3244 Hauc
596 3185 823 3262 propositionem
842 3183 1008 3241 necessaria
1029 3182 1157 3259 sequitur
1174 3179 1249 3256 legis
1270 3179 1329 3239 lau·

240 3268 243 3273 ’
292 3267 414 3331 sedatio
432 3277 460 3326 et
476 3270 553 3344 eius,
570 3270 618 3345 qui
634 3285 691 3325 nou
706 3268 834 3341 alluerit,
850 3266 1031 3342 vituperatio.
1065 3264 1167 3323 Adhuc
1182 3280 1330 3323 versamur

337 3350 365 3408 in
383 3350 542 3418 oouiessis;
567 3350 667 3409 redeat
689 3352 795 3408 animus
812 3350 847 3408 ud
862 3350 1028 3426 petitorem
1050 3347 1184 3425 numquid
1199 3364 1258 3405 non
1275 3347 1330 3406 boo

338 3435 448 3509 cogitet
463 3452 585 3493 necesse
603 3443 663 3510 est,
682 3436 735 3492 m'si
751 3435 799 3510 qui
816 3433 853 3491 sit
870 3432 954 3509 plane
970 3431 1076 3491 hebes:
1097 3430 1133 3491 Si
1152 3432 1203 3492 lea
1222 3430 1329 3502 obstat,

336 3518 421 3578 nulla
434 3518 473 3577 lio
490 3527 549 3593 eat,
572 3519 663 3578 iooue
684 3519 832 3578 iudicium
846 3518 913 3576 est?
945 3513 1041 3592 ‘Atqu'
1057 3523 1085 3576 et
1104 3515 1200 3592 lepem
1222 3534 1288 3574 eece
1304 3520 1331 3574 et

338 3601 409 3675 boc,
433 3603 516 3677 quod
536 3621 573 3662 eo
590 3604 713 3678 partiat,
731 3621 751 3661 o
766 3601 881 3661 rustico
900 3601 1032 3678 focium,
1058 3607 1147 3658 eatro
1169 3597 1329 3658 dubitatio-

260 3701 325 3782 49
338 3704 406 3746 nem
421 3694 475 3746 est.
501 3683 574 3758 Quid
591 3701 661 3760 ergo
680 3681 818 3744 dicimus?
838 3683 984 3746 Rusticus
1003 3701 1097 3744 eram.
1119 3681 1178 3741 Sed
1194 3680 1244 3740 lex
1260 3686 1329 3754 erat,

407 3865 426 3907 Ι
