3184 4409
555 480 1025 548 tusr.0ueuou.nre.xn‚1o.
1233 466 1294 531 263

246 680 264 727 ι,
294 638 374 699 alind
388 639 416 697 iu
430 636 487 697 alio
503 638 594 712 magis
612 636 734 712 eminet,
750 634 804 695 sed
822 636 900 714 quod
914 653 972 695 uon
984 653 1039 694 una
1055 636 1185 696 omnihus
1202 637 1295 698 forma

246 755 264 813 ᾗ·
293 723 427 803 placuit,
446 722 549 799 partim
565 721 735 780 condicione
751 719 800 779 vel
816 728 977 798 temporum
993 719 1042 778 vel
1058 720 1205 798 locorum,
1228 740 1293 800 par·

246 836 262 896 p
293 809 345 867 tim
365 806 471 866 iudicio
495 806 634 882 cuiusque
659 813 745 882 atque
763 806 927 883 proposito.
961 804 1061 880 Primi,
1087 822 1207 882 quorum
1230 808 1320 884 qui-3

246 940 260 983 Ι,
294 892 360 952 dem
381 907 472 968 opera
495 906 552 947 uon
574 889 726 947 vetustatis
750 890 837 949 modo
859 890 952 965 gratia
971 888 1090 948 visenda
1114 898 1194 963 sunt,
1223 890 1294 950 clari

252 1008 259 1066 ι,
294 977 467 1054 pictores
483 973 573 1032 fuisse
586 972 717 1032 dicuntur
730 971 910 1048 Polygnotus
922 981 1008 1049 atque
1019 971 1205 1050 Aglaophon,
1223 991 1293 1052 quo·

246 1064 257 1138 't
294 1077 356 1118 rum
377 1057 501 1136 simplex
523 1056 607 1116 color
626 1065 683 1116 tam
706 1057 749 1114 sui
775 1057 921 1116 studiosos
943 1056 1036 1116 adhue
1057 1057 1160 1133 hahet,
1193 1058 1294 1118 utilia
1354 1073 1356 1078 ·

246 1138 256 1237 '¹
294 1157 389 1221 prope
410 1141 491 1201 rudia
511 1158 546 1200 ac
566 1141 646 1200 velut
665 1140 779 1199 futurae
800 1158 868 1200 mox
886 1142 954 1200 artis
976 1142 1132 1218 primordia
1152 1143 1293 1218 maximis,

295 1227 344 1305 qui
359 1235 428 1305 post
444 1242 496 1285 eos
513 1225 867 1300 extiterunt,.auctorihus
885 1225 1067 1303 praeferant,
1085 1227 1205 1304 proprio
1222 1242 1292 1305 quo·

246 1280 253 1407 ,A
294 1311 359 1371 darn
380 1309 578 1386 intelligendi,
604 1317 635 1367 ut
653 1325 717 1368 mea
739 1311 837 1387 opinio
854 1309 925 1385 fert,
951 1308 1067 1368 ambitu.
1098 1308 1168 1369 Post
1185 1309 1321 1374 Zeuxist

246 1452 248 1483 μ
294 1403 382 1472 atque
403 1393 571 1453 Parrhasius
590 1410 648 1452 non
667 1392 784 1453 multum
810 1403 905 1452 aetate
927 1394 1081 1469 distantes,
1108 1395 1185 1454 circa
1209 1394 1293 1454 Pelo·

293 1479 435 1557 pennesia
456 1477 539 1537 ambo
560 1487 692 1555 tempora
716 1477 795 1554 (nam
818 1496 881 1537 cum
902 1477 1054 1538 Parrhasio
1075 1495 1170 1537 senno
1189 1479 1294 1538 Socra·

291 1565 330 1622 tis
346 1562 422 1640 apud
438 1560 662 1640 Xenophontem
683 1562 840 1640 invenitur)
865 1561 1016 1640 plurimum
1039 1564 1092 1622 arti
1113 1562 1292 1622 addiderunt.

296 1645 424 1719 Quorum
438 1649 518 1724 prior
533 1645 666 1704 luminum
683 1644 904 1724 umbrarumque
921 1646 1067 1706 invenisse
1082 1648 1232 1722 rationem,
1247 1666 1293 1706 se·

295 1731 404 1790 cundus
431 1732 611 1790 examinasse
636 1729 768 1789 subtilius
796 1729 888 1789 lineas
917 1731 1046 1790 traditur.
1090 1730 1162 1789 Nam
1187 1731 1321 1792 zeuxius

294 1813 361 1892 plus
376 1813 511 1873 memhris
528 1815 660 1893 eorporis
676 1807 773 1888 dedit,
800 1814 828 1873 id
844 1814 965 1892 amplius
983 1824 1068 1892 atque
1086 1817 1234 1893 augustius
1248 1834 1294 1875 ra·

294 1907 340 1957 tus
357 1908 460 1976 atque,
479 1907 509 1957 ut
525 1900 703 1972 existimant,
724 1896 879 1957 Homerum
895 1907 1029 1974 secutus,
1053 1901 1098 1958 oui
1118 1900 1294 1960 validissima

294 2000 428 2060 quaeque
444 1981 536 2042 forma
552 1984 637 2042 etiam
654 1983 682 2040 in
697 1981 811 2041 feminis
826 1981 933 2061 placet.
964 1981 1017 2041 llle
1033 2000 1105 2042 vero
1120 1984 1160 2043 ita
1173 1984 1293 2053 circum·

294 2069 412 2145 scripsit
429 2069 542 2141 omnia,
563 2075 594 2125 ut
610 2084 674 2126 eum
691 2065 787 2142 legum
804 2065 925 2125 latorem
940 2075 1064 2141 vocent,
1089 2069 1155 2145 quia
1174 2066 1293 2128 deorum

293 2158 380 2227 atque
402 2150 521 2209 heroum
544 2150 676 2227 effigies,
707 2150 809 2227 quales
827 2149 862 2209 ah
886 2167 922 2208 eo
946 2159 1010 2209 sunt
1031 2151 1168 2225 traditae,
1190 2153 1291 2224 ceteri,

292 2243 427 2312 tauquam
443 2236 481 2293 ita
497 2252 622 2294 necesse
637 2235 683 2308 sit,
703 2243 872 2311 sequuntur.
904 2233 1014 2294 Floruit
1030 2244 1124 2295 autem
1141 2236 1218 2294 eirea
1229 2234 1321 2300 Phi-6

292 2317 402 2396 lippum
421 2327 450 2377 et
465 2335 558 2395 usque
574 2318 609 2377 ad
623 2335 815 2377 successores
832 2316 990 2378 Alexandri
1008 2320 1119 2397 pictura
1134 2321 1292 2397 praecipue

292 2403 346 2461 sed
363 2402 485 2461 diversis
500 2401 661 2461 virtutibus.
693 2401 766 2461 Nam
784 2419 853 2462 cura
867 2403 1067 2478 Protogenes,
1085 2405 1196 2475 ratione
1212 2402 1292 2463 Pam·

292 2486 389 2564 philus
406 2504 441 2545 ac
457 2485 647 2561 Melanthius,
669 2485 810 2546 facilitate
828 2484 1008 2564 Antiphilus,
1031 2487 1230 2565 concipiendis
1250 2489 1292 2547 vi·

293 2568 438 2644 sionibus,
457 2586 528 2646 quas
546 2569 709 2645 φαντασίας
724 2578 846 2645 vocant,
864 2570 965 2630 Theon
980 2572 1106 2646 Samius,
1129 2572 1245 2649 ingenio
1264 2581 1293 2632 et

292 2655 404 2729 gratia,
429 2671 513 2731 quam
538 2655 566 2712 iu
583 2671 617 2713 se
634 2655 699 2731 ipse
720 2656 842 2714 maxime
862 2656 969 2731 iactat,
993 2653 1117 2733 Apelles
1141 2664 1186 2715 est
1207 2674 1291 2735 prae·

293 2738 495 2797 stantissimus.
524 2736 745 2816 Euphranorem
761 2739 955 2798 admirandum
970 2737 1055 2814 facit,
1073 2739 1152 2819 quod
1167 2749 1196 2800 et
1212 2750 1291 2800 cete·

292 2824 332 2880 ris
358 2824 473 2900 optimis
492 2821 593 2880 studiis
615 2823 691 2882 inter
704 2824 880 2902 praecipuos
902 2833 930 2884 et
947 2824 1084 2902 pingendi
1107 2823 1291 2903 fingendique

293 2905 368 2965 idem
384 2909 472 2966 mirus
488 2906 594 2965 artifex
607 2906 670 2965 fuit.

380 2990 486 3051 Similis
507 2992 536 3049 iu
565 2991 701 3050 statuis
732 2990 903 3051 differentia.
946 2991 1017 3051 Nam
1040 2991 1155 3052 duriora
1182 2998 1211 3049 et
1236 2991 1318 3052 Tui

294 3074 417 3133 scenicis
440 3076 572 3152 proxima
594 3073 698 3134 Callon
720 3084 807 3155 atque
828 3075 988 3152 Hegesias,
1012 3078 1067 3134 iam
1088 3077 1179 3133 minus
1200 3075 1292 3151 rigida

294 3153 435 3241 Calamis,
459 3158 593 3218 molliora
614 3159 706 3218 adhuc
726 3177 814 3238 supra
831 3160 915 3220 dictis
930 3158 1033 3234 Myron
1049 3158 1128 3217 feeit.
1162 3157 1290 3236 Diligen-

292 3240 331 3297 tia
348 3257 382 3299 ac
398 3241 489 3301 decor
504 3244 532 3303 in
546 3241 698 3316 Polycleto
714 3261 802 3321 supra
815 3253 943 3316 ceteros,
961 3244 1006 3301 cui
1022 3261 1183 3321 quanquam
1198 3261 1214 3303 a
1229 3243 1291 3321 ple·

292 3323 391 3401 risque
413 3324 545 3384 tribuitur
567 3325 679 3404 palma,
705 3335 815 3402 tamen,
838 3345 876 3386 ne
891 3326 961 3386 nihil
977 3326 1158 3403 detrahatur,
1185 3327 1290 3387 deesse

293 3406 406 3484 pondus
428 3417 536 3485 putant.
567 3409 638 3469 Nam
654 3419 685 3469 ut
700 3410 839 3470 humanae
864 3411 975 3470 formae
989 3411 1125 3471 decorem
1148 3411 1317 3472 addiderit&

292 3507 379 3568 supra
394 3509 511 3566 verum,
532 3493 571 3553 ita
586 3511 643 3553 non
666 3493 833 3572 explevisse
849 3494 967 3554 deorum
991 3496 1190 3555 auctoritatem
1209 3495 1289 3555 vide·

292 3582 347 3632 tur.
383 3573 458 3647 Quin
477 3583 601 3636 aetatem
618 3595 735 3655 quoque
750 3575 915 3656 graviorem
931 3578 1034 3638 dicitur
1055 3579 1202 3657 refugisse
1219 3578 1288 3638 nihil

291 3676 378 3717 ausus
389 3658 464 3718 ultra
476 3658 558 3719 leves
572 3679 673 3737 genas.
696 3661 735 3721 At
747 3662 981 3740 quaePolyclem
992 3663 1155 3738 defuerunt,
1171 3662 1288 3722 Phidiae

290 3752 377 3822 atque
393 3742 544 3805 Alcameni
561 3743 671 3805 dantur.
707 3745 822 3807 Phidias
838 3754 932 3808 tamen
952 3748 1006 3808 diis
1021 3765 1105 3826 quam
1127 3746 1316 3810 hominihus9
