3184 4409
473 490 563 539 msa.
577 491 725 540 aaaron.
741 495 810 542 nro.
829 495 902 560 vm,
917 490 944 546 ε.
1169 484 1210 545 59

246 645 366 706 utrariis
380 645 541 705 virtutihus.
585 645 656 705 Nam
677 647 797 724 primum
812 657 914 724 acuto,
939 650 1095 710 seeundum
1109 651 1208 727 nitido,
1304 689 1306 692 -

246 733 327 790 tium
349 729 488 808 eopioso,
512 729 651 810 deinceps
677 730 775 808 hilari,
796 732 939 809 iucundo,
964 743 1099 793 aeaurato
1115 735 1208 794 diver-

246 833 270 873 n
291 821 347 872 εει.

295 895 420 956 Vitanda
440 906 470 956 et
494 897 659 974 μείωσις,
683 915 746 958 oum
765 900 890 958 sermoni
905 898 989 959 deest
1007 900 1129 977 aliquid,
1152 915 1251 979 quood

246 999 304 1039 nus
321 979 424 1058 plenus
442 982 493 1049 sit;
511 999 670 1058 quanquam
684 982 713 1041 id
728 980 871 1042 obscurae
883 985 979 1061 potius
995 1001 1079 1061 quam
1095 986 1207 1044 inorna-

246 1084 254 1124 ι
273 1065 414 1122 orationis
427 1065 525 1124 vitium
539 1073 592 1129 est.
621 1064 679 1124 Sed
696 1064 753 1124 hoo
771 1083 897 1144 quoque,
912 1085 975 1125 eum
990 1085 1006 1126 a
1022 1067 1208 1144 prudentibus

246 1193 253 1220 ,
282 1147 401 1209 schema
421 1148 477 1208 diei
498 1147 589 1224 solet,
611 1150 686 1207 sieut
700 1151 940 1228 ταατολογία,
966 1151 994 1210 id
1016 1160 1060 1209 est
1080 1152 1207 1210 eiusdem

246 1230 294 1292 rbi
311 1241 360 1290 aut
375 1233 516 1291 sermonis
531 1233 655 1291 iteratio.
696 1232 775 1293 Haeo
790 1236 879 1309 enim,
905 1252 1063 1312 quanquam
1079 1247 1250 1313 nonme-51

248 1333 346 1394 opere
368 1333 384 1376 a
405 1317 519 1374 summis
543 1314 707 1375 auctoribus
730 1318 833 1392 vitata,
861 1319 973 1376 interim
998 1320 1095 1377 vitium
1115 1317 1207 1377 videri

248 1409 330 1476 test,
345 1400 374 1458 in
390 1399 466 1478 quod
480 1418 570 1478 saepe
590 1399 688 1458 ineidit
703 1401 788 1459 etiam
807 1399 910 1460 Cicero
929 1420 1048 1460 securus
1069 1411 1126 1460 tam
1142 1420 1206 1479 par·

246 1503 264 1544 e
283 1482 511 1543 observationis:
531 1485 605 1542 siout
625 1482 681 1543 hoo
704 1480 788 1560 loeo,
811 1482 878 1545 Non
901 1487 996 1547 solum
1015 1487 1109 1564 ipitur
1128 1486 1208 1547 illud

246 1569 360 1629 dicium
373 1569 482 1629 iudicii
497 1569 605 1641 simite,
620 1565 758 1643 Iudices,
781 1587 841 1630 noa
860 1570 928 1648 fait.
965 1569 1080 1628 Interim
1098 1577 1205 1628 mutato

246 1653 328 1711 mine
348 1644 532 1728 ἐπανάληψις
552 1651 670 1725 dieitur,
693 1660 779 1728 atque
801 1661 845 1711 est
869 1662 899 1711 et
920 1654 1012 1731 ipsum
1033 1653 1108 1712 inter
1122 1652 1205 1712 sohe-

246 1745 302 1804 rta;
313 1752 433 1814 quorum
444 1733 577 1814 exempla
586 1734 636 1794 illo
651 1735 718 1794 looo
727 1737 902 1813 quaerenda,
915 1753 971 1814 quo
980 1737 1100 1794 virtutes
1113 1745 1204 1795 erunt.
1223 1747 1238 1786 t

297 1819 385 1879 Peior
404 1819 459 1878 hae
482 1811 721 1897 ὁμοιολογία,
746 1836 820 1896 quae
841 1819 920 1879 nulla
940 1820 1088 1879 varietatis
1112 1821 1247 1897 gratiosi

246 1911 293 1962 rat
308 1902 432 1962 taedium
457 1911 542 1979 atque
566 1910 611 1960 est
630 1910 690 1960 tota
708 1902 815 1961 coloris
830 1904 928 1978 unius,
946 1920 1001 1980 qua
1018 1905 1140 1962 maxime
1156 1904 1204 1963 de-

248 1985 401 2046 ehenditur
416 2003 517 2045 oarens
533 1993 595 2045 arte
611 1986 750 2053 oratoria3
773 2003 866 2062 eaque
882 1995 911 2045 et
925 1987 953 2045 in
968 1988 1115 2045 sententiis
1131 1995 1161 2046 et
1176 1989 1205 2046 in

246 2070 314 2142 ‚ruris
330 2077 360 2128 et
373 2071 403 2129 iu
423 2071 567 2148 positione
582 2069 671 2144 longe
685 2086 742 2127 non
757 2071 855 2128 animis
870 2069 964 2129 solum
987 2069 1140 2129 sedetiam
1156 2087 1203 2128 au·

246 2171 293 2212 rus
309 2162 354 2212 est
375 2153 576 2229 ingratissima.
619 2151 741 2212 Vitanda
762 2153 1008 2232 μακρολογία,
1029 2153 1057 2213 id
1079 2162 1124 2212 est
1143 2153 1247 2218 ion-53

246 2253 280 2296 or
301 2255 385 2315 quam
410 2245 526 2314 oportet
545 2253 654 2295 sermo:
677 2246 707 2296 ut
725 2234 800 2315 apud
822 2235 855 2295 Τ.
877 2234 1000 2312 Livium,
1022 2233 1205 2315 Leontinon

246 2328 375 2399 rpetrota
395 2338 478 2398 paee
496 2329 579 2381 retro
599 2322 732 2394 domum,
760 2320 843 2382 unde
861 2328 1024 2396 venerunt,
1051 2322 1202 2382 odierant.

246 2405 271 2464 rd
292 2403 359 2463 huie
379 2406 473 2464 vicina
494 2402 669 2482 periphrasis
684 2404 774 2463 virtus
797 2402 927 2463 habetur.
970 2403 1024 2462 Est
1045 2411 1074 2462 et
1093 2408 1203 2464 πλεο-

246 2478 351 2565 rupte
372 2489 488 2564 vitium,
513 2505 576 2546 eum
600 2488 787 2564 supervacuis
807 2486 905 2546 verbis
934 2488 1026 2547 oratio
1052 2496 1201 2546 oneratur:

246 2590 277 2648 po
299 2571 396 2633 oeulis
417 2573 493 2632 meis
512 2572 599 2640 oidi,·
621 2580 665 2630 sat
686 2579 731 2629 εει
753 2571 827 2630 enim
847 2572 920 2633 uidi.
960 2570 1128 2630 Emendavit
1147 2570 1246 2634 hocas

246 2655 298 2714 iam
320 2652 428 2714 urbane
449 2656 477 2714 in
498 2654 590 2713 Hirtio
615 2651 735 2729 Cicero,
757 2655 821 2732 qui,
843 2672 907 2714 eum
928 2654 957 2714 in
971 2653 1091 2713 Pansam
1105 2654 1231 2714 decla-r

246 2756 289 2798 ms
312 2737 407 2815 fitium
429 2756 449 2799 a
469 2748 567 2799 matre
587 2739 692 2799 decem
708 2738 861 2800 mensibus
880 2739 913 2798 in
927 2746 1013 2800 utero
1027 2739 1121 2799 iatum
1135 2756 1203 2800 esso

246 2822 341 2897 risset,
362 2819 463 2894 Quid?
480 2823 577 2899 atine,
592 2822 696 2899 inquit,
712 2823 744 2882 ia
753 2823 869 2900 penula
883 2823 978 2884 soleat
989 2821 1095 2899 ferre?
1124 2821 1201 2881 Nou·

248 2923 352 2984 nquam
372 2915 468 2965 tamen
490 2905 560 2965 illud
585 2924 692 2981 genus,
719 2907 799 2964 ouius
826 2905 988 2985 exemplum
1012 2906 1109 2983 priore
1133 2905 1200 2965 loeo

246 2991 305 3065 sui,
323 2988 519 3048 affirmationis
535 2991 627 3066 gratia
642 2988 811 3048 adhibetur·

428 3107 468 3119 -
488 3070 655 3150 Vocemqae
675 3073 722 3132 dir
735 3073 863 3134 auribus
881 3072 980 3134 Muri·
1049 3078 1052 3083 ’

246 3156 363 3214 »virium
379 3158 449 3231 erit,
473 3159 605 3234 quotiens
621 3157 743 3215 otiosum
761 3156 848 3215 fuerit
865 3165 894 3215 et
909 3155 1052 3233 supererit
1066 3172 1123 3214 non
1140 3163 1243 3218 sumti

246 3241 369 3299 iioietur.
408 3239 461 3298 Est
478 3241 577 3315 etiam,
600 3256 674 3317 quae
695 3239 888 3319 περιεργία
912 3248 1047 3314 vocatur,
1063 3256 1200 3317 supervo·

247 3341 274 3399 a,
294 3331 324 3381 ut
340 3324 383 3383 sio
398 3322 529 3398 dixerim,
547 3325 726 3401 operositas,
750 3331 780 3383 ut
803 3341 820 3382 a
841 3322 970 3398 diligenti
991 3323 1121 3381 curiosus
1139 3330 1201 3382 eta

246 3406 354 3484 {igione
373 3408 540 3484 superstitio
557 3406 651 3476 distat.
682 3406 788 3484 Atque,
804 3415 835 3466 ut
850 3406 941 3466 semel
952 3405 1055 3482 finiam,
1071 3405 1119 3465 vel
1134 3423 1199 3464 ver·

247 3508 275 3549 m
293 3506 395 3566 omne,
423 3491 500 3569 quod
515 3508 609 3568 neque
630 3490 808 3550 intellectum
822 3491 936 3550 adiuvat
949 3507 1045 3570 neque
1060 3498 1199 3566 ornatum,

248 3576 342 3634 iosum
360 3573 538 3652 dioipotest.

293 3650 524 3736 Κααόζηλαν,
545 3657 573 3717 id
589 3666 634 3717 est
649 3657 724 3717 mala
740 3657 902 3732 affectatio,
920 3675 974 3736 per
988 3673 1071 3716 omne
1088 3655 1241 3720 dicenditti

246 3759 302 3802 uus
323 3751 437 3819 pereat.
480 3739 552 3802 Nam
573 3750 603 3801 et
621 3742 725 3802 tumida
748 3750 779 3800 et
800 3741 905 3821 pusilla
926 3750 955 3801 ει
975 3741 1152 3821 praedulcia
1169 3747 1199 3798 et
