3184 4409
566 470 655 519 rnsn.
670 466 1002 532 onnnon.1.113.xs,3.
1230 457 1290 519 211

243 668 255 705 ,
289 629 382 700 simo,
400 626 495 703 quoad
510 626 597 699 vixit,
615 625 774 691 secundus;
797 633 829 683 ut
846 633 1001 702 appareat,
1024 625 1170 701 placuisse
1187 623 1293 702 aliquid

243 751 254 791 ξ
291 727 332 770 eo
349 710 480 782 dicente,
504 708 581 786 quod
601 707 735 784 legentes
752 725 809 766 non
832 709 1001 767 invenimus.
1039 707 1076 766 Ει
1091 708 1210 767 hercule
1229 718 1321 772 cum9

243 837 253 877 ι
289 793 409 854 valeant
429 792 545 851 multum
566 791 656 850 verba
671 809 725 869 per
742 809 792 867 se,
820 800 849 850 et
863 809 921 850 vox
938 793 1084 869 propriam
1104 793 1161 849 vim
1179 791 1293 853 adiiciat

253 930 256 935 .
291 876 397 951 rebus,
422 885 450 934 et
473 885 572 952 gestus
588 884 740 953 motusque
761 875 904 950 significet
927 874 1047 951 aliquid:
1070 875 1205 952 prolecto
1228 893 1294 953 per·

243 1006 254 1035 ,Γ
290 962 400 1022 fectum
415 960 547 1037 quiddam
562 959 642 1035 lieri,
664 977 728 1018 cum
744 960 837 1017 omnia
852 961 1001 1033 coierunt,
1019 976 1143 1017 necesse
1157 967 1211 1017 est.

246 1108 250 1115 ,
377 1045 449 1104 Sunt
466 1053 561 1103 tamen
575 1045 624 1121 qui
638 1043 738 1102 rudem
753 1042 848 1118 illam,
870 1052 899 1103 et
921 1043 1036 1121 qualem
1056 1044 1178 1120 impetus
1200 1044 1337 1106 cuius-10

244 1122 249 1214 j
291 1147 351 1206 qus
370 1129 454 1186 animi
475 1127 554 1202 tulit,
579 1130 722 1186 actionem
741 1126 868 1187 iudicent
887 1127 1037 1186 fortiorem
1058 1135 1087 1185 et
1110 1125 1203 1186 solam
1225 1127 1294 1185 viris

290 1213 422 1288 dignam:
446 1212 499 1271 sed
514 1228 570 1270 non
585 1210 632 1270 alii
648 1210 730 1286 lere,
753 1228 836 1288 quam
852 1212 899 1288 qui
915 1213 998 1269 etiam
1014 1212 1041 1269 in
1059 1208 1181 1270 dicendo
1198 1226 1295 1270 curam

291 1305 324 1355 et
338 1304 427 1355 artem
446 1304 474 1354 et
492 1296 629 1370 nitorem,
653 1304 682 1354 et
697 1294 833 1372 quidquid
849 1295 943 1353 studio
958 1302 1092 1372 paratur,
1115 1303 1145 1352 ut
1161 1293 1295 1353 affectata

291 1389 324 1439 et
339 1396 437 1456 pamm
451 1379 590 1438 naturalia
606 1378 701 1438 solent
716 1377 892 1456 improbare,
912 1379 959 1436 vel
976 1379 1024 1456 qui
1039 1377 1193 1437 verborum
1208 1385 1294 1454 atque

290 1464 384 1541 ipsius
408 1463 494 1522 etiam
515 1464 579 1522 soni
599 1464 775 1535 rusticitate,
803 1471 833 1520 ut
850 1460 880 1521 L.
898 1459 1011 1534 Cottam
1028 1463 1097 1522 dicit
1121 1460 1226 1520 Cicero
1251 1461 1293 1520 le·

293 1549 390 1621 cisse,
411 1547 596 1607 imitationem
617 1547 791 1625 antiquitatis
813 1546 957 1607 affectant.
991 1546 1099 1605 Verum
1118 1546 1159 1605 illi
1177 1560 1336 1624 persua-11

291 1632 377 1690 sione
398 1648 450 1690 sua
470 1630 616 1705 fruantur,
643 1632 692 1709 qui
713 1629 892 1706 hominibus,
921 1640 951 1691 ut
970 1632 1025 1689 sint
1047 1638 1198 1705 oratores,
1225 1631 1294 1688 satis

291 1723 393 1793 putant
410 1715 505 1781 nasci;
528 1724 627 1773 nostro
650 1714 742 1774 labori
760 1714 828 1774 dent
841 1716 974 1789 reniam,
999 1716 1047 1792 qui
1066 1714 1136 1774 nihil
1153 1713 1296 1774 oredimus

291 1816 362 1857 esse
384 1797 562 1875 perlectum,
586 1799 639 1857 nisi
660 1797 709 1858 ubi
731 1807 831 1857 natura
849 1817 917 1859 cura
935 1801 1056 1858 iuvetur.
1087 1798 1119 1857 ln
1137 1798 1194 1858 hoc
1209 1799 1296 1874 igitur

290 1899 351 1941 non
363 1885 569 1942 contumaciter
582 1882 743 1956 consentio,
760 1883 866 1959 primas
878 1892 975 1960 partes
989 1900 1056 1941 esse
1068 1892 1195 1942 naturas.
1223 1882 1295 1941 Nam
1305 1894 1337 1947 12

292 1975 375 2025 certe
392 1964 467 2024 bene
486 1967 671 2043 pronuntiare
693 1981 750 2022 non
765 1966 889 2043 poterit,
915 1967 960 2024 cui
978 1975 1025 2025 aut
1047 1968 1075 2024 in
1097 1967 1213 2044 scriptis
1236 1983 1294 2024 me·

290 2052 382 2109 moria
398 2051 488 2109 autin
506 2050 550 2126 iis,
569 2067 643 2128 quae
658 2049 753 2107 subito
769 2049 890 2109 dicenda
908 2057 1004 2124 erunt,
1023 2049 1147 2109 facilitas
1164 2058 1296 2127 prompta

291 2134 434 2209 defuerit,
468 2152 522 2192 neo
544 2136 569 2193 si
597 2131 816 2192 inemendabilia
842 2134 900 2191 oris
922 2133 1101 2193 incommoda
1131 2133 1294 2193 obstabunt.

295 2216 435 2297 Corporis
458 2219 543 2277 ctiam
557 2226 656 2294 potest
677 2234 743 2275 esse
761 2217 856 2294 aliqua
871 2226 947 2276 tanta
970 2217 1154 2291 deformitas,
1172 2226 1203 2276 ut
1218 2216 1296 2277 nulla

293 2311 355 2361 arte
376 2303 515 2360 vincatur.
561 2300 619 2360 Sed
640 2318 675 2359 ne
695 2318 754 2359 vox
776 2301 891 2377 quidem
913 2301 997 2361 exilis
1025 2302 1166 2360 actionem
1187 2300 1295 2360 habere
1305 2314 1338 2368 13

294 2388 428 2463 optimam
444 2393 550 2462 potest.
583 2384 662 2443 Bona
678 2385 753 2443 enim
768 2385 922 2462 firmaque,
938 2393 969 2444 ut
983 2384 1133 2459 volumus,
1155 2386 1195 2444 uti
1212 2385 1294 2452 licet3

293 2470 367 2529 mala
388 2469 437 2528 vel
460 2468 606 2528 imbecilla
622 2478 651 2528 et
671 2467 779 2527 inhibet
795 2468 901 2543 multa,
925 2478 956 2528 ut
970 2470 1121 2544 insurgere
1144 2477 1174 2528 et
1198 2469 1295 2529 excla-

293 2572 389 2629 mare,
414 2561 442 2611 et
459 2553 555 2630 aliqua
570 2555 666 2629 cogit,
689 2561 719 2610 ut
737 2554 924 2612 intermittere
942 2562 972 2612 et
990 2552 1148 2612 dellectere
1170 2562 1200 2612 et
1215 2571 1295 2615 rasas

293 2639 394 2696 fauces
411 2654 445 2696 ac
464 2636 538 2695 latus
557 2636 705 2713 fatigatum
726 2635 849 2696 delormi
865 2637 978 2696 cantico
995 2637 1128 2697 relicere.
1164 2638 1223 2699 Sed
1242 2655 1295 2697 nos

294 2722 329 2781 de
344 2739 380 2780 co
397 2739 471 2780 nunc
487 2721 653 2798 loquamur,
670 2721 717 2780 cui
732 2737 789 2779 uon
807 2720 911 2780 irustra
927 2722 1112 2799 praecipitur.

379 2802 449 2864 Cum
465 2806 501 2864 sit
519 2814 613 2864 autem
630 2805 721 2864 omnis
737 2805 831 2878 actio,
846 2812 878 2863 ιιι
896 2805 970 2880 dixi,
991 2807 1020 2864 in
1037 2805 1107 2865 duas
1124 2806 1214 2865 divisa
1232 2822 1296 2883 par·
1306 2821 1339 2875 14

295 2899 358 2964 tes,
381 2907 485 2949 vocem
506 2898 697 2967 gestumque,
721 2904 843 2968 quorum
865 2887 939 2948 alter
965 2889 1068 2949 oculos
1092 2889 1183 2959 altera
1211 2907 1296 2948 aures

294 2982 406 3048 movet,
429 2991 482 3051 per
502 2991 575 3050 quos
592 2973 664 3033 duos
688 2990 790 3033 seusus
808 2971 904 3031 omnis·
913 2973 948 3033 ad
970 2974 1091 3033 animum
1105 2981 1239 3050 penetrat
1254 2972 1295 3031 al-

294 3056 404 3115 lectus:
433 3059 512 3135 prius
535 3067 580 3117 est
602 3057 639 3118 de
659 3073 755 3116 voce
770 3055 884 3131 dicere,
906 3058 952 3117 cui
967 3059 1052 3117 etiam
1067 3066 1168 3133 gestus
1183 3073 1296 3116 accom-

294 3140 434 3198 modatur.

378 3222 410 3281 ln
422 3242 457 3284 ea
469 3227 559 3303 prima
569 3225 738 3285 observatio
752 3232 813 3298 sat,
831 3224 975 3302 qualem
989 3224 1138 3289 habeam
1157 3224 1294 3300 secunda,

296 3308 473 3383 quomodo
490 3311 620 3373 utaris.
654 3306 762 3368 Natura
776 3309 859 3367 vocis
873 3317 1022 3387 spectatur
1043 3310 1250 3387 quantitate
1266 3316 1295 3367 et

296 3390 491 3467 qualitate.
535 3392 684 3466 Quantitas
704 3391 879 3470 simplicior;
908 3393 937 3452 in
958 3410 1065 3452 summa
1087 3393 1161 3451 euim
1178 3392 1294 3469 grandis
1303 3401 1336 3455 15

295 3482 343 3532 aut
360 3477 464 3551 exigua
481 3485 541 3550 est,
565 3475 617 3535 sed
632 3477 706 3534 inter
723 3474 775 3536 lras
789 3479 995 3536 extremitates
1011 3475 1122 3535 mediae
1140 3483 1205 3535 aaut
1227 3493 1294 3554 spe·

296 3558 376 3634 cies,
393 3567 422 3617 et
438 3557 473 3618 ab
491 3560 547 3619 ima
564 3559 599 3619 ad
615 3577 750 3620 summam
768 3576 803 3619 ac
820 3568 899 3620 retro
920 3559 1000 3620 multi
1016 3559 1133 3637 gradus.
1164 3557 1294 3632 Qualitas

293 3644 385 3718 magis
402 3644 492 3702 varia.
526 3640 597 3704 Nam
613 3651 658 3702 est
672 3651 702 3702 et
717 3642 836 3703 candida
854 3653 884 3702 et
894 3644 990 3719 lusca,
1007 3653 1036 3703 et
1050 3643 1137 3722 plena
1152 3651 1182 3701 et
1196 3642 1293 3714 exilis,

295 3736 324 3786 et
341 3727 413 3786 lenia
434 3736 464 3787 et
479 3745 602 3806 aspera,
619 3735 809 3804 etcontracta
825 3727 947 3805 etiosa,
970 3737 999 3788 et
1015 3727 1129 3871 durp4eq
1147 3724 1293 3808 flexibilis,
