3184 4409
515 475 955 541 rusmossuomnmmrqn.
1153 489 1157 494 ·
1195 467 1230 528 11
1267 518 1270 522 Α
1309 487 1318 507 ³

246 649 329 712 psum
345 631 437 690 adhue
454 630 600 704 dividitur,
621 631 732 690 etiamsi
746 639 868 708 uterque
883 630 938 689 sibi
952 640 1041 691 totum
1056 633 1230 701 vindicarem

246 735 309 776 une
332 717 445 792 ntique,
470 731 533 773 eum
556 713 629 773 alter
649 715 799 773 semissem
824 715 898 774 alter
918 717 1051 774 universa
1073 716 1165 775 fratre
1182 735 1232 775 ex·

246 802 343 874 lusoz
364 798 422 858 Sed
433 797 477 862 bis
492 800 620 857 mactatis
635 800 720 856 etiam
732 796 820 857 habet
830 817 961 874 magnum
972 809 1143 858 momentum
1158 801 1233 878 apud

246 884 348 944 ndiees
367 884 456 959 patris
472 883 627 958 memoria,
645 899 708 940 eum
723 885 894 960 praesertim
908 883 945 941 de
962 882 1045 941 bonis
1065 885 1127 941 eins
1145 901 1246 961 quae-⁴

246 978 324 1028 atur.
362 964 425 1024 Erit
440 983 511 1041 ergo
528 967 710 1040 coniectura,
728 963 790 1038 Qua
809 974 904 1024 meme
919 975 1001 1043 pater
1016 968 1166 1026 intestatus
1182 968 1231 1027 de-

246 1047 381 1110 esserit?
420 1050 478 1109 Sed
494 1067 528 1108 ea
544 1051 668 1126 pertinet
684 1048 720 1108 ad
737 1048 918 1126 qualitatem;
941 1050 1058 1109 alterius
1077 1058 1168 1109 status
1191 1052 1231 1108 in·

246 1142 423 1194 trumentum
443 1141 497 1191 est.
540 1132 713 1209 Plerumque
734 1141 828 1192 antem
850 1135 878 1191 in
894 1133 948 1192 line
970 1151 1119 1193 causarum
1133 1135 1168 1193 de
1185 1137 1269 1193 aei:-
1334 1135 1339 1146 ‘

246 1220 346 1297 quitate
361 1216 545 1291 tractabitur,
569 1218 634 1294 quia
650 1215 719 1275 nihil
732 1215 866 1275 libentius
882 1218 991 1276 indices
1007 1218 1130 1277 audiunt.
1171 1216 1232 1277 Ali·

246 1301 352 1380 quando
371 1309 470 1359 tamen·
484 1300 559 1360 hune
582 1301 710 1360 ordinem
732 1299 850 1359 mutabit
867 1301 992 1374 utilitas,
1017 1310 1063 1376 ut,
1085 1302 1110 1358 si
1127 1302 1155 1359 in
1169 1303 1232 1360 iure

246 1387 327 1444 ninus
343 1384 463 1443 fiduciae
479 1385 550 1458 erit,
566 1385 712 1461 aequitate
726 1384 850 1443 indicem
866 1402 1080 1462 praeparemus.

319 1467 397 1527 Nihil
418 1468 504 1527 habui
531 1468 667 1546 amplius,
696 1467 773 1544 qnod
792 1469 821 1526 in
840 1469 1003 1527 universnm
1021 1470 1230 1546 praeciperem.

246 1552 319 1611 luno
335 1569 432 1611 eamus
448 1570 501 1630 per
521 1551 648 1628 singulas
671 1569 819 1610 causarum
836 1551 1139 1629 iudicialium'partes‚
1161 1563 1273 1630 quasfin

246 1646 266 1696 rt
282 1637 421 1714 persequi
433 1635 468 1694 ad
483 1635 607 1694 ultimam
625 1636 767 1712 speeiem,
783 1636 812 1694 id
827 1643 872 1694 est
887 1636 921 1695 ad
937 1636 1065 1712 singulas
1080 1634 1145 1694 lites
1164 1652 1231 1694 oon·

246 1720 471 1797 rouersiasque‚
486 1737 543 1778 non
558 1736 691 1796 possum:
708 1719 746 1778 ita
761 1718 797 1779 tle
808 1718 994 1796 generalibus
1010 1719 1139 1778 seribere
1152 1720 1231 1795 lieet,
1253 1715 1263 1769 s

245 1813 281 1878 rt,
301 1820 375 1882 quae
390 1805 418 1863 in
436 1821 578 1881 quemque
593 1811 695 1862 statum
708 1801 942 1880 frequentissime
957 1803 1097 1878 incidant,
1113 1805 1231 1863 tradam.

246 1886 289 1961 lt,
313 1888 379 1965 quia
399 1893 499 1947 natura
517 1889 606 1967 prima
628 1887 761 1969 quaestio
782 1895 846 1969 est,
867 1883 1022 1946 Faetumne
1045 1887 1097 1962 sit,
1124 1887 1159 1946 ab
1176 1887 1233 1948 lroe

246 1971 343 2031 uniar.

586 2122 628 2173 on
648 2106 860 2174 nouissimis.

321 2218 357 2280 ll.
390 2217 621 2280 Coniectura
646 2220 737 2279 omnis
759 2228 807 2279 ant
826 2219 862 2279 de
883 2234 915 2277 re
937 2225 984 2276 aut
1006 2217 1042 2278 de
1064 2217 1155 2276 animo
1177 2224 1231 2274 est.

246 2303 394 2382 Utriusque
408 2306 461 2364 tria
474 2313 619 2382 tempora,
636 2304 837 2382 praeteritum,
853 2319 1009 2380 praesens,
1025 2301 1159 2360 futurum.
1187 2299 1233 2359 De

246 2406 269 2447 re
286 2397 314 2448 et
331 2389 487 2465 generales
503 2389 688 2466 quaestiones
700 2396 764 2447 sunt
780 2396 810 2446 et
824 2386 972 2461 delinitae,
991 2385 1094 2459 idest,
1115 2392 1144 2442 et
1159 2400 1232 2460 quae

246 2474 373 2549 personis
387 2489 452 2530 non
479 2473 658 2532 eontinentur
683 2481 711 2530 et
736 2488 811 2549 qnae
836 2470 1025 2529 eontinentur.
1068 2468 1113 2528 De
1139 2468 1260 2528 animoi

246 2557 340 2633 quaeri
359 2573 417 2614 non
436 2565 548 2634 potest,
569 2557 624 2615 nisi
638 2555 686 2615 nbi
707 2572 832 2633 persona
849 2562 893 2612 est
910 2562 939 2613 et
958 2553 995 2612 de
1015 2551 1093 2613 iaoto
1110 2559 1232 2610 constat.

246 2638 337 2716 lingo,
356 2657 420 2699 oum
431 2641 467 2699 de
481 2658 513 2698 re
529 2641 640 2716 agitur,
663 2648 712 2698 aut
729 2640 796 2716 quid
815 2638 921 2696 fantum
936 2638 989 2712 sit,
1007 2638 1036 2695 in
1053 2635 1168 2695 dubium
1183 2652 1233 2693 ve·

246 2723 294 2798 rit,
319 2731 368 2782 aut
389 2724 455 2801 quid
476 2725 542 2797 liat,
568 2732 616 2782 aut
639 2722 705 2801 quid
724 2725 761 2781 sit
781 2722 920 2782 futurum:
941 2728 973 2779 ut
993 2721 1022 2778 in
1036 2717 1233 2796 generalibus,

246 2803 288 2866 rin
313 2815 480 2869 ntomonnm
501 2826 653 2868 concursu
679 2808 812 2869 mundns
835 2806 873 2866 ait
894 2803 1038 2886 effectus?
1069 2821 1111 2864 nn
1126 2802 1234 2881 provi·

246 2890 345 2951 ientin
359 2893 506 2970 regotur?
523 2910 564 2952 an
577 2892 617 2952 sit
630 2891 797 2968 aliqnando
812 2890 968 2952 casuros?
989 2889 1017 2947 in
1032 2887 1169 2948 delinitis:
1185 2884 1235 2946 An

246 2975 443 3036 narsieidinm
457 2976 637 3048 commiserit
649 2974 800 3036 Roscius?
813 2970 862 3034 An
878 2992 1004 3051 regnum
1015 2971 1134 3054 affectet
1144 2967 1233 3029 llan-

246 3059 319 3118 im?
339 3055 388 3118 An
402 3068 486 3121 reete
500 3057 624 3120 Verrem
638 3061 677 3121 oit
688 3065 894 3120 accusaturus
910 3054 946 3129 Ο.
954 3053 1127 3117 Caecilius?
1148 3052 1181 3112 lu
1192 3053 1262 3119 in·3

246 3141 320 3201 liniis
336 3145 522 3219 praeteritum
537 3152 649 3222 tempus
664 3143 786 3201 maxime
801 3141 894 3208 valet;
911 3156 994 3199 nemo
1010 3141 1084 3198 enim
1105 3143 1232 3212 accusat,

246 3227 291 3285 nisi
311 3244 388 3304 quae
409 3227 484 3287 laeta
505 3236 579 3286 sunt.
621 3226 786 3304 Numquae
809 3225 876 3284 liant
898 3233 927 3283 et
950 3241 1025 3301 quae
1048 3223 1143 3282 futura
1167 3220 1233 3294 sint,

246 3327 275 3369 sn
297 3312 463 3390 praeteritis
487 3311 669 3388 colliguntur.
705 3308 859 3383 Quaeritur
879 3318 908 3370 et
927 3307 1008 3366 Unde
1030 3306 1097 3384 qnid
1119 3300 1233 3364 ortum?

246 3402 268 3452 ut
279 3396 455 3473 pestilentia
472 3429 514 3439 —
530 3397 580 3456 ira
593 3396 683 3458 deum
694 3411 736 3454 an
749 3394 926 3472 intemperie
938 3392 1013 3452 coeti
1027 3410 1068 3452 an
1082 3389 1236 3467 corruptis
1251 3423 1253 3426 v

246 3479 329 3555 equis
351 3498 393 3540 an
413 3481 506 3541 nomio
526 3487 630 3539 terroe
650 3479 770 3540 ltabtn?
811 3476 849 3536 Et
868 3474 949 3549 Quae
969 3492 1056 3534 eausa
1077 3469 1166 3533 laeti?
1192 3481 1233 3547 ut,

246 3559 347 3634 linare
373 3564 417 3623 nd
447 3562 570 3624 Troiam
598 3563 817 3641 qninquaginta
841 3578 929 3639 reges
956 3561 1168 3635 navigaverint
1195 3589 1234 3600 -

246 3647 443 3722 iureiurando
459 3649 566 3708 odanti
581 3663 622 3707 an
641 3649 777 3725 enempto
787 3646 858 3705 neoti
873 3663 914 3704 an
927 3643 1137 3723 gratificantes
1149 3637 1233 3700 Atri-

246 3731 309 3793 iis?
333 3749 410 3812 quae
422 3731 478 3792 dno
493 3747 602 3809 genera
617 3747 674 3790 non
687 3728 805 3790 multum
821 3731 894 3788 inter
909 3746 941 3789 se
956 3729 1070 3790 distant.
1097 3724 1273 3795 Eumenem
