3184 4409
546 403 636 452 susm·
650 402 799 452 onuron.
811 404 879 451 uns.
892 404 941 470 111,
952 401 978 456 6.
997 402 1023 457 t.
1224 393 1278 454 131

300 556 399 618 redire
412 557 523 626 lioeat,·
544 557 633 619 leores
645 576 721 623 snm.
763 555 842 617 Idem
856 566 957 634 status,
974 561 1021 637 qui
1037 561 1065 619 iu
1081 561 1282 638 petitioueab·

300 639 393 710 dieati;
431 642 576 719 quaeritur
598 643 688 718 enim,
720 660 762 703 aa
783 643 879 720 possit
902 661 967 703 esse
992 645 1080 705 lueres
1109 644 1281 705 abdicatus.

299 722 434 785 Obiioitur
454 728 639 785 communiter
665 744 681 785 a
705 724 832 800 duobuS,
861 725 975 787 Redire
996 729 1050 788 tibi
1067 731 1099 788 in
1117 730 1266 806 familiam
1275 740 1325 792 102

253 820 256 833 '
297 827 350 870 aon
365 811 447 882 lieet,
463 828 523 870 nora
538 812 616 871 euim
631 818 722 888 poter
736 811 802 869 siae
816 809 919 869 liberio
934 811 1073 872 decessit.
1109 813 1168 872 Sed
1183 815 1210 872 in
1225 813 1283 872 hoo

297 895 410 971 propria
428 895 549 971 quisque
566 889 664 952 eorum
682 895 851 971 quaestione
866 895 979 952 nitetur.
1011 894 1095 954 Alter
1107 899 1180 956 enim
1194 897 1281 970 dieet,

297 974 455 1037 abdicatum
475 995 591 1055 quoque
612 980 687 1036 inter
703 977 811 1036 liberos
830 995 912 1052 esse,
936 986 965 1036 et
988 990 1182 1054 argumentum
1197 980 1283 1040 ducet

296 1077 328 1120 ex
341 1062 425 1139 ipsa,
443 1078 498 1138 qua
513 1061 683 1138 repellitur,¹
699 1060 781 1137 lege;
799 1078 1006 1137 supervacuum
1022 1065 1095 1122 euim
1110 1064 1200 1122 tuisse
1216 1080 1282 1142 pro-

294 1142 383 1204 hiberi
400 1146 490 1222 patris
511 1144 593 1204 bouis
616 1144 793 1219 abdicatum,
818 1146 842 1202 si
868 1154 948 1204 esset
970 1165 1088 1205 numero
1110 1147 1282 1215 alienorum;

294 1247 365 1288 nune
382 1229 450 1306 quia
464 1228 515 1287 filii
530 1231 591 1288 iure
609 1228 719 1288 iuturus
741 1228 827 1286 luerit
847 1229 973 1288 intestati
994 1228 1098 1306 heres,
1122 1234 1284 1309 oppositam

294 1329 357 1370 esse
374 1311 490 1389 legem,
513 1329 586 1389 quae
605 1320 699 1370 tamen
716 1329 773 1370 nou
788 1312 817 1371 id
833 1312 954 1389 eiireiat,
975 1314 1011 1372 u'e
1030 1315 1105 1375 filius
1121 1317 1158 1374 sit
1179 1316 1283 1375 sed'ue

293 1394 388 1455 heres.
421 1396 517 1455 Status
535 1395 668 1470 finitivus,
687 1394 767 1469 Quid
781 1397 821 1456 oe't
832 1396 936 1472 filias?
965 1396 1075 1458 Rursus
1092 1400 1195 1458 nothus
1212 1401 1267 1458 eis·
1275 1407 1325 1460 103

293 1477 354 1538 dem
371 1478 485 1556 colligit
500 1481 691 1556 argumentis,
717 1496 773 1538 non
789 1481 851 1537 sine
867 1479 966 1540 liberis
983 1492 1092 1559 patrem
1108 1483 1283 1555 decessisse,

294 1562 395 1640 quihus
410 1564 441 1622 in
456 1564 594 1640 petitione
609 1582 677 1622 usus
697 1573 751 1639 est,
766 1572 796 1622 ut
814 1563 952 1641 probaret
969 1585 1081 1626 essese
1096 1568 1191 1627 lilium.
1222 1566 1284 1625 Nisi

293 1646 367 1705 lorte
384 1646 477 1706 ethio
494 1646 648 1706 finitionem
664 1656 775 1718 movet,
798 1644 847 1707 Aa
867 1649 956 1711 ttert
975 1653 1034 1710 nint
1055 1653 1143 1712 etiam
1163 1671 1223 1711 non
1242 1653 1284 1712 le·

291 1731 408 1808 ptumi?
441 1727 550 1790 Cadent
573 1748 644 1808 ergo
666 1734 694 1790 iu
717 1749 800 1790 unam
816 1737 1041 1793 controversiam
1056 1735 1104 1793 vel
1119 1736 1286 1812 specialiter

293 1814 348 1873 duo
377 1813 498 1891 legitimi
525 1825 615 1874 status
638 1817 740 1892 ,scripti
766 1825 795 1874 et
820 1818 976 1877 uoluntatis
999 1827 1028 1876 et
1049 1819 1234 1895 syllogismos
1257 1826 1286 1877 et

292 1906 447 1976 praeterea
462 1897 561 1972 linitio,
579 1898 627 1957 vel
643 1909 702 1958 tres
718 1899 770 1974 illi,
789 1904 837 1979 qui
852 1911 950 1961 natura
963 1902 1018 1960 soli
1029 1911 1103 1976 suut,
1120 1906 1285 1961 coniectura

291 1983 319 2040 in
333 1983 447 2060 seripto
463 1991 492 2040 et
509 1983 668 2058 voluntate,
689 1983 812 2061 qualitas
829 1988 858 2044 in
872 1985 1062 2061 syllogismo,
1079 1994 1124 2060 et,
1141 2005 1215 2063 quae
1233 2003 1286 2063 per

292 2083 325 2125 se
339 2074 389 2124 est
404 2074 521 2144 aperta,
540 2067 640 2126 [initio.

368 2146 471 2209 'Causa
485 2166 600 2228 quoque
617 2159 646 2208 et
657 2152 795 2212 iudicatio
813 2161 841 2212 et
854 2153 1003 2212 continens
1025 2160 1070 2210 est
1084 2154 1113 2210 iu
1128 2153 1202 2210 omui
1217 2169 1267 2227 ge·
1278 2160 1328 2212 104

290 2252 361 2294 uere
378 2251 536 2293 oausarum.
567 2234 646 2296 Nihil
663 2238 736 2295 euim
748 2238 861 2311 dieitur,
879 2238 924 2296 eui
938 2253 995 2294 nou
1009 2237 1075 2294 insit
1090 2238 1163 2295 ratio
1183 2244 1211 2293 et
1228 2251 1284 2312 quo

289 2319 427 2378 iudieium
442 2317 584 2378 referatur
601 2330 629 2380 et
645 2320 722 2398 quod
743 2339 804 2379 rem
820 2323 941 2379 maxime
957 2321 1111 2381 contineat.
1146 2319 1205 2380 Sed
1220 2320 1285 2396 quia

290 2404 385 2480 magis
409 2400 483 2461 luaeo
509 2403 656 2464 variantur
676 2406 704 2463 in
728 2404 824 2464 litibus
849 2414 878 2464 et
897 2406 961 2464 iere
980 2404 1083 2464 tradita
1100 2413 1164 2463 suut
1186 2403 1284 2477 abiis,

292 2487 338 2564 qut
354 2485 395 2546 de
411 2483 593 2547 indioiali'nus
609 2490 703 2547 nausis
721 2488 816 2567 aliqua
834 2497 1066 2566 composuerunt,
1084 2489 1112 2546 iu
1128 2488 1206 2547 illam
1220 2504 1285 2565 par-

292 2576 347 2629 tem
368 2568 547 2631 differantur.
580 2571 671 2648 Nune,
693 2573 758 2650 quia
773 2574 802 2632 iu
816 2575 869 2632 tria
884 2591 993 2650 genera
1009 2590 1110 2632 eausas
1126 2571 1221 2646 divisi,
1240 2586 1285 2629 or·

294 2652 389 2713 dinem
405 2669 520 2732 sequar.
739 2672 741 2677 ·

471 2773 474 2780 ’
531 2807 574 2856 uu
592 2807 702 2859 usuum
721 2808 762 2856 uu
779 2807 1051 2863 urrunnusruonu.

370 2893 442 2964 ¹Vll.
472 2904 516 2963 Ao
533 2906 710 2982 potissimum
725 2905 857 2982 inoipiam
874 2905 909 2964 ab
926 2923 976 2982 ea,
994 2922 1067 2983 quae
1083 2912 1195 2963 eoustat
1210 2903 1287 2962 lau-

294 2985 333 3045 de
354 3005 393 3048 ae
417 2989 709 3066 uituperatione.
748 2987 832 3061 Quod
858 3007 951 3066 genus
978 2988 1091 3048 videtur
1111 2986 1288 3046 Aristoteles

293 3079 380 3150 atque
403 3090 468 3131 eum
487 3081 604 3132 seeutus
623 3070 840 3150 Theophrastus
859 3081 973 3150 aparte
988 3071 1144 3148 negotiali,
1166 3070 1224 3129 hoe
1243 3079 1288 3128 est

291 3159 491 3237 πραγματικῇ,
500 3156 660 3214 removisse
672 3164 819 3233 totamque
827 3156 863 3215 ad
875 3157 956 3216 solos
968 3158 1112 3217 auditores
1124 3153 1287 3230 relegasse,

293 3247 324 3297 et
340 3239 371 3299 ld
394 3239 455 3298 eius
474 3240 612 3314 nominis,
636 3240 713 3317 quod
735 3238 770 3298 ab
789 3242 981 3300 ostentatione
996 3239 1117 3313 duoitur,
1141 3239 1288 3316 proprium

292 3330 344 3382 est.
380 3322 440 3382 Sed
458 3340 523 3382 mos
541 3322 686 3382 Romanus
709 3325 793 3383 etiam
814 3326 940 3401 negotiis
962 3324 1018 3383 hoe
1037 3340 1137 3382 munus
1157 3323 1316 3382 inseruim

290 3404 361 3466 Nam
385 3415 414 3465 et
439 3405 576 3466 funebres
597 3406 778 3467 laudationes
799 3410 926 3486 pendent
946 3406 1115 3485 frequenter
1134 3424 1172 3465 ex
1189 3406 1288 3484 aliquo

291 3489 410 3567 publico
427 3490 525 3549 ollioio
542 3500 628 3567 atque
645 3507 684 3551 ex
697 3491 949 3551 senatusconsulto
968 3490 1181 3568 magistratibus
1197 3504 1289 3566 saepe

291 3574 476 3650 mandantur,
494 3582 523 3633 et
539 3574 657 3633 laudare
673 3583 777 3635 testem
791 3575 841 3635 vel
856 3584 956 3634 eontra
974 3577 1099 3653 pertinet
1114 3574 1149 3633 ad
1162 3588 1287 3632 momen·

293 3663 345 3719 nm
369 3659 560 3736 iudiciorum,
584 3666 612 3717 et
627 3658 697 3736 ipsis
715 3661 799 3719 etiam
815 3660 874 3718 reis
890 3658 959 3718 dare
976 3659 1140 3718 laudatores
1157 3657 1248 3732 lieet,
1259 3662 1292 3717 el

1102 3740 1172 3805 ‘ll'
