3184 4409
268 414 274 427 =
339 387 381 449 40
649 400 686 447 u.
704 398 781 447 nus.
799 398 1018 460 qumquam

291 554 505 634 loamphiholia
527 571 584 614 non
610 562 664 614 εει.
708 551 910 632 Amphidoliae
930 562 1024 616 antem
1044 554 1135 616 omnis
1158 556 1214 617 erit
1233 557 1264 618 in
1282 556 1323 619 lais

333 641 480 718 quaestio;
501 638 669 717 aliquando,
683 646 748 697 uter
759 639 795 697 sit
807 638 962 698 secundum
976 648 1103 700 naturam
1113 643 1206 719 magis
1216 656 1322 706 sermo:

333 741 464 802 semper,
485 732 578 782 utrum
595 724 632 781 sit
648 722 783 800 aequius;
809 730 901 782 utrum
919 722 960 798 is,
982 724 1030 802 qui
1052 726 1168 803 scripsit
1190 743 1225 786 ao
1246 724 1320 798 dixit,

332 807 466 867 voluerit.
512 806 636 880 Quarum
655 807 684 864 in
696 815 845 884 utramque
860 815 970 884 partem
987 809 1056 867 satis
1072 825 1109 867 ex
1122 808 1184 887 his,
1201 826 1276 888 qnae
1291 807 1321 869 le

334 893 500 952 coniectura
515 900 544 950 et
556 889 691 969 qualitate
707 889 844 966 diximus,
861 900 1049 970 praeceptum
1066 900 1121 951 est.

483 1042 527 1092 DE
544 1040 796 1092 PRAEDIGTORUM
813 1039 966 1093 STATUUM
984 1040 1196 1102 COGNATIONE.

415 1138 452 1199 x.
483 1139 536 1199 Est
551 1147 645 1198 autem
663 1137 803 1216 quaedam
817 1138 891 1198 inter
905 1137 959 1198 hos
975 1147 1065 1199 status
1078 1141 1224 1217 cognatio.
1255 1139 1321 1202 Nau

335 1232 363 1283 et
384 1224 412 1281 in
434 1224 576 1299 finitione,
594 1240 667 1301 quae
691 1223 727 1281 sit
746 1221 880 1282 voluutas
902 1224 1036 1300 nominis,
1064 1224 1227 1301 quaeritur,
1250 1233 1279 1284 et
1297 1227 1322 1285 in

334 1306 521 1384 syllogismo,
541 1308 588 1386 qui
604 1305 746 1365 secundus
764 1323 780 1365 a
795 1305 922 1366 finitione
937 1316 1027 1367 status
1043 1316 1107 1382 est,
1130 1308 1196 1386 quia
1212 1308 1321 1386 specta

334 1401 394 1466 tur,
424 1391 490 1469 quid
511 1392 636 1451 voluerit
656 1392 797 1468 scriptor;
829 1400 858 1450 et
884 1392 1040 1451 contrarias
1056 1390 1145 1468 ¹leges
1166 1391 1238 1451 duos
1261 1409 1322 1452 esse

334 1476 434 1554 scripti
460 1484 488 1534 et
508 1475 662 1534 voluntatis
689 1482 778 1533 status
804 1484 933 1553 apparet.
979 1474 1087 1534 Rursus
1106 1484 1134 1534 ει
1151 1475 1239 1534 linitio
1257 1492 1322 1554 quo

336 1559 485 1619 dammodo
510 1569 554 1619 est
575 1557 765 1637 amphibolia,
791 1576 854 1618 oum
873 1560 901 1617 in
922 1558 992 1619 duas
1010 1567 1107 1637 partes
1123 1558 1272 1619 diducatur
1286 1561 1323 1619 ire

307 1642 472 1704 2tellectus
487 1643 617 1703 nominis.
657 1642 799 1720 Scriptum
815 1651 844 1701 et
858 1642 990 1702 voluntas
1000 1641 1087 1702 habet
1102 1644 1130 1702 in
1144 1642 1241 1702 verbis
1257 1644 1324 1704 iuris

335 1728 549 1804 quaestionem,
576 1725 652 1804 quod
675 1726 749 1785 idem
764 1727 915 1787 antinomia
931 1727 1046 1805 petitur.
1081 1725 1212 1805 Ideoque
1233 1728 1324 1787 omnia

334 1810 408 1870 haec
434 1810 546 1888 quidam
567 1812 704 1888 scriptum
730 1819 758 1869 et
778 1810 954 1887 voluntatem
970 1828 1038 1869 esse
1057 1810 1204 1886 dixerunt,
1229 1811 1325 1872 aliiiu

334 1894 443 1972 scripto
465 1904 493 1953 et
507 1894 654 1954 voluntate
676 1893 875 1972 amphiboliam
891 1912 975 1970 esse,
1000 1911 1072 1972 quae
1090 1893 1159 1954 lacit
1181 1894 1325 1973 quaestio

336 1996 410 2038 nem.
444 1978 502 2040 Sed
519 1980 649 2040 distincta
664 1987 736 2037 sunt.
775 1977 860 2039 Aliud
876 1987 921 2038 est
935 1980 1008 2037 enim
1024 1977 1175 2039 obscurum
1190 1980 1233 2038 ius
1250 1978 1327 2039 aliud

308 2060 506 2139 tamhigunm.
535 2062 626 2140 Igitur
640 2063 727 2122 linitio
745 2063 772 2121 in
793 2071 892 2122 natura
913 2064 975 2141 ipsa
991 2063 1110 2122 nominis
1126 2064 1325 2140 quaestionem

335 2146 421 2207 hahet
435 2148 618 2225 generalem,
641 2157 669 2206 et
688 2165 760 2225 quae
783 2164 849 2205 esse
870 2146 953 2205 etiam
971 2148 1040 2205 citra
1061 2148 1243 2225 complexum
1262 2162 1326 2207 cau·

336 2249 386 2290 sae
404 2233 510 2309 possit;
529 2235 665 2309 seriptum
681 2241 709 2290 et
727 2230 859 2290 voluntas
877 2230 913 2290 de
933 2247 968 2290 eo
985 2231 1110 2308 disputat
1123 2229 1231 2305 verbo,
1251 2227 1327 2307 quod

337 2325 380 2374 est
395 2317 423 2375 in
438 2317 521 2393 lege,
538 2317 723 2392 syllogismus
739 2316 775 2374 de
791 2331 843 2389 eo,
866 2315 943 2392 quod
957 2332 1014 2373 non
1031 2323 1084 2373 est.
1126 2311 1328 2392 Amphidoliae

336 2398 371 2459 lis
390 2402 417 2459 iu
433 2401 576 2460 diversum
590 2400 690 2473 trahit,
714 2399 810 2476 legum
826 2399 1028 2458 contrariarum
1045 2416 1081 2457 ex
1097 2396 1212 2457 diverso
1232 2414 1328 2476 pugna

308 2492 390 2546 4εει.
426 2484 528 2561 Neque
551 2485 689 2542 immerito
717 2493 745 2541 et
767 2491 886 2561 recepta
902 2492 947 2542 est
963 2500 979 2542 a
995 2481 1167 2542 doctissimis
1184 2481 1259 2542 haec
1275 2479 1327 2541 dii·

337 2566 458 2628 lerentia
482 2577 511 2627 et
535 2567 609 2645 apud
627 2567 763 2645 plurimos
780 2585 815 2627 ac
830 2566 1065 2645 prudentissimos
1087 2565 1178 2626 durat.

653 2717 696 2766 DE
710 2718 745 2767 Vl
762 2715 1002 2768 DISPOSITIONIS.

417 2812 454 2872 Et
477 2813 589 2873 dehoc
616 2815 729 2891 quidem
751 2833 860 2892 genere
888 2811 1098 2893 dispositionis,
1136 2811 1247 2872 etiamsi
1273 2829 1330 2873 noa

310 2902 443 2974 somnia,
465 2899 538 2957 tradi
558 2907 651 2956 tamen
670 2899 764 2976 aliqua
785 2908 948 2978 potuerunt.
977 2898 1048 2959 Sunt
1068 2896 1142 2972 alia,
1165 2914 1255 2975 quae,
1277 2897 1331 2957 nisi

337 2985 501 3062 proposita,
522 2983 558 3042 de
575 3000 629 3058 qua
646 2982 794 3043 dicendum
811 2992 870 3059 est,
886 2984 1021 3057 materia,
1045 2981 1120 3040 viam
1134 2980 1257 3040 docendi
1272 2997 1329 3040 non

337 3067 504 3146 praebeant.
537 3065 602 3125 Non
618 3069 691 3125 enim
707 3085 793 3128 eausa
809 3069 940 3127 universa
956 3068 985 3126 in
998 3066 1182 3144 quaestiones
1197 3082 1232 3124 ac
1246 3063 1331 3124 locos

338 3152 496 3211 diducenda
518 3159 577 3226 est,
600 3151 652 3210 sed
673 3151 727 3214 hae
746 3153 828 3229 ipsae
848 3160 945 3229 partes
964 3149 1071 3210 hahent
1087 3166 1184 3207 rursus
1202 3148 1332 3208 ordinem

338 3253 427 3293 suum.
472 3234 543 3294 Nam
561 3244 588 3292 et
605 3235 632 3293 in
648 3237 796 3312 prooemio
813 3237 931 3314 primum
953 3242 997 3293 est
1011 3232 1116 3310 aliquid
1132 3241 1161 3292 et
1176 3232 1333 3291 secundum

338 3336 373 3377 ac
392 3319 547 3396 deinceps,
574 3328 602 3378 et
618 3321 749 3397 quaestio
771 3319 861 3378 omnis
883 3336 917 3378 ao
932 3317 1015 3378 loeus
1032 3315 1119 3376 habet
1134 3334 1213 3375 suam
1234 3316 1332 3394 dispo·

311 3404 471 3466 fisitionem
490 3411 520 3459 ut
536 3403 635 3462 theses
653 3405 738 3463 etiam
753 3403 910 3481 simplices.
950 3401 1012 3460 Nisi
1028 3401 1104 3460 forte
1124 3402 1193 3459 satis
1217 3401 1271 3459 erit
1292 3399 1332 3459 di·

339 3486 453 3547 videndi
472 3487 597 3561 peritus,
624 3489 671 3563 qui
698 3487 922 3546 controversiam
948 3487 976 3544 in
1000 3484 1073 3544 haec
1100 3483 1257 3559 diduxerit,
1287 3483 1334 3542 An

340 3587 422 3628 omne
446 3571 600 3647 praemium
625 3571 757 3631 viroforti
783 3570 902 3629 dandum
929 3571 981 3645 sit,
1008 3587 1043 3628 an
1066 3586 1103 3626 ex
1127 3569 1270 3646 privat03.
1287 3566 1334 3625 An

339 3655 469 3735 nuptiae,
486 3671 521 3713 an
534 3655 611 3732 eius,
628 3672 701 3732 quae
712 3662 799 3733 nupta
809 3655 862 3731 sit,
879 3649 1016 3714 anhaec‘l
1036 3650 1155 3729 deindo,
1172 3651 1334 3712 cumiuerit
