3184 4409
590 499 679 572 ausu.
693 499 1022 566 conmonuemus.
1233 487 1295 550 217

320 656 375 716 lcii
387 671 466 715 oooo
482 655 582 733 formo
597 661 690 714 terret
703 655 815 718 oculos.
845 653 897 714 llla
912 671 984 713 vero
1000 656 1054 714 iarn
1070 673 1162 735 paene
1178 657 1299 734 apertis,

316 741 430 814 taiunt,
446 739 540 797 tibiis:
558 736 631 814 Qus,
654 755 834 818 quocunque
846 740 1036 814 inciderant,
1053 742 1300 802 cosuetudinem

352 824 358 837 '
383 830 410 884 et
431 823 595 900 pristinam
615 841 728 883 moram
748 823 933 882 tradiciorom
953 825 1123 900 requirant.
1161 812 1232 882 Nam
1252 842 1298 883 se·

338 924 388 965 ens
401 906 491 965 ¹latum
507 907 592 964 etiam
611 914 696 984 atque
714 905 808 966 iusum
823 914 883 965 est:
905 903 972 967 Non
994 908 1073 966 enim
1095 922 1218 967 corono·
1230 927 1299 968 coa·

277 1042 285 1055 .
313 999 518 1052 esausoester
538 991 734 1065 adnotasset,
756 991 934 1050 adsolebat.
963 990 1047 1062 Quod
1068 992 1180 1069 notavi,
1201 1000 1232 1049 ut
1248 994 1337 1068 ap·5l

296 1081 430 1152 pareret,
453 1091 510 1133 non
525 1073 618 1132 solum
635 1073 662 1131 in
677 1072 811 1132 memhris
828 1090 933 1132 causae
952 1074 1004 1133 sed
1022 1075 1108 1132 etiam
1123 1075 1151 1132 in
1166 1075 1297 1134 articulis

297 1175 365 1217 esse
384 1157 507 1235 aliquam
527 1157 727 1236 pronuntiandi
747 1159 932 1232 varietatem,
956 1160 1018 1218 siue
1039 1176 1094 1236 qua
1114 1157 1183 1219 nihil
1200 1175 1299 1235 neque

296 1242 386 1300 maius
401 1258 496 1319 neque
511 1242 601 1300 minus
617 1249 671 1299 est.
843 1292 851 1313 ,

380 1324 447 1384 Vox
462 1333 558 1383 autern
572 1325 647 1383 ultra
661 1325 738 1383 vires
754 1324 882 1400 urgenda
896 1342 954 1384 non
970 1333 1024 1383 est.
1049 1323 1120 1383 Nam
1135 1333 1165 1383 et
1175 1323 1299 1384 suffoca·

296 1417 344 1468 tur
359 1426 450 1487 saepe
471 1418 500 1467 et
514 1409 623 1468 maiore
638 1409 701 1467 nisu
720 1410 811 1467 miuus
832 1408 912 1468 clara
933 1416 978 1467 est
995 1417 1024 1467 et
1047 1408 1159 1468 interim
1176 1408 1248 1468 elisa
1270 1409 1300 1467 iu

295 1491 376 1551 illum
388 1509 493 1551 sonum
508 1493 647 1569 erumpit,
665 1493 710 1550 cui
723 1490 826 1552 Graeci
841 1509 945 1551 nomen
961 1510 977 1552 a
993 1491 1136 1568 gallorum
1151 1493 1299 1552 immaturo

299 1584 384 1636 cantu
406 1576 557 1636 dederunt.
592 1574 655 1634 Nec
675 1574 857 1635 volubilitate
880 1577 962 1635 nimia
982 1576 1199 1650 confundenda,
1224 1583 1340 1652 quaeda

297 1659 432 1727 dicimus;
454 1677 510 1737 qua
532 1668 561 1719 et
583 1660 726 1720 distinctio
749 1661 826 1738 perit
846 1668 876 1718 et
890 1661 1027 1735 allectus,
1051 1669 1080 1719 et
1100 1676 1299 1737 nonnunquam

298 1744 384 1802 etiam
398 1743 488 1802 verba
509 1744 604 1821 aliqua
622 1744 666 1801 sui
682 1752 764 1821 parte
782 1743 956 1803 fraudantur.
987 1739 1040 1802 cur
1061 1745 1233 1810 contrarium
1254 1751 1300 1802 est

297 1828 395 1885 vitium
409 1828 511 1886 nimiae
526 1828 683 1892 tarditatis;
706 1844 770 1885 narn
787 1834 817 1886 et
831 1826 1028 1886 difficultatem
1050 1827 1212 1887 inveniendi
1226 1827 1309 1887 iate·-

297 1919 344 1970 tur
359 1919 388 1969 et
403 1912 525 1987 segnitia
542 1911 630 1969 solvit
646 1910 755 1969 animos
770 1918 816 1985 et,
837 1911 866 1968 in
883 1926 940 1989 quo
957 1920 1002 1969 est
1017 1910 1142 1989 aliquid,
1162 1909 1298 1987 tempori·

297 1994 352 2054 hus
364 1995 520 2073 praefinitis
536 2012 637 2072 aquam
648 1992 752 2071 perdit.
778 1993 942 2071 Promptum
952 1995 989 2052 sit
1004 2010 1049 2069 os,
1067 2012 1125 2053 nou
1140 2010 1297 2073 praeceps;

298 2078 485 2153 moderatum,
502 2095 561 2136 non
572 2078 687 2136 lentum.
714 2077 837 2154 Spiritus
849 2093 964 2155 quoque
976 2094 1031 2136 nec
1043 2077 1146 2137 crebro
1162 2084 1341 2154 receptusbss

299 2162 432 2222 concidat
453 2163 639 2237 sententiam,
663 2178 718 2219 nec
736 2177 772 2218 eo
789 2177 882 2237 usque
897 2159 1041 2235 trahatur,
1063 2162 1157 2220 donec
1172 2160 1296 2221 deliciat.

298 2244 372 2306 Nam
389 2254 418 2304 et
435 2244 572 2305 deformis
595 2253 640 2303 est
657 2246 818 2322 consumpti
835 2244 911 2304 illius
926 2261 1014 2303 sonus
1032 2252 1061 2303 et
1076 2245 1229 2323 respiratio
1245 2241 1298 2301 suh

299 2346 374 2406 aqua
389 2328 436 2387 diu
450 2329 545 2406 pressi
560 2327 660 2387 similis
674 2337 704 2387 et
716 2337 853 2406 receptus
865 2328 981 2404 longior
996 2336 1025 2386 et
1035 2344 1093 2388 non
1108 2336 1297 2406 opportunas,

298 2413 398 2491 utqui
420 2412 484 2487 hat,
506 2429 564 2470 uon
584 2411 633 2470 uhi
654 2411 803 2486 volumus,
827 2412 880 2471 sed
899 2410 947 2470 ubi
970 2415 1094 2471 necasse
1116 2420 1170 2470 est.
1201 2408 1297 2484 Quare

299 2496 461 2573 longiorem
476 2495 593 2555 dicturis
611 2495 762 2573 periodum
777 2494 959 2571 colhgendus
981 2503 1025 2554 est
1040 2496 1172 2574 spiritus,
1197 2496 1235 2553 ita
1257 2501 1297 2553 ta·

299 2598 375 2654 men,
391 2588 421 2637 ut
433 2579 461 2638 id
472 2596 565 2656 neque
578 2579 625 2638 diu
636 2596 731 2656 neque
747 2597 811 2641 cum
826 2596 899 2638 sono
909 2578 1061 2654 iaciamus,
1078 2596 1172 2657 neque
1185 2578 1298 2638 omnino

298 2673 330 2722 ut
350 2662 530 2722 manifestum
552 2665 604 2728 sit;
631 2662 751 2739 reliquis
772 2661 901 2741 partibus
928 2664 1035 2740 optime
1059 2664 1134 2723 iuter
1154 2664 1298 2722 iuncturas

300 2748 442 2816 sermonis
463 2744 658 2806 revocabitur.
690 2744 880 2806 Exercendus
902 2755 997 2805 autem
1019 2755 1080 2822 est,
1107 2755 1138 2806 ut
1159 2748 1195 2806 sit
1216 2745 1341 2824 quam54

300 2831 499 2907 longissimas:
522 2830 598 2908 quod
614 2829 826 2889 Demosthenes
841 2839 872 2888 ut
886 2830 1035 2906 efficeret,
1051 2831 1193 2890 scandens
1208 2831 1237 2888 in
1250 2828 1299 2888 ad·

299 2931 415 2973 versum
430 2913 612 2974 continuabat
625 2931 709 2991 quam
721 2922 824 2993 posset
838 2912 977 2991 plurimos
993 2932 1106 2973 versus.
1136 2913 1225 2986 ldem,
1242 2927 1299 2988 qao

299 2995 413 3057 facilius
427 2996 518 3056 verba
535 3015 587 3057 ore
603 2997 696 3057 libero
717 2999 901 3076 exprimeret,
918 2997 1047 3058 calculos
1064 2996 1161 3074 lingua
1177 2994 1300 3055 volvens

300 3080 399 3139 dicere
411 3081 486 3140 domi
502 3081 626 3141 solebat.
654 3079 707 3140 llst
722 3082 835 3141 interim
847 3089 876 3140 et
888 3080 993 3157 longus
1006 3090 1035 3140 et
1047 3080 1150 3158 plenus
1165 3088 1194 3139 et
1206 3078 1300 3138 clarus
1307 3081 1340 3133 55

301 3164 371 3222 satis
385 3165 518 3241 spiritus,
534 3182 590 3223 non
605 3173 699 3224 tamen
715 3165 812 3223 firmae
828 3165 993 3224 intentionis
1007 3163 1134 3242 ideoque
1149 3160 1299 3237 tremulus,

300 3255 332 3306 ut
354 3263 496 3323 corpora,
520 3266 595 3326 quae
612 3256 732 3325 aspectu
752 3248 865 3324 integra
882 3250 979 3307 nervis
995 3265 1094 3325 parum
1114 3249 1298 3307 sustinentur.

300 3329 332 3391 ld
352 3325 481 3409 βρόγχον
502 3330 605 3391 Graeci
627 3338 742 3389 vocant.
780 3331 852 3390 Sunt
872 3332 920 3409 qui
940 3332 1071 3408 spiritum
1092 3348 1156 3391 cum
1176 3329 1300 3390 stridore

301 3431 355 3493 par
369 3416 515 3472 raritatem
530 3414 655 3474 dentium
670 3431 726 3472 non
741 3416 884 3493 recipiunt
903 3415 956 3475 sed
971 3413 1134 3474 resorbeat.
1166 3414 1237 3474 Sunt
1252 3413 1300 3490 qui

302 3496 408 3558 crebro
430 3496 555 3557 anhelitu
578 3506 608 3557 et
628 3499 781 3559 introrsum
805 3500 889 3559 etiam
911 3495 990 3559 clare
1013 3508 1132 3559 sonante
1157 3498 1300 3558 imitentur

301 3583 424 3640 iumenta
448 3597 539 3640 onere
553 3589 592 3640 et
612 3582 679 3658 iugo
700 3581 870 3643 laborantia.
907 3581 990 3655 Quod
1012 3581 1149 3642 affectant
1173 3585 1342 3660 quoque‚56

300 3676 434 3741 tanquam
449 3664 621 3724 inventionis
637 3666 721 3744 copia
737 3675 909 3743 urgeantur,
930 3667 1078 3745 maiorque
1094 3667 1138 3725 vis
1160 3667 1298 3744 eloquen-

301 3750 359 3810 tiae
377 3749 499 3826 ingruat,
516 3753 600 3827 quam
614 3766 690 3830 qaae
704 3751 793 3810 emitti
809 3749 939 3812 faucibus
955 3752 1056 3829 possit.
1086 3749 1139 3811 Est
1155 3749 1219 3811 aliis
1231 3763 1298 3807 con·
