3184 4409
266 465 271 481 ²
330 465 399 558 ι248
650 477 1014 539 murmurmurmur

309 647 402 702 amen
421 643 504 713 patre
524 641 662 693 uteretur.
706 631 745 692 m
765 651 812 693 me
832 631 946 718 fortuna
965 632 993 694 id
1015 643 1149 711 agentem
1169 633 1273 696 diebos
1294 653 1327 697 ac
1353 666 1359 677 κ

336 719 469 780 noctibus
490 719 729 795 festinantemque
751 725 827 776 metu
849 730 930 776 meae
944 719 1139 789 ,mortalitatis
1165 721 1204 778 ita
1232 720 1326 779 subito
1349 732 1359 793 j

336 803 509 883 prostravit,
530 811 561 860 ut
580 801 688 861 laboris
711 802 767 860 mei
788 801 897 859 fructus
918 801 954 860 ad
974 803 1115 862 neminem
1131 804 1223 862 minus
1246 821 1353 882 quam„

337 888 372 948 ad
388 906 434 946 me
450 889 618 964 pertineret.
662 884 745 944 lllum
767 885 855 958 enim,
878 884 914 945 de
937 902 994 962 quo
1012 904 1119 946 summa
1136 903 1328 965 conceperam

338 980 368 1032 et
383 972 411 1030 in
427 988 483 1048 quo
500 988 581 1047 spem
595 971 706 1028 unicam
726 969 884 1028 senectutis
905 969 1099 1046 reponebam
1119 973 1247 1048 repetito
1268 970 1328 1030 vul-

309 1060 407 1117 buere
438 1054 568 1113 orbitatis
594 1053 684 1112 amisi.
736 1051 811 1125 Quid
841 1070 915 1111 nunc
943 1050 1046 1128 agam?
1072 1063 1120 1113 aut
1146 1073 1233 1133 quem
1255 1053 1330 1114 ultra

339 1157 406 1199 esse
421 1156 503 1197 usum
519 1138 589 1211 mei,
609 1137 662 1197 diis
677 1135 921 1213 repugnantibus,
939 1134 1074 1197 credam?
1110 1135 1182 1196 Nam
1198 1139 1238 1197 ita
1253 1137 1329 1197 lorte

339 1223 460 1298 accidit,
482 1231 513 1280 ut
534 1239 597 1280 eum
617 1237 732 1298 quoqne
757 1219 877 1294 librum,
899 1237 984 1297 quem
1003 1221 1039 1280 de
1059 1223 1155 1298 causis
1173 1230 1330 1300 corruptae

340 1307 522 1383 eloquentiae
541 1305 637 1379 emisi,
653 1305 708 1362 iam
721 1304 851 1363 scribere
870 1320 1027 1379 aggressus
1042 1305 1100 1364 ictu
1115 1305 1200 1364 simili
1214 1305 1330 1365 ferirer.

339 1389 421 1449 Nunc
444 1391 531 1465 igitur
553 1389 689 1465 optimum
709 1387 777 1462 fuit,
795 1387 948 1448 infaustum
964 1405 1054 1466 opus,
1072 1397 1100 1447 et
1119 1388 1259 1466 quidquid
1273 1388 1331 1448 boc

340 1475 428 1533 estin
444 1491 490 1532 me
506 1472 662 1531 infelicium
677 1472 852 1546 litterarum,
868 1489 957 1549 super
971 1473 1146 1531 immaturum
1161 1473 1246 1531 iunus
1262 1490 1332 1532 con·

339 1559 492 1634 sumpturis
512 1557 626 1614 viscera
646 1572 710 1614 mea
731 1554 849 1614 llammis
872 1556 991 1614 iniicere
1011 1573 1105 1634 neque
1125 1556 1199 1615 banc
1217 1557 1333 1633 impiam

311 1637 521 1700 4uivacitatem
539 1640 621 1697 novis
642 1639 759 1716 insuper
788 1639 865 1698 curis
892 1639 1024 1716 fatigare.
1069 1638 1139 1712 Quis
1166 1641 1243 1699 enim
1263 1640 1334 1700 mihi

339 1721 431 1783 bonus
446 1740 551 1800 parens
567 1724 715 1799 ignoscat,
736 1723 760 1780 si
781 1722 899 1782 studere
918 1724 1039 1801 amplius
1055 1739 1186 1801 possum;
1218 1741 1254 1782 ac
1275 1741 1334 1783 non

340 1807 433 1868 oderit
447 1806 521 1866 hano
536 1807 620 1866 animi
640 1806 695 1865 mei
715 1805 892 1882 firmitatem,
913 1809 938 1866 si
960 1809 1023 1884 quis
1044 1808 1072 1865 in
1094 1825 1139 1866 me
1163 1808 1237 1867 alius
1262 1826 1333 1867 usus

339 1891 438 1964 vocis,
461 1908 544 1967 quam
565 1898 595 1949 ut
615 1892 743 1950 incusem
765 1891 837 1950 deos
861 1901 1011 1969 superstes
1033 1893 1157 1950 omnium
1181 1885 1333 1950 meorum?

339 1974 453 2035 Nullam
468 1977 496 2035 in
511 1983 604 2034 terras
622 1974 775 2051 despicere
790 1975 998 2052 providentiam
1014 1983 1120 2042 tester;
1140 1975 1166 2033 si
1185 1991 1244 2033 non
1265 1991 1332 2034 meo

341 2077 425 2135 casu,
447 2061 492 2119 cui
513 2068 607 2119 tamen
628 2058 698 2117 nibil
719 2057 822 2134 obiici,
843 2059 898 2117 nisi
927 2059 1003 2136 quod
1028 2061 1138 2133 vivam,
1161 2066 1280 2136 potest,
1304 2066 1333 2118 at

339 2143 453 2203 illorum
471 2153 567 2218 certe,
584 2159 657 2222 quos
673 2143 771 2221 utique
788 2143 946 2201 immeritos
960 2160 1038 2202 mors
1054 2140 1160 2204 acerba
1176 2142 1332 2224 damnavit,

341 2238 441 2305 erepta
465 2230 543 2305 prius
566 2227 632 2287 mihi
655 2234 743 2286 matre
765 2227 936 2302 eorundem,
965 2244 1039 2304 quae
1065 2226 1188 2286 nondum
1203 2225 1333 2304 ,expleto

340 2314 441 2372 aetatis
458 2311 672 2370 undevicesimo
690 2327 763 2370 anno
786 2311 859 2370 duos
880 2313 964 2370 enixa
984 2310 1078 2386 lilios,
1103 2312 1232 2388 quamvis
1250 2327 1332 2369 acer·

311 2395 461 2454 obissimis
479 2404 560 2473 rapta
577 2396 659 2469 latis,
677 2394 749 2454 felix
766 2391 914 2454 decessit?
949 2394 1014 2471 Ego
1028 2395 1077 2454 vel
1099 2394 1156 2453 hoc
1177 2411 1235 2453 uno
1255 2393 1332 2453 malo

340 2483 384 2537 sic
406 2497 484 2536 eram
505 2478 643 2551 aiilictus,
666 2486 696 2536 ut
718 2495 762 2536 me
783 2479 839 2537 iam
857 2477 935 2538 nulla
955 2477 1069 2538 fortuna
1093 2487 1195 2556 posset
1210 2477 1332 2536 efficere

338 2561 465 2620 felicem.
510 2561 581 2620 Nam
608 2579 670 2620 cum
702 2563 776 2619 omni
804 2563 923 2636 virtute,
951 2579 1025 2640 quae
1050 2564 1078 2621 iu
1100 2562 1221 2621 feminas
1245 2561 1332 2635 cadit,

338 2644 435 2703 iuncta
455 2644 641 2703 insanabilem
663 2644 755 2704 attulit
776 2645 877 2705 marito
900 2645 1045 2713 dolorem;
1073 2654 1131 2705 tum
1157 2654 1254 2705 aetate
1275 2653 1334 2704 tam

339 2727 479 2807 puellari,
494 2730 664 2805 praesertim
679 2746 761 2787 meae
783 2738 965 2808 comparata,
989 2738 1087 2808 potest
1107 2736 1135 2788 et
1155 2731 1218 2806 ipsa
1233 2731 1334 2787 nume·

311 2811 396 2877 orari
413 2813 487 2870 inter
501 2811 620 2870 vulnera
639 2811 778 2871 orbitatis.
822 2811 933 2872 Liberis
949 2821 1043 2872 tamen
1058 2811 1272 2891 superstitibus,
1292 2820 1333 2887 et,

341 2895 417 2973 qnod
439 2894 519 2954 nefas
541 2904 618 2970 erat,
639 2895 691 2955 sed
713 2894 831 2973 optabat
851 2899 931 2974 ipsa,
952 2915 999 2956 me
1014 2897 1095 2956 salvo
1111 2897 1251 2955 maximos
1267 2913 1334 2955 crn-

340 2980 431 3038 ciatus
447 2979 598 3057 praecipiti
613 2979 661 3038 via
677 2979 786 3055 elingit.
818 2979 887 3039 Mihi
899 2980 974 3040 filius
989 2982 1080 3039 minor
1093 2981 1219 3058 quintum
1230 2997 1334 3055 egres·

312 3073 389 3129 usus
405 3081 506 3121 annum
524 3065 603 3139 prior
621 3063 740 3123 alterum
758 3082 796 3122 ex
810 3063 921 3123 duobus
942 3067 1016 3124 eruit
1037 3064 1140 3123 lumen.
1184 3062 1251 3121 Non
1269 3081 1334 3121 sum

339 3146 504 3207 ambitiosus
520 3148 548 3205 in
564 3147 645 3205 malis
666 3165 721 3206 nec
736 3165 846 3224 angere
866 3148 1045 3207 lacrimarum
1061 3165 1162 3206 causas
1179 3145 1261 3222 volo,
1277 3147 1343 3206 uti‘

244 3275 250 3281 .
338 3248 460 3308 namque
477 3239 556 3290 esset
573 3232 644 3290 ratio
659 3231 811 3290 minuendi.
855 3231 914 3292 Sed
931 3231 1110 3292 dissimulare
1132 3232 1181 3309 qui
1201 3246 1333 3308 possum,

340 3313 407 3390 quid
422 3314 472 3372 ille
487 3317 597 3391 gratiae
613 3317 641 3373 in
657 3314 754 3389 vultu,
773 3315 841 3392 qnid
856 3315 1036 3375 iucunditatis
1052 3317 1240 3389 mammone,
1258 3331 1333 3391 quos

340 3397 446 3472 ingenii
459 3398 617 3473 igniculos,
636 3416 720 3477 quam
740 3396 926 3457 substantiam
946 3398 1079 3476 placidae
1099 3407 1128 3458 et
1152 3398 1253 3475 (quam
1268 3398 1333 3456 scio

339 3480 388 3537 vix
403 3497 491 3557 posse
509 3482 587 3541 credi
604 3481 724 3559 tantam)
741 3480 817 3540 altae
832 3483 933 3541 mentis
951 3483 1121 3550 ostenderit3
1144 3481 1237 3559 qualis
1253 3497 1333 3540 amo·

312 3567 401 3622 8rem
423 3565 584 3642 quicunque
606 3565 714 3624 alienus
737 3564 830 3623 iulans
853 3574 1022 3625 mereretur.
1072 3565 1147 3625 lllud
1167 3581 1241 3623 vero
1264 3565 1332 3624 insi·

342 3646 532 3724 diantis,'quo
549 3665 594 3706 me
608 3649 729 3708 validius
746 3650 906 3725 cruciaret,
921 3649 1053 3708 fortunae
1070 3649 1137 3722 luit,
1153 3657 1183 3707 ut
1198 3648 1250 3708 ille
1263 3648 1333 3708 milri

340 3729 541 3792 blandissimus
564 3749 609 3791 mc
636 3732 695 3792 suis
714 3733 888 3812 nutricibus,
920 3750 966 3794 mc
993 3734 1076 3793 aviae
1103 3733 1254 3810 educenti,
1282 3749 1333 3795 me
