3184 4409
507 445 758 495 msuonsuon.
774 444 948 513 n1n.1x,s.
1162 435 1220 497 143

300 602 390 662 'lotus
406 619 477 661 vero
493 601 540 660 bic
555 601 638 661 locus
656 619 713 662 non
728 603 794 662 ideo
810 610 949 661 tractatur
963 619 980 661 a
994 601 1092 678 nobis,
1109 611 1140 662 ιιι
1155 597 1275 666 ora-lli

246 710 272 764 t,
298 704 372 766 quae
392 686 463 745 ferri
487 685 574 745 debet
590 705 625 746 ac
642 687 748 762 fluere,
771 686 951 746 dimetiendis
967 686 1088 764 pedibus
1105 705 1139 746 ac
1153 705 1219 765 per·

246 769 376 830 cudendis
397 770 517 845 syllabis
540 780 747 838 consenescat;
771 789 835 829 uam
857 770 887 830 id
907 787 971 828 cum
992 772 1090 829 miseri
1113 780 1172 829 tum
1190 772 1220 828 in

250 857 333 914 nimis
350 856 485 933 occupati
501 863 562 929 est,
587 873 682 932 neque
699 856 789 929 euim,
811 855 907 932 quise
924 862 1014 912 totum
1029 856 1057 912 in
1077 853 1132 912 hac
1149 865 1276 918 curans

250 941 443 1016 asumpserit,
468 939 630 1016 potioribus
654 938 784 999 vacabit:
817 940 843 996 si
870 938 984 1015 quidem
999 938 1103 996 relicto
1123 957 1219 997 rerum

246 1023 344 1082 indere
376 1039 411 1081 ac
434 1023 528 1081 nitore
551 1032 717 1101 contempto
742 1023 924 1104 tesserulae,
955 1031 986 1080 ut
1010 1025 1055 1081 ait
1081 1020 1217 1097 Lucilius,

246 1114 309 1167 ruet
323 1114 351 1164 et
366 1108 564 1167 vermiculate
579 1109 659 1168 iuter
673 1127 707 1168 sc
722 1107 801 1168 leuis
816 1107 984 1167 comotittet.
1027 1104 1129 1165 Nonne
1145 1123 1218 1181 ergo

246 1192 404 1266 frigeretur
420 1191 462 1248 sic
478 1191 559 1250 calor
576 1200 604 1250 et
620 1193 743 1269 impetus
758 1199 875 1268 pereat,
898 1198 929 1249 ut
949 1206 1089 1267 equorum
1105 1207 1219 1248 cursum

250 1276 330 1334 licati
346 1275 459 1332 minutis
476 1275 609 1352 passibus
626 1271 780 1351 frangunt?
809 1273 898 1347 Quasi
913 1290 984 1332 vero
1002 1274 1142 1348 iecerint,
1161 1290 1218 1332 non
1226 1280 1276 1334 114

246 1369 269 1417 ιι
285 1360 313 1416 in
330 1359 541 1435 compositione
556 1358 741 1437 deprehensi.
782 1358 863 1417 Sicut
884 1375 988 1436 poema
1002 1375 1086 1417 nemo
1108 1356 1217 1417 dubita-

246 1444 288 1502 uit
314 1442 446 1519 tmperito
464 1444 586 1520 quodam
606 1445 685 1503 initio
701 1442 796 1501 iusum
813 1442 966 1502 staurium
979 1459 1112 1501 mensura
1134 1449 1163 1500 et
1180 1444 1217 1501 si·
1303 1448 1306 1453 '

246 1527 318 1586 ,liter
335 1526 548 1596 decurrentium
562 1529 721 1606 spatiorum
735 1526 941 1586 observatione
956 1544 1022 1584 esse
1037 1534 1216 1603 generatum,

246 1629 280 1669 ox
296 1611 324 1668 in
340 1626 376 1668 eo
393 1619 528 1688 repertos
544 1611 647 1689 pedes.
681 1612 757 1672 Satis
775 1610 863 1686 igitur
878 1613 906 1669 in
920 1610 978 1673 hoo
993 1627 1046 1669 nos
1064 1619 1219 1687 componet

246 1694 301 1754 ulta
317 1693 462 1754 scribendi
478 1697 666 1770 exercitatio,
689 1703 720 1754 ut
736 1713 773 1753 ex
789 1703 922 1772 tempore
937 1696 1023 1754 etiam
1038 1693 1140 1752 similia
1155 1694 1217 1752 tirn-

246 1797 322 1839 mus.
367 1777 471 1857 Neque
490 1795 562 1839 vero
575 1788 631 1839 tam
647 1780 702 1838 siut
723 1779 849 1838 intuendi
866 1778 958 1857 pedes
983 1797 1067 1856 quam
1083 1779 1275 1837 universa115

246 1862 453 1940 opserendo,
487 1872 518 1923 nt
542 1880 659 1922 versum
680 1862 822 1922 iacientes
850 1871 940 1922 totum
961 1862 1041 1922 illum
1065 1863 1218 1922 decursum
1256 1900 1261 1904 -

246 1966 271 2005 ur
286 1965 340 2005 sex
360 1946 408 2005 vel
426 1948 550 2025 quinque
566 1956 684 2025 partes,
703 1945 859 2023 exquibus
876 1955 988 2006 constat
1002 1964 1122 2021 versus,
1142 1947 1217 2023 aspi·

246 2041 301 2090 unt.
345 2030 422 2089 Ante
446 2032 521 2090 cuim
541 2049 656 2090 carmen
683 2040 775 2089 ortum
797 2038 843 2089 est
865 2049 950 2108 qnam
966 2029 1131 2089 observatio
1155 2047 1217 2088 car·

246 2116 306 2173 iuis.
338 2113 467 2192 Ideoque
483 2114 554 2175 illud
569 2114 668 2176 Fauni
681 2125 827 2192 cotesque
839 2116 999 2176 canebant.
1037 2111 1117 2189 Ergo
1133 2118 1275 2189 qnemllti

261 2208 395 2277 poemate
418 2199 514 2258 locum
533 2197 621 2259 babet
640 2198 835 2275 versificatio,
858 2198 922 2258 eum
942 2200 971 2258 in
986 2199 1118 2256 oratione
1139 2213 1216 2255 com-

246 2284 332 2342 tsitio.

301 2365 414 2444 Optime
435 2376 530 2426 autem
552 2365 588 2425 de
608 2366 659 2427 illa
682 2367 808 2428 iudicant
828 2385 930 2442 aures,
954 2384 1028 2445 quae
1044 2364 1131 2443 plena
1151 2381 1216 2422 son·

245 2459 287 2510 ιιιι
308 2460 337 2510 et
357 2469 456 2529 parum
477 2451 595 2528 expleta
618 2449 782 2511 desiderant
799 2461 828 2512 et
849 2451 975 2527 fragosis
991 2449 1173 2510 offenduntur
1188 2456 1218 2507 et

245 2533 329 2594 vibus
349 2535 510 2594 mulcemur
525 2544 555 2594 et
570 2537 710 2594 contortis
733 2538 895 2596 excitantur
910 2544 939 2595 et
953 2533 1067 2594 stabilia
1082 2531 1217 2610 probant,

245 2618 319 2678 auda
334 2618 569 2696 deprehendunt,
586 2619 772 2680 redundantia
787 2638 822 2680 ac
836 2619 921 2679 nimia
934 2619 1090 2679 fastidiunt.
1133 2615 1217 2676 ldeo·

246 2721 272 2761 ie
289 2703 367 2762 docti
382 2706 521 2778 rationem
535 2703 726 2781 componendi
742 2704 922 2780 intelligunt,
939 2704 1024 2763 etiam
1041 2701 1150 2762 indocti
1165 2717 1217 2760 vo·

246 2795 362 2864 ptatem.
407 2787 553 2860 Quaedam
567 2805 639 2848 vero
654 2788 727 2848 tradi
743 2799 805 2848 arte
819 2806 877 2848 non
888 2796 1020 2865 possunt.
1062 2784 1213 2845 Mutandum
1225 2791 1276 2848 117

246 2879 261 2928 ιι
276 2888 380 2945 casus,
397 2873 422 2929 si
441 2871 538 2931 durius
553 2874 593 2947 is,
613 2889 670 2950 quo
688 2890 896 2950 coeperamus,
917 2872 1034 2932 feratur.
1078 2869 1168 2942 Num,
1189 2870 1219 2927 in

245 2971 301 3011 rem
317 2963 494 3014 transeamus
512 2974 549 3014 ex
562 2973 636 3034 qno,
652 2959 783 3036 praecipi
800 2952 921 3035 potest?
952 2954 1059 3032 Figura
1077 2953 1219 3013 laboranti

246 3039 418 3114 impositioni
439 3041 548 3099 variata
568 3059 659 3119 saepe
677 3043 829 3101 succurrit.
875 3039 971 3114 Quae,
996 3057 1059 3098 cum
1080 3037 1219 3095 orationis

248 3140 274 3179 m
287 3123 371 3181 etiam
386 3119 567 3183 sententiae?
596 3123 669 3183 Num
682 3126 894 3204 praescriptum
911 3125 974 3183 eius
989 3125 1033 3181 rei
1048 3120 1135 3179 ullum
1152 3114 1218 3178 esti
1238 3151 1240 3156 ,

246 3206 426 3266 ccasiouibus
441 3208 577 3267 utendum
593 3217 622 3267 et
638 3227 701 3268 cum
716 3226 748 3268 re
760 3209 908 3286 praesenti
923 3204 1148 3266 deliberandum.
1182 3201 1276 3265 Ει118

246 3309 271 3348 m
295 3307 368 3349 vero
391 3293 484 3369 spatia
505 3294 593 3371 ipsa,
617 3310 690 3370 quae
715 3293 744 3352 in
759 3292 814 3352 bac
830 3291 944 3371 quidem
962 3297 1045 3367 parte
1067 3287 1218 3365 plurimum

246 3374 330 3449 deut,
349 3375 425 3451 quod
440 3385 562 3454 possunt
575 3377 628 3435 nisi
645 3378 752 3437 aurium
767 3375 877 3436 babere
891 3369 1046 3450 iudicium?
1090 3369 1148 3431 Cur
1162 3370 1218 3430 alia

246 3459 403 3528 tucioribus
417 3459 514 3520 verbis
531 3462 600 3520 satis
618 3461 704 3540 plena
721 3461 770 3521 vel
787 3461 917 3534 nimium,
934 3457 990 3517 alia
1007 3455 1138 3536 pluribus
1150 3454 1216 3515 bre·

247 3560 262 3600 a
279 3551 308 3601 et
326 3541 440 3603 abscisa
456 3541 542 3603 sunt‘l
586 3541 644 3604 (iur
665 3547 694 3604 in
715 3540 1022 3616 circumductionibus,
1049 3541 1134 3600 ctiam
1154 3558 1217 3600 com

246 3644 320 3684 ersus
336 3627 430 3686 linitus
447 3636 507 3702 est,
527 3627 634 3704 aliquid
649 3637 743 3688 tamen
759 3627 819 3687 loci
838 3644 944 3687 vacare
959 3621 1112 3686 videatur?
1154 3622 1274 3684 Ne-lltt

246 3713 325 3771 tuem
338 3719 471 3773 oestrum
484 3713 632 3791 tpoororc
644 3713 798 3790 arbitror,
812 3712 948 3790 iudices,
968 3710 1049 3774 burc
1059 3728 1119 3789 per
1129 3709 1220 3770 boone
