3184 4409
579 498 1026 568 1asu.oaauon.r.1a.11,ar.
1231 469 1300 553 '101

307 658 441 740 operibus
455 657 536 718 volo.
575 656 647 718 Nam
669 657 736 737 quid
751 667 850 717 orator
868 659 896 716 iu
914 657 1055 717 laudando
1076 658 1164 719 saciet
1178 662 1231 719 nisi
1250 662 1301 721 ho·

304 755 450 805 cestorum
469 751 498 803 et
518 744 642 822 turpium
663 739 797 820 peritus?
819 743 913 802 autin
935 742 1082 803 suadendo
1103 745 1156 803 nisi
1179 745 1303 806 utilitate

304 824 479 908 perspecta?
507 829 603 887 autin
624 827 754 902 iudiciis,
779 827 803 885 si
823 828 948 885 iustitiae
971 827 1008 885 sit
1028 825 1166 903 ignarus?
1203 827 1302 902 Quia?

302 931 356 973 uon
372 911 570 972 fortitudinem
588 911 717 989 postulat
732 928 781 968 res
804 911 921 986 eadem,
945 929 1008 969 cum
1023 929 1112 989 saepe
1129 922 1228 973 contra
1244 924 1302 973 tur·

249 1038 251 1049 ·
301 996 434 1057 buleutas
449 994 551 1073 populi
571 997 676 1071 minas,
700 1013 790 1073 saepe
814 1013 877 1054 curn
894 994 1060 1072 periculosa
1082 1000 1240 1073 potentium
1258 998 1300 1057 oi-

300 1081 399 1156 iensa,
422 1096 639 1157 nonnunquam,
662 1088 692 1138 ut
710 1079 816 1139 iudicio
836 1078 1009 1154 llliloniano,
1032 1081 1107 1140 inter
1129 1082 1302 1142 circumfusa

299 1167 420 1226 militum
435 1181 512 1223 arma
528 1163 678 1223 dicendum
694 1165 745 1230 sit;
763 1172 810 1237 ut,
826 1164 851 1222 si
866 1166 955 1222 virtus
970 1181 1027 1222 nou
1042 1172 1101 1240 est,
1118 1183 1154 1224 ne
1169 1164 1301 1242 perlecta

299 1249 416 1329 quidem
432 1266 499 1308 esse
514 1250 608 1327 possit
624 1249 727 1306 oratio.
767 1246 878 1320 Quodsi
899 1265 934 1306 ea
954 1249 982 1307 in
1002 1266 1118 1326 quoque
1139 1249 1325 1311 animalium9

299 1344 344 1396 est
358 1336 468 1408 virtus,
492 1349 547 1410 qua
562 1340 692 1411 praestat
710 1341 808 1390 cetera
823 1331 871 1390 vel
886 1332 1043 1410 pleraque,
1059 1335 1132 1392 utin
1149 1334 1235 1393 leone
1250 1335 1300 1393 irn-

298 1427 402 1498 petus,
425 1418 454 1475 in
469 1432 545 1495 equo
565 1416 722 1484 velocitas;
742 1415 885 1474 hominem
900 1433 988 1493 porro
1003 1419 1117 1476 ratione
1134 1428 1220 1495 atque
1237 1435 1301 1476 ora·

297 1504 379 1562 lione
395 1500 548 1561 excellere
563 1502 669 1560 ceteris
682 1508 792 1559 certum
808 1509 868 1558 est:
886 1519 936 1560 cur
951 1517 1008 1559 non
1022 1510 1079 1560 tam
1094 1502 1301 1579 ineloquentia

299 1603 386 1665 mam
406 1587 562 1645 iuratione
578 1587 712 1644 virtutem
728 1585 878 1643 eiusesse
897 1585 1061 1654 credamus;
1085 1596 1225 1664 recteque
1244 1586 1302 1646 hoc

298 1671 376 1749 apud
394 1667 568 1729 Ciceronem
589 1668 694 1728 dixerit
713 1665 852 1727 Crassus:
875 1665 931 1730 Est
949 1671 1027 1729 enim
1045 1672 1217 1748 eloquentia
1237 1689 1301 1731 aaa

298 1755 454 1834 quaedam
467 1754 507 1815 dc
518 1754 643 1814 summis
655 1753 834 1829 virtutihus,
856 1761 885 1810 et
900 1753 964 1830 ipse
984 1751 1088 1813 Cicero
1105 1770 1299 1832 suapersona
1308 1765 1343 1816 10

299 1856 364 1898 cum
379 1837 416 1899 ad
428 1836 545 1897 Brutum
558 1838 587 1897 in
599 1836 731 1916 epistolis
746 1845 804 1895 tum
819 1836 883 1896 aliis
900 1839 985 1896 etiam
1000 1837 1073 1897 locis
1088 1840 1222 1898 virtutem
1238 1857 1301 1898 eam
1332 1846 1338 1861 ⁴

297 1918 453 2001 appellet?
497 1920 537 1981 ht
559 1922 739 2008 prooemium
764 1920 918 1999 aliquando
945 1939 979 1980 ac
1005 1924 1197 1982 narrationem
1223 1923 1301 1982 dicct

296 2006 391 2067 malus
404 2005 491 2066 homo
508 2014 538 2065 et
551 2015 727 2083 argumenta,
745 2006 788 2063 sic
803 2013 833 2064 ut
847 2004 917 2064 nihil
931 2007 968 2063 sit
983 2006 1011 2063 in
1027 2005 1070 2064 his
1086 2007 1298 2084 requirendum.

296 2089 372 2152 llam
390 2099 421 2150 et
440 2090 516 2151 latro
538 2089 677 2168 pugnabit
698 2090 821 2163 acriter,
845 2090 934 2147 virtus
956 2098 1050 2148 tamen
1070 2092 1124 2148 erit
1144 2089 1299 2159 lortitud0;

295 2184 329 2236 et
341 2183 486 2243 tormenta
502 2176 563 2235 sine
579 2175 687 2251 gemitu
703 2173 779 2232 leret
794 2172 886 2231 malus
901 2190 1020 2248 servus,
1036 2174 1189 2233 tolerantia
1204 2184 1300 2232 tamen

296 2259 411 2322 tloloris
427 2257 511 2318 laude
527 2276 578 2318 sua
595 2275 653 2317 non
667 2256 787 2318 carebit.
823 2255 911 2315 Multa
933 2256 1001 2314 liunt
1016 2258 1116 2316 eadem
1135 2258 1186 2316 sed
1203 2257 1297 2316 aliter.

296 2343 450 2405 Sufficiant
463 2344 551 2421 igitur
565 2342 658 2418 haec,
682 2343 749 2420 quia
765 2340 801 2399 de
817 2340 940 2399 utilitate
959 2359 1046 2419 supra
1062 2344 1255 2401 tractavimus.

617 2493 704 2553 euna
722 2494 874 2544 mursam
891 2493 979 2545 arus,
1026 2472 1028 2477 ’

381 2590 462 2655 xxi.
487 2590 636 2652 Materiam
650 2593 813 2652 rhetorices
829 2594 942 2671 quidam
958 2593 1091 2653 dixerunt
1104 2611 1172 2652 esse
1187 2596 1299 2655 oratio·

294 2698 384 2753 cem,
400 2694 456 2757 qua
470 2678 499 2738 in
512 2679 655 2747 sententia
669 2679 784 2756 ponitur
800 2678 874 2755 apud
888 2677 1036 2736 Platonem
1055 2676 1189 2754 Gorgias.
1218 2677 1300 2751 Quae

297 2767 320 2826 tl
334 2764 378 2825 ita
395 2762 555 2840 accipitur,
578 2771 608 2821 ut
626 2779 721 2821 sermo
738 2780 908 2839 quacunque
924 2762 1009 2820 dere
1028 2765 1206 2838 compositus
1223 2762 1299 2821 dica·

297 2856 342 2909 tur
368 2847 481 2922 oratio,
504 2863 560 2905 non
580 2847 699 2906 materia
727 2846 779 2905 sed
802 2863 876 2923 opus
902 2855 962 2921 est,
985 2855 1015 2904 ut
1036 2848 1164 2905 statuarii
1189 2855 1297 2913 statua;

298 2950 362 2993 um
373 2938 406 2991 et
420 2931 513 2990 oratio
529 2929 653 2989 allicitur
668 2940 729 2990 arte
746 2933 820 2990 sicut
835 2939 937 2989 statua.
967 2932 1017 2989 Sin
1032 2930 1086 2989 hac
1101 2930 1298 3007 appellatione

299 3014 388 3077 verba
408 3014 473 3092 ipsa
492 3013 647 3091 significari
668 3024 818 3094 putamus,
842 3014 911 3073 nihil
933 3014 1006 3074 haec
1031 3016 1093 3072 sine
1115 3032 1210 3073 rerum
1231 3015 1298 3073 suh·

297 3101 402 3162 mantia
421 3098 538 3159 iaciunt.
574 3097 695 3170 Quidam
717 3107 898 3178 orpamenta
916 3099 1136 3176 persuasibilia
1142 3121 1156 3166 ,·
1178 3116 1252 3175 quae
1271 3107 1323 3167 eto

296 3184 407 3264 ipsein
421 3191 504 3263 parte
520 3190 585 3241 sunt
600 3184 699 3261 operis
715 3192 744 3242 et
759 3191 821 3242 arte
840 3182 909 3241 liunt
925 3192 954 3241 et
967 3184 1085 3241 materia
1102 3190 1199 3258 egent.
1230 3181 1297 3255 Qui·

296 3268 361 3331 tlam
382 3267 495 3331 civiles
508 3274 717 3346 quaesitorem
743 3284 863 3345 quorum
891 3268 987 3344 opinio
1009 3272 1065 3324 iron
1086 3267 1224 3343 qualitate
1246 3268 1298 3327 sed

295 3352 383 3414 modo
399 3352 517 3428 erravit,
536 3359 581 3410 est
596 3351 669 3410 enim
684 3352 758 3411 haec
772 3352 891 3410 materia
904 3350 1066 3410 rhetorices
1081 3350 1134 3409 sed
1149 3368 1207 3409 non
1222 3351 1296 3411 sola.

296 3435 431 3513 Quidam,
448 3437 514 3514 quia
528 3437 619 3495 virtus
635 3436 672 3494 sit
687 3436 844 3511 rhetorice,
859 3437 1005 3504 materiam
1021 3436 1083 3493 eius
1100 3444 1191 3496 totam
1205 3437 1323 3504 etiamn

295 3528 414 3582 vocant.
450 3519 527 3595 Alii,
552 3521 619 3597 quia
646 3537 704 3580 non
732 3521 856 3579 omnium
875 3520 1011 3577 virtutum
1037 3521 1156 3579 materia
1179 3521 1215 3578 sit
1237 3529 1298 3578 tota

295 3607 355 3666 rita
369 3604 424 3666 eetl
437 3602 598 3682 pleraeque
613 3612 877 3665 earumversentur
893 3601 1075 3680 inpartibus,
1092 3605 1165 3663 sicut
1180 3604 1297 3678 iustitia,

296 3687 454 3763 lortitutlo,
476 3688 651 3747 continentia
674 3689 800 3766 propriis
822 3687 925 3746 officiis
942 3696 971 3746 et
987 3704 1040 3746 suo
1063 3688 1118 3747 line
1134 3687 1296 3762 intelligun-

298 3780 360 3834 tur:
389 3770 558 3834 rhetoricen
580 3789 697 3852 quoque
719 3771 816 3832 dicunt
835 3773 864 3832 in
882 3789 940 3834 una
964 3771 1065 3855 aliqua
1084 3782 1174 3854 parte
1194 3787 1312 3850 ponen-
