3184 4409
554 498 644 547 nisu.
668 497 817 550 essuos.
839 499 909 548 urs.
932 499 962 566 1,
991 498 1033 551 12.
1253 486 1294 548 57

289 662 445 717 noventur
466 672 522 716 nec
551 672 604 715 suo
633 656 696 715 nisu
716 654 818 715 studiis
840 653 973 715 insistunt
998 656 1051 716 sed
1071 654 1238 715 formandos
1259 673 1294 716 se

290 738 488 802 tautummodo
510 748 674 816 praestant,
696 757 752 798 non
772 737 905 798 similiter
926 739 1091 815 fatigantur.
1137 739 1334 805 Praetereall

291 823 452 885 secundum
474 822 558 883 aliam
575 825 678 884 aetatis
695 823 771 883 illius
790 822 958 882 facilitatem
973 823 1053 883 velut
1067 825 1228 904 simplicius
1242 824 1293 883 do·

293 917 396 989 centes
416 915 576 985 sequuntur
589 926 661 982 nec,
683 925 757 984 quae
779 907 835 966 iam
850 909 979 987 egerint,
1000 909 1164 968 metiuntur.
1199 907 1293 968 Abest

291 993 349 1053 illis
372 991 469 1053 adhuc
494 991 580 1051 etiam
610 991 718 1051 laboris
746 991 890 1049 iudicium.
935 990 1044 1066 Porro,
1070 1001 1100 1051 ut
1126 994 1295 1070 frequenter

293 1077 407 1157 experti
426 1093 539 1150 sumus,
558 1076 648 1135 miuus
665 1075 755 1135 allicit
773 1093 876 1133 sensus
895 1075 1029 1153 fatigatig
1040 1093 1124 1153 quam
1142 1079 1292 1152 cogitatio.

261 1216 264 1222 .
301 1159 303 1163 ’
374 1159 438 1221 Sed
458 1177 495 1218 ne
520 1160 660 1237 temporis
683 1159 796 1236 quidem
815 1177 939 1236 unquam
963 1159 1029 1237 plus
1055 1161 1125 1235 erit,
1154 1162 1220 1238 quia
1247 1163 1336 1223 his12

294 1243 436 1305 aetatibus
459 1244 550 1302 omnis
568 1244 596 1302 in
613 1243 754 1303 audiendo
776 1244 928 1321 proiectus
948 1253 1004 1302 est.
1049 1241 1119 1303 Cum
1140 1245 1176 1304 ad
1199 1247 1295 1306 stilum

294 1329 433 1402 secedet,
457 1345 521 1386 cum
540 1327 692 1404 generabit
711 1328 774 1405 ipse
796 1327 903 1405 aliquid
924 1336 1009 1405 atque
1036 1337 1208 1405 componet:
1236 1339 1293 1389 tum

295 1413 432 1472 inchoare
450 1410 525 1471 haec
541 1412 635 1472 studia
657 1411 705 1470 vel
725 1429 782 1470 non
800 1410 915 1471 vacabit
934 1411 983 1470 vel
998 1429 1055 1470 non
1071 1412 1182 1472 libebit
1212 1413 1337 1491 Erg013

295 1516 354 1557 cum
378 1495 583 1573 grammaticus
599 1504 688 1554 totum
713 1513 859 1572 occupare
881 1495 956 1555 diem
977 1513 1034 1554 non
1056 1499 1150 1574 possit
1169 1516 1225 1557 nec
1244 1499 1293 1559 de·

294 1580 373 1656 beat,
393 1597 430 1639 ne
449 1579 586 1639 discentis
600 1581 721 1638 animum
738 1579 835 1639 taedio
856 1589 983 1639 avertat:
1004 1581 1106 1657 quibus
1122 1583 1218 1660 potius
1234 1593 1293 1642 stu·

294 1665 343 1725 diis
367 1663 446 1724 haec
466 1672 627 1741 temporum
648 1664 728 1722 velut
751 1663 896 1724 subsiciva
917 1662 1106 1725 donabimus?
1148 1665 1221 1725 Nam
1239 1678 1337 1732 necls

295 1767 348 1828 ego
365 1747 520 1808 comminui
541 1747 703 1807 studentem
718 1749 747 1806 in
757 1747 803 1806 his
819 1750 948 1827 partibus
959 1749 1041 1824 volo,
1060 1768 1116 1808 nec
1130 1751 1294 1811 moduletur

295 1843 338 1893 aut
354 1832 475 1892 musicis
489 1832 565 1892 notis
583 1834 695 1892 cantica
714 1832 851 1910 excipiat,
870 1852 926 1893 nec
943 1834 1041 1911 utique
1057 1834 1092 1893 ad
1108 1836 1293 1895 minutissima

293 1935 384 1995 usque
406 1916 586 1993 geometriae
608 1933 699 1994 opera
718 1917 886 1992 descendat,
909 1934 966 1976 non
985 1918 1155 1978 comoedum
1177 1920 1205 1978 in
1226 1924 1301 1998 plo.

294 2001 449 2061 nuntiando
467 2018 522 2059 nec
540 2000 708 2061 saltatorem
726 2002 755 2059 in
773 2010 859 2076 gestu
875 2002 968 2068 facio;
987 2020 1062 2078 quae
1081 2004 1105 2060 si
1124 2005 1217 2062 omnia
1233 2006 1293 2063 exi·

294 2104 404 2164 gerem,
428 2083 631 2162 suppeditabat
648 2094 742 2144 tamen
764 2093 886 2162 tempus.
931 2084 1029 2161 Longa
1045 2094 1090 2145 est
1108 2088 1193 2162 enim,
1220 2105 1294 2165 quae

294 2171 394 2245 discit,
420 2177 520 2244 aetas,
544 2177 573 2228 et
597 2186 654 2246 ego
674 2187 731 2229 non
746 2168 781 2227 de
803 2169 893 2228 tardis
915 2170 1039 2246 ingeniis
1061 2169 1176 2247 loquor.
1207 2170 1294 2231 Deni-
1302 2183 1335 2236 15

295 2272 347 2332 que
369 2271 422 2312 cur
440 2253 468 2311 in
487 2252 531 2312 his
548 2252 694 2329 omnibus,
719 2271 793 2331 quae
816 2252 952 2313 discenda
972 2252 1080 2313 oratori
1099 2254 1195 2314 loturo
1211 2265 1292 2333 puto,

293 2338 410 2397 eminuit
425 2336 519 2412 Plato,
541 2339 660 2415 quinon
681 2346 833 2398 contentus
854 2336 1025 2416 disciplinis,
1049 2356 1119 2416 quas
1143 2349 1293 2416 praestare

292 2429 430 2500 poterant
453 2421 596 2496 Athenae,
620 2439 678 2480 nou
700 2422 960 2498 Pythagoreorum,
986 2422 1021 2482 ad
1043 2440 1116 2500 quos
1138 2424 1166 2482 in
1184 2423 1294 2484 ltaliam

292 2508 498 2582 navigaverat,
522 2506 654 2584 Aegypti·
669 2523 784 2585 quoque
803 2507 976 2567 sacerdotes
999 2508 1067 2568 adiit
1087 2516 1174 2586 atque
1194 2526 1293 2568 eorum

291 2608 398 2650 arcana
417 2586 591 2666 perdidicit?

376 2673 563 2734 Difficultatis
585 2675 745 2752 patrocinia
769 2675 965 2752 praeteximus
993 2675 1146 2752 segnitiae.
1190 2674 1293 2754 Neque
1303 2688 1336 2741 16

291 2760 368 2818 euim
390 2757 475 2816 uobis
499 2760 598 2836 operis
621 2776 701 2818 amor
729 2768 784 2835 est,
808 2777 874 2835 uec,
899 2759 964 2837 quia
986 2762 1023 2818 sit
1045 2759 1168 2818 honesta
1190 2778 1224 2821 ac
1247 2779 1293 2821 re·
1354 2757 1356 2761 ’

291 2861 354 2902 rum
372 2841 568 2921 pulcherrima
588 2841 772 2920 eloquentia,
796 2845 904 2921 petitur
922 2844 1004 2921 ipsa,
1031 2845 1083 2903 sed
1104 2843 1140 2903 ad
1161 2845 1294 2905 venalem

291 2944 375 2987 usum
398 2934 427 2986 et
450 2927 597 2987 sordidum
619 2927 730 2987 lucrum
751 2928 937 3004 accingimur.
982 2926 1088 2988 Dicant
1115 2929 1178 2986 sine
1200 2929 1244 2988 his
1266 2932 1335 2992 inl'l

291 3012 358 3070 loro
372 3010 453 3070 multi
473 3020 503 3069 et
521 3008 679 3089 acquirant,
702 3012 767 3071 dum
790 3013 827 3071 sit
844 3011 1021 3089 locupletior
1036 3012 1139 3090 aliquis
1159 3013 1294 3073 sordidae

291 3096 399 3154 mercis
421 3096 588 3171 negotiator
615 3105 644 3154 et
664 3095 728 3173 plus
753 3097 821 3154 voci
841 3114 911 3155 suae
931 3095 1037 3155 debeat
1067 3113 1187 3174 praeco.
1230 3096 1295 3157 Nec

291 3179 380 3239 velim
400 3178 515 3256 quidem
533 3179 674 3238 lectorem
692 3179 754 3239 dari
771 3179 865 3256 milri,
879 3179 945 3257 quid
962 3181 1055 3239 studia
1070 3180 1199 3240 reserant
1216 3198 1294 3240 com-

291 3272 466 3341 putaturum.
512 3262 567 3335 Qui
592 3281 664 3324 vero
690 3264 842 3340 imaginem
869 3266 961 3341 ipsam
988 3264 1173 3340 eloquentiae
1199 3265 1337 3330 divinam

291 3346 417 3424 quadam
438 3356 534 3406 mente
559 3350 744 3425 conceperit,
775 3350 882 3426 quique
904 3348 982 3407 illam
1007 3349 1052 3425 (ut
1073 3349 1112 3407 ait
1133 3366 1191 3408 non
1212 3351 1295 3426 igno-

290 3430 358 3490 bilis
381 3432 527 3510 tragicus)
549 3434 678 3509 reginam
701 3450 796 3492 rerum
812 3433 973 3495 orationem
990 3440 1078 3510 ponet
1095 3441 1161 3492 aute
1179 3435 1293 3508 oculos,

290 3515 476 3592 fructumque
498 3534 556 3574 non
578 3534 616 3576 ex
638 3518 713 3595 stipe
738 3517 958 3576 advocationum
987 3517 1039 3576 sed
1062 3518 1216 3576 exanimo
1233 3518 1295 3577 'suo

291 3608 321 3659 et
345 3599 593 3677 contemplatione
614 3619 648 3660 ac
672 3601 794 3661 scientia
815 3610 912 3680 petet,
944 3609 1116 3679 perpetuum
1138 3602 1217 3661 illum
1239 3619 1295 3661 nec

290 3684 429 3743 fortunae
446 3683 621 3749 subiectum:
640 3685 727 3745 facile
739 3685 926 3762 persuadebit
938 3684 1004 3760 sibi,
1023 3694 1053 3744 ut
1065 3683 1206 3762 tempora,
1220 3703 1294 3763 quae

291 3766 490 3846 spectaculis,
520 3785 639 3848 campo,
663 3771 802 3846 tesseris,
830 3771 932 3831 otiosis
954 3769 1081 3850 denique
1101 3769 1306 3845 sermonibus,
