3184 4409
329 441 389 503 242
643 453 679 500 u.
695 451 773 499 rua.
789 449 1009 512 omnrmrnrn

286 610 499 677 assentientem
525 608 691 684 optimeque
717 606 870 665 dicentem.
906 604 939 664 ln
967 605 1024 664 boc
1055 616 1157 685 quota
1186 624 1256 687 pars
1277 608 1315 679 erit

329 695 405 773 quod
421 702 467 752 aut
483 693 652 749 innocentes
667 690 792 749 tuebitur
806 698 854 749 aut
869 689 1071 768 improborum
1087 693 1220 752 scelera
1232 709 1315 770 conpr

328 787 407 852 scet,
434 785 481 835 aut
503 778 530 833 in
552 775 726 852 pecuniariis
748 773 965 851 quaestionibus
987 776 1113 834 veritati
1138 786 1250 836 contra
1269 775 1315 835 calr

329 863 430 920 mnium
448 857 561 919 aderiti
599 859 729 917 Summus
747 858 797 916 ille
814 857 927 934 quidem
943 859 971 916 in
987 857 1033 916 bis
1051 874 1186 938 quoque
1211 859 1316 940 opero·

328 947 413 1005 fuerit
436 944 487 1002 sed
508 942 663 1001 maioribus
686 941 792 1000 clarius
814 940 957 1017 elucebit,
979 959 1045 1001 curn
1068 944 1216 1020 regenda
1232 951 1316 1003 senatu

286 1029 448 1095 utconsilia
474 1036 502 1085 et
522 1025 672 1104 popularis
694 1042 776 1084 error
801 1025 837 1085 ad
857 1025 977 1085 meliora
1004 1026 1180 1086 ducendus.
1220 1028 1266 1087 An
1285 1042 1317 1085 rm

328 1114 414 1173 talem
430 1111 571 1189 quendam
585 1110 698 1168 videtur
714 1110 832 1168 linxisse
846 1108 1011 1185 Vergilius,
1039 1128 1133 1188 quem
1153 1114 1186 1170 in
1203 1113 1318 1172 sedition

328 1198 406 1273 vulgi
422 1198 477 1254 iam
491 1195 573 1253 faces
589 1203 617 1252 et
633 1210 702 1265 saxa
718 1193 868 1252 iaculantis
884 1193 1103 1253 moderatorem
1120 1195 1229 1256 dedit:

386 1279 460 1339 Tum
474 1281 587 1357 pietate
600 1295 728 1356 prooem
741 1297 780 1337 uc
796 1279 911 1338 meritis
923 1278 952 1338 ei
965 1277 1046 1355 forte
1061 1279 1176 1340 vinem
1196 1296 1286 1358 quem

387 1361 592 1441 Conspexere,
609 1363 697 1423 silent
713 1363 904 1440 arrectisque
918 1363 1049 1422 auribus
1065 1366 1208 1424 astant?

327 1448 471 1507 Habemus
489 1448 574 1522 igitur
591 1456 656 1504 ante
672 1447 765 1504 omnia
781 1447 872 1504 virum
892 1444 1012 1521 bouum,
1038 1456 1112 1524 post
1128 1447 1216 1508 baec
1233 1447 1324 1508 adiiciet

328 1532 441 1592 dicendi
458 1533 596 1608 peritum:

385 1615 442 1675 llle
457 1617 534 1692 reqit
549 1615 640 1674 dictis
654 1615 771 1675 animos
786 1619 815 1673 et
829 1620 957 1691 pectora
970 1614 1095 1674 mulcet.

287 1697 425 1773 asseridi
450 1715 508 1756 non
527 1700 554 1756 in
570 1697 656 1757 bellis
675 1715 791 1775 quoque
809 1697 883 1756 idem
898 1698 949 1756 ille
963 1699 1025 1772 vir,
1044 1715 1138 1774 quem
1154 1700 1327 1767 instituimus.

329 1785 353 1842 si
376 1784 413 1840 sit
433 1781 468 1840 ad
489 1782 631 1860 proelium
653 1783 736 1841 miles
753 1781 964 1856 cohortandus,
987 1799 1026 1840 cx
1048 1781 1160 1841 mediis
1181 1784 1328 1862 sapientire

329 1867 493 1945 praeceptis
512 1868 672 1924 orationem
689 1862 802 1925 trahet?
834 1864 907 1925 Nam
928 1864 1074 1942 quomodo
1093 1883 1233 1942 pugnam
1248 1870 1328 1926 ineur-

329 1950 403 2009 tibus
431 1959 473 2008 tot
495 1950 576 2008 simul
602 1960 694 2009 metus
722 1950 849 2025 laboris,
879 1950 1027 2024 dolorum,
1055 1959 1223 2026 postremo
1245 1950 1329 2010 nont

329 2036 419 2112 ipsius
437 2036 614 2110 exciderint,
639 2036 693 2092 nisi
715 2035 742 2092 in
762 2051 861 2093 eorum
877 2033 972 2092 locum
987 2034 1083 2111 pietas
1103 2042 1133 2092 et
1149 2034 1297 2095 fortitudo
1309 2039 1329 2090 ct

287 2119 442 2185 roborasti
458 2137 598 2196 praesens
614 2120 708 2193 imago
724 2114 921 2177 successerit?
948 2115 1029 2189 Quae
1045 2126 1130 2176 certe
1146 2119 1263 2179 melius
1278 2134 1329 2197 per

330 2201 459 2261 suadebit
481 2203 561 2277 aliis,
590 2205 637 2280 qui
663 2203 742 2280 prius
764 2203 943 2280 persuaserit
965 2201 1029 2259 sibi.
1062 2199 1169 2261 Prodit
1196 2205 1276 2263 enim
1296 2218 1329 2271 sc,
1358 2258 1359 2269 ,

331 2286 485 2364 quamlibet
513 2288 705 2362 custodiatur,
734 2286 891 2354 simulatio;
916 2302 972 2344 nec
998 2301 1121 2362 unquam
1145 2294 1235 2347 tanta
1258 2284 1329 2346 luerit

330 2371 466 2448 loquendi
489 2370 626 2443 facultas,
656 2380 763 2429 utnon
788 2369 891 2428 titubet
917 2378 1003 2446 atque
1028 2369 1170 2444 baereat,
1208 2372 1330 2449 quotient

330 2454 365 2513 ab
384 2455 475 2513 animo
490 2454 580 2513 verba
596 2456 775 2513 dissentiunt.
811 2453 863 2512 Vir
879 2463 972 2512 autem
988 2453 1079 2511 malus
1096 2453 1179 2513 aliud
1200 2455 1330 2515 dicatae

288 2551 414 2603 socesse
431 2547 474 2596 est
491 2557 574 2616 quam
592 2541 687 2597 sentit.
720 2538 817 2597 Bonos
833 2554 975 2614 nunquam
989 2536 1131 2595 honestus
1149 2555 1258 2598 sermo
1272 2535 1331 2597 dei·

332 2623 399 2696 ciet,
416 2640 556 2699 nunquam
573 2641 667 2682 rerum
685 2624 854 2700 optimarum
871 2623 951 2700 (narn
966 2621 1053 2680 iidem
1069 2620 1157 2679 etiam
1177 2623 1331 2700 prudentes

332 2708 428 2783 erunt)
455 2708 594 2772 inventio;
616 2725 689 2784 quae
714 2706 827 2765 etiamsi·
849 2705 1001 2765 lenociniis
1021 2704 1158 2763 destituta
1190 2707 1247 2783 sit,
1272 2705 1332 2764 satis

331 2798 426 2847 tamen
447 2799 546 2849 natura
570 2808 620 2849 sua
642 2801 758 2850 ornatur
779 2808 835 2848 nec
857 2790 1010 2868 quidquam
1031 2804 1088 2845 non
1105 2788 1241 2866 diserte,
1264 2785 1333 2867 quod

288 2873 469 2949 3thoneste,
498 2873 609 2932 dicitur.
653 2874 766 2948 Quuare,
797 2876 945 2948 iuventus,
975 2874 1059 2931 immo
1082 2887 1189 2930 omnes
1214 2882 1332 2943 aetates,

332 2958 442 3035 (neque
462 2958 536 3016 enim
550 2967 656 3016 rectae
673 2959 812 3017 voluntati
831 2975 928 3016 serum
950 2966 995 3015 est
1010 2965 1124 3033 tempus
1140 2955 1255 3036 ullum)
1272 2957 1333 3015 totis

331 3041 472 3101 mentibus
490 3041 545 3100 huc
562 3042 727 3116 tendamus,
751 3043 778 3099 in
796 3041 853 3100 hoc
872 3041 1071 3106 elaboremus;
1094 3039 1200 3098 lorsan
1225 3051 1257 3100 et
1272 3057 1332 3100 con-

332 3145 472 3185 summare
489 3127 644 3201 contingat.
677 3125 748 3184 Nam
769 3128 793 3184 si
816 3134 916 3184 natura
934 3141 991 3183 nou
1007 3122 1144 3202 probibet
1161 3133 1194 3182 et
1212 3143 1283 3184 esse
1297 3124 1332 3181 ri-

332 3229 393 3269 rum
414 3210 519 3268 bonum
541 3219 569 3268 et
591 3228 659 3268 esse
676 3210 790 3268 dicendi
813 3210 952 3287 peritum:
981 3226 1032 3267 cur
1052 3223 1110 3264 non
1126 3206 1238 3284 aliquis
1255 3209 1333 3268 etiarn

332 3313 404 3353 unus
420 3304 570 3372 utrumque
594 3295 733 3370 consequi
753 3290 868 3371 possit?
896 3311 947 3352 cur
969 3301 1137 3351 autemnon
1158 3308 1193 3350 se
1212 3294 1333 3371 quisque

293 3388 431 3456 susperet
457 3379 519 3436 lore
547 3379 626 3437 illum
652 3374 796 3455 aliquem?
833 3377 879 3435 Ad
900 3376 977 3454 quod
998 3377 1022 3434 si
1046 3377 1126 3433 vires
1145 3375 1260 3451 ingenii
1281 3392 1332 3433 non

336 3462 515 3521 sufficereut:
543 3471 636 3521 tamen
663 3463 698 3521 ad
725 3480 810 3540 quem
831 3479 924 3539 usque
949 3460 1064 3518 modum
1086 3460 1331 3536 processerimus,

336 3548 471 3607 meliores
498 3547 602 3605 erimus
624 3565 661 3604 ex
689 3556 822 3630 utroque.
864 3544 930 3603 lloo
957 3552 1036 3603 certe
1060 3543 1165 3620 procul
1194 3545 1332 3602 eximatur

337 3633 444 3706 animo,
471 3648 565 3687 rerum
589 3625 810 3708 pulcherrimanl
831 3629 1024 3707 eloquentiam
1046 3644 1110 3686 cum
1132 3627 1213 3686 vitiis
1234 3627 1332 3686 mentis

339 3735 425 3801 posse
438 3715 560 3774 misceri.
594 3713 726 3774 Facultas
744 3714 875 3791 dicendi,
896 3715 921 3772 si
938 3714 964 3770 in
980 3711 1072 3770 malos
1088 3711 1205 3788 incidit,
1230 3712 1329 3790 etipsa
