3184 4409
577 444 1017 542 1nsc.on'auou.n1o.11,at.
1235 464 1293 525 103

306 654 363 697 eom
379 631 571 712 palaestrica,
594 629 724 690 ciborum
743 648 816 691 vero
834 631 956 710 qualitas
972 632 1056 690 etiam
1072 650 1135 691 cnm
1159 647 1294 692 cooomm

304 723 327 780 ei
342 720 379 778 sit
396 726 457 799 arte
474 715 640 774 communis.
680 714 764 789 Quod
785 733 857 776 vero
881 715 1026 790 debono,
1045 717 1123 792 utili,
1146 717 1221 776 iusto
1238 715 1336 780 dis-12

302 821 400 863 serere
416 798 619 878 philosophiae
642 799 768 858 officium
785 817 852 858 esse
873 799 985 874 dicunt,
1007 817 1064 858 non
1075 798 1186 860 obstat.
1224 799 1295 860 Nam

302 905 362 947 cum
384 882 589 964 philosophum
611 882 723 958 dicunt,
752 883 809 942 hoc
830 885 923 960 accipi
945 883 1046 943 volunt
1066 887 1156 943 virum
1178 884 1293 944 bonum.

303 971 396 1044 Quare
416 969 504 1044 igitur
525 975 686 1042 oratorem,
716 984 800 1046 quem
825 985 841 1026 a
862 967 939 1027 bono
961 969 1023 1026 viro
1045 984 1102 1028 non
1123 985 1246 1046 separo,
1267 969 1295 1025 in

302 1055 401 1114 eadem
423 1051 543 1110 materia
565 1051 677 1111 versari
698 1053 803 1122 mirem
825 1070 889 1111 cum
911 1054 1082 1130 praesertim
1106 1054 1197 1130 primo
1221 1051 1294 1111 libro
1303 1064 1337 1117 13

300 1141 352 1197 iam
377 1136 568 1210 ostenderim,
597 1135 790 1213 philosophos
818 1136 950 1195 omissam
974 1136 1048 1196 hanc
1070 1135 1105 1194 ab
1132 1134 1294 1195 oratoribus

299 1230 409 1301 partem
433 1236 610 1297 occupasse,
634 1236 708 1296 quae
730 1219 893 1279 rhetorices
914 1222 1031 1298 propria
1049 1237 1164 1296 semper
1181 1219 1296 1293 luisset,

299 1314 326 1364 ut
344 1305 387 1365 illi
403 1304 501 1381 potius
517 1303 545 1360 in
563 1312 661 1362 nostra
678 1305 796 1363 materia
819 1301 992 1363 versentur?
1030 1304 1163 1381 Denique
1181 1321 1244 1362 cum
1259 1304 1296 1361 sit

298 1389 467 1449 dialectices
490 1387 609 1445 materia
631 1386 775 1447 derebus
797 1386 935 1447 subiectis
958 1389 1122 1468 disputare,
1146 1388 1182 1446 sit
1202 1395 1296 1446 autem

298 1473 452 1533 dialectice
468 1472 563 1534 oratio,
580 1472 712 1531 concisa:
733 1480 783 1531 cui
804 1488 862 1530 non
882 1472 983 1533 eadem
1004 1481 1163 1552 perpetuae
1179 1487 1295 1549 quoqne

296 1557 417 1617 materia
432 1550 586 1614 videatur?

381 1639 467 1699 Solet
482 1656 498 1697 a
515 1637 683 1717 quibusdam
700 1648 729 1698 et
745 1639 816 1700 illud
832 1642 955 1719 opponi:
980 1637 1118 1701 Omnium
1136 1641 1231 1719 ipitur
1244 1643 1336 1698 atr-it

296 1728 369 1787 tium
384 1725 507 1803 peritam
525 1723 584 1783 erit
601 1731 721 1800 orator,
742 1727 771 1784 εἰ
792 1725 832 1785 de
851 1726 989 1787 ommibus
1009 1726 1037 1801 ei
1058 1724 1221 1786 dicendum
1241 1731 1295 1786 eat.

296 1809 418 1868 Possem
433 1807 480 1868 hic
498 1803 649 1865 Ciceronis
663 1809 845 1885 respondere
860 1810 973 1884 verbis,
992 1809 1068 1886 apud
1083 1827 1169 1888 quem
1183 1809 1240 1869 hoo
1253 1809 1294 1866 in·

296 1894 400 1951 venio:
418 1888 490 1951 dieo
505 1892 627 1967 quidem
640 1894 790 1964 sententio
804 1911 891 1954 memo
907 1911 973 1956 esse
986 1895 1097 1971 poterit
1109 1895 1190 1955 ommi
1202 1893 1296 1953 laude

296 1975 471 2037 cumulatos
500 1983 624 2051 orator,
654 1976 716 2038 misi
743 1978 802 2038 erit
826 1979 957 2038 mmmm
983 1995 1085 2037 rerum
1114 1993 1296 2055 mapparum

295 2069 389 2138 atque
403 2060 516 2120 artium
531 2060 690 2120 seientiam
706 2068 905 2133 consecutum
926 2060 979 2119 sed
1000 2060 1067 2119 mihi
1083 2063 1153 2120 satis
1172 2070 1217 2119 est
1233 2058 1294 2119 eius

295 2161 365 2203 esse
382 2151 529 2202 oratorem
544 2144 604 2217 rei,
626 2142 664 2202 de
680 2161 735 2221 qna
751 2144 843 2220 dicet,
863 2161 920 2204 non
937 2145 1066 2203 inscium.
1104 2142 1208 2220 Neque
1223 2144 1337 2202 enituit

280 2245 399 2295 ¹omnes
416 2243 517 2286 causas
536 2228 631 2302 novit,
652 2236 681 2286 et
696 2227 784 2286 debet
799 2245 888 2306 posse
906 2228 943 2287 do
959 2227 1089 2287 omnibus
1104 2227 1222 2295 dicere„
1250 2224 1295 2284 De

296 2310 403 2390 quibus
422 2326 494 2386 ergo
512 2308 610 2370 dicet?
644 2310 689 2370 De
705 2311 808 2389 quibus
831 2311 938 2372 didicit.
978 2312 1114 2372 Similiter
1134 2310 1170 2371 de
1187 2309 1294 2370 artibus

296 2411 431 2474 quoque,
449 2393 485 2453 de
502 2395 604 2473 quibus
620 2396 771 2456 dicendum
787 2398 857 2471 erit,
880 2397 992 2456 interim
1008 2396 1114 2462 discet;
1138 2404 1167 2455 et
1182 2395 1218 2456 de
1235 2394 1294 2472 qui-

295 2479 352 2539 bus
372 2479 522 2553 didicerit,
542 2479 628 2538 dicet.
667 2477 741 2553 Quid
758 2477 852 2556 ergo?
869 2497 926 2539 non
946 2479 1029 2540 faber
1051 2481 1087 2541 de
1109 2479 1219 2539 fabrica
1237 2484 1336 2538 mc·16

295 2563 353 2623 lius
370 2571 418 2621 aut
435 2562 471 2621 dc
486 2565 595 2622 musice
612 2560 758 2624 musicus?
792 2565 823 2624 Si
838 2567 949 2624 nesciat
965 2573 1079 2640 orator,
1099 2565 1165 2642 quid
1183 2565 1235 2637 sit,
1258 2561 1294 2620 de

296 2663 356 2726 quo
371 2654 542 2724 quaeratur,
563 2647 649 2725 plane
664 2647 777 2706 melius.
814 2647 884 2708 Nam
901 2658 930 2708 et
945 2649 1072 2725 litigator
1088 2649 1212 2708 rusticus
1228 2645 1294 2705 illit-

297 2740 468 2807 teratusque
488 2729 525 2789 de
542 2747 628 2790 causa
649 2749 698 2790 sua
714 2732 834 2806 melius,
858 2751 941 2810 quam
964 2741 1077 2807 orator,
1101 2733 1148 2810 qui
1171 2731 1293 2804 nesciet,

298 2815 367 2893 quid
384 2815 413 2873 in
428 2812 479 2872 lite
495 2815 547 2882 sit;
566 2815 618 2874 sed
634 2824 754 2892 accepta
770 2834 786 2875 a
801 2819 922 2891 musico,
939 2834 955 2876 a
970 2814 1063 2891 labro,
1080 2818 1153 2874 sicut
1169 2833 1185 2875 a
1201 2815 1293 2890 litiga·

298 2907 363 2958 tore
379 2896 482 2956 melius
498 2907 597 2958 orator
612 2915 695 2976 quam
711 2901 785 2977 ipse,
805 2902 852 2976 qui
868 2901 1008 2961 docuerit.
1035 2900 1142 2960 Verum
1158 2909 1186 2958 et
1201 2896 1334 2971 tabenti

299 3000 363 3041 cum
379 2981 416 3041 de
432 2979 558 3057 fabrica,
581 2991 610 3041 et
625 2984 766 3055 musicus,
791 3001 854 3042 oum
869 2983 905 3045 de
923 2985 1047 3060 musica,
1069 2985 1093 3042 si
1109 2982 1175 3060 quid
1191 2981 1293 3041 conlu-

298 3067 453 3125 mationem
469 3065 693 3142 desideraverit,
714 3067 800 3126 dicet.
830 3065 895 3128 Non
910 3068 1023 3146 quidem
1038 3068 1093 3126 erit
1108 3075 1222 3140 orator,
1241 3063 1293 3124 sed

297 3149 386 3209 faciet
402 3148 473 3208 illud
490 3152 572 3226 quasi
588 3159 703 3225 orator,
731 3152 806 3210 siout
821 3169 884 3209 oum
898 3152 1000 3211 vulnus
1020 3152 1167 3231 imperitus
1184 3149 1292 3226 deliga-

297 3232 355 3307 bit,
380 3249 437 3291 non
453 3234 508 3292 erit
522 3233 650 3294 medicus
660 3234 719 3300 sed
738 3235 826 3295 laciet
841 3243 871 3293 ut
891 3236 1030 3295 medicus.
1067 3233 1112 3293 An
1133 3233 1293 3293 huiusmodi
1302 3235 1334 3289 18

296 3335 348 3387 res
363 3334 458 3395 neque
474 3318 502 3374 in
521 3316 636 3378 laudern
650 3335 744 3394 neque
765 3320 794 3377 in
813 3316 1050 3378 deliberationem
1070 3336 1164 3394 neque
1180 3319 1208 3376 in
1222 3317 1292 3377 iudi·

298 3402 374 3460 cium
395 3397 532 3460 veniunt?
551 3400 631 3478 Ergo
655 3421 718 3462 cum
735 3401 771 3463 de
789 3402 923 3462 iaciendo
939 3411 1024 3480 portu
1040 3401 1166 3461 Ostiensi
1183 3401 1291 3461 delibe-

296 3492 390 3544 ratum
408 3493 469 3560 est,
489 3502 546 3544 non
563 3485 661 3546 debuit
678 3487 776 3546 dicere
794 3487 964 3545 sententiam
982 3482 1099 3546 orator?
1125 3488 1203 3564 atqui
1219 3503 1291 3564 opus

298 3578 362 3628 erat
377 3570 489 3628 ratione
510 3568 742 3630 architectorum.
779 3569 900 3630 livores
923 3578 952 3629 et
971 3578 1098 3629 tumores
1120 3573 1148 3629 in
1168 3575 1334 3647 corporet9

298 3652 449 3712 cruditatis
467 3669 502 3712 an
516 3654 620 3714 veneni
639 3656 720 3732 signa
731 3655 808 3729 sint,
831 3671 888 3712 non
903 3662 1006 3714 tractat
1021 3650 1139 3714 orator?
1161 3662 1189 3713 at
1205 3651 1292 3711 estid

298 3755 337 3796 ex
353 3738 465 3797 ratione
485 3737 654 3798 medicinae.
673 3735 776 3799 mnes
790 3756 939 3807 mensuras
962 3747 991 3799 et
1006 3753 1142 3800 numeros
1156 3752 1293 3796 nonacr-
