3184 4409
280 410 294 446 ι
339 481 398 542 140
640 493 1011 553 u.rsa.omnr1n1sr1

337 647 466 723 dedunt,
492 662 665 725 quanquam
684 648 817 726 perituri
838 650 914 723 rint,
941 648 1001 708 nisi
1016 647 1164 726 fecerint·
1194 658 1224 709 et
1239 651 1322 712 utilia

334 730 465 806 honestis
489 730 692 809 praeferimus,
718 738 747 789 ut
772 749 835 790 cum
858 731 1027 805 suademus,
1052 739 1085 792 ut
1105 733 1182 794 bello
1204 733 1320 798 Punico

295 815 418 874 arceret
438 821 603 874 armentur.
647 814 706 874 Sed
729 831 824 891 neque
847 813 894 873 bic
914 815 1000 892 plane
1024 815 1239 877 concedendum
1264 827 1321 896 est,

337 915 404 956 esse
427 896 455 956 id
473 895 797 973 inhonestum,'liberos
822 899 895 955 enim
919 907 1017 957 natura
1041 894 1140 957 omnes
1164 909 1193 959 et
1211 902 1321 962 eisdem

338 989 470 1039 constare
493 980 642 1039 elementis
667 990 696 1040 et
719 981 844 1039 fortasse
867 982 988 1058 antiquis
1007 983 1091 1040 etiam
1109 982 1253 1043 nobilibus
1272 1003 1320 1045 or·

337 1072 399 1137 tos,
420 1063 476 1123 dici
494 1073 606 1142 potest;
627 1073 656 1122 et
671 1063 743 1138 illic,
760 1062 809 1122 ubi
826 1064 1003 1123 manifestum
1017 1066 1175 1142 periculum
1191 1077 1246 1143 est,
1266 1086 1319 1147 op·

337 1147 468 1225 ponenda
490 1147 563 1222 alia,
583 1156 615 1206 ut
636 1147 780 1206 crudelius
805 1149 889 1206 etiam
913 1149 1056 1225 perituros
1081 1148 1271 1226 affirmemus,
1295 1155 1320 1210 si

338 1248 370 1289 se
388 1230 556 1305 dediderint,
575 1231 636 1289 sive
656 1230 747 1288 bostis
764 1246 822 1288 non
840 1232 998 1290 servaverit
1016 1231 1110 1306 fidem,
1128 1235 1191 1291 sive
1210 1232 1321 1294 Caesar

297 1315 454 1388 iivicerit,
473 1309 549 1391 quod
568 1331 634 1373 esse
650 1329 721 1372 vero
741 1313 869 1371 similius.
897 1313 977 1378 Haec
995 1324 1099 1389 autem,
1121 1333 1195 1394 quae
1213 1326 1321 1377 tanturn

269 1405 279 1432 t
338 1399 411 1456 inter
425 1415 457 1455 se
471 1406 612 1475 pugnant,
628 1396 795 1474 plerumque
811 1396 969 1455 nominibus
983 1397 1098 1456 dedecti
1114 1399 1216 1462 solent.
1246 1400 1321 1460 Nam

338 1490 367 1540 et
385 1480 492 1539 utilitas
516 1481 579 1558 ipsa
598 1489 776 1557 expugnatur
800 1479 835 1538 ab
854 1480 913 1554 his,
938 1481 985 1557 qui
1009 1482 1120 1557 dicunt,
1145 1499 1202 1541 non
1225 1485 1321 1544 solum

337 1565 450 1642 potiora
468 1581 534 1622 esse
552 1562 671 1623 honesta
689 1580 772 1641 quam
790 1563 869 1622 utilia
888 1563 941 1623 sed
957 1581 994 1623 ne
1012 1565 1089 1623 utilia
1109 1566 1222 1642 quidem
1240 1586 1320 1641 esse,

338 1664 412 1725 quae
429 1663 486 1705 non
504 1648 558 1705 sint
577 1646 711 1714 bonesta;
736 1655 765 1704 et
788 1655 904 1722 contra,
923 1646 1000 1724 quod
1018 1665 1071 1706 nos
1089 1647 1256 1725 honestum,
1278 1652 1321 1711 illi

336 1748 455 1805 vanum,
475 1728 676 1805 ambitiosum,
692 1729 841 1804 stolidum,
867 1729 962 1789 verbis
982 1749 1065 1808 quam
1087 1749 1119 1790 re
1141 1732 1321 1811 probabilius

296 1811 450 1873 ffivocant.
491 1811 553 1893 Nec
571 1823 676 1873 tantum
693 1812 837 1872 inutilibus
857 1823 1056 1891 comparantur
1072 1816 1151 1875 utilia
1174 1816 1225 1875 sed
1244 1818 1322 1876 inter

337 1916 370 1956 se
388 1913 502 1975 quoque
523 1898 600 1974 ipsa,
618 1907 656 1956 'ut
673 1898 697 1956 si
721 1914 758 1956 ex
780 1896 891 1956 duobus
915 1896 1071 1974 eligamus,
1096 1900 1124 1956 in
1141 1897 1232 1958 altero
1252 1900 1322 1977 quid

337 1983 374 2039 sit
396 1981 504 2056 magis,
528 1982 556 2038 in
581 1980 673 2040 altero
698 1980 764 2058 quid
788 1982 825 2039 sit
851 1982 951 2039 minus.
999 1978 1112 2040 Crescit
1134 1981 1190 2042 lroc
1213 1983 1319 2043 adbuc.

336 2064 408 2123 Nam
423 2065 532 2122 interim
548 2064 678 2143 triplices
693 2065 777 2124 etiarn
790 2065 938 2123 suasoriae
953 2064 1092 2123 incidunt:
1111 2074 1142 2124 ut
1157 2084 1221 2125 cum
1234 2065 1319 2127 Pom-

333 2151 422 2229 peios
437 2149 642 2224 deliberabat,
665 2148 793 2210 Poritos
809 2167 851 2209 an
866 2145 1005 2225 Africam
1025 2165 1067 2208 un
1081 2146 1245 2228 Aeqpptum
1261 2168 1320 2228 pe-

338 2241 420 2293 teret.
454 2231 498 2291 Ita
519 2249 576 2290 non
593 2240 714 2307 tantum,
733 2241 825 2291 utrum
842 2230 943 2290 melius
966 2231 1017 2290 sed
1036 2232 1103 2310 quid
1119 2233 1155 2291 sit
1172 2233 1318 2309 optimum,

295 2310 330 2365 34
339 2317 499 2393 quaeritur,
523 2317 646 2393 itemque
664 2325 772 2375 contra.
809 2314 871 2374 Nec
887 2333 1008 2391 unquam
1026 2315 1131 2374 incidet
1148 2317 1176 2373 in
1192 2315 1249 2376 boc
1267 2334 1318 2392 ge·

338 2417 406 2458 nere
423 2400 559 2458 materiae
575 2399 711 2458 dubitatio
729 2400 786 2474 rei,
808 2417 882 2482 quae
896 2398 1020 2474 undique
1035 2399 1189 2458 secundum
1203 2416 1257 2458 nos
1271 2401 1317 2457 sit.

337 2482 408 2541 Nam
432 2479 480 2539 ubi
505 2482 721 2540 contradictioni
747 2482 829 2540 locus
853 2498 909 2540 non
935 2491 997 2557 est,
1027 2500 1101 2559 quae
1125 2491 1222 2559 potest
1251 2499 1319 2541 esse

338 2583 424 2624 causa
439 2561 603 2623 dubitandi?
626 2564 668 2623 Ita
683 2566 745 2624 iere
757 2567 846 2623 omnis
862 2564 990 2624 suasoria
1005 2564 1072 2624 nihil
1088 2574 1132 2624 est
1148 2564 1222 2625 aliud
1235 2582 1318 2644 quarn

338 2649 528 2725 comparatio,
553 2647 777 2726 videndumque,
803 2648 869 2728 quid
894 2649 1075 2708 consecuturi
1101 2649 1187 2707 simus
1213 2658 1242 2708 et
1264 2666 1319 2726 per

338 2731 419 2808 quid;
440 2739 470 2789 ut
488 2733 629 2790 aestimari
646 2734 752 2809 possit,
772 2733 837 2810 plus
856 2733 883 2789 in
903 2749 938 2790 eo
958 2732 1033 2810 quod
1047 2732 1168 2809 petimus
1186 2733 1223 2792 sit
1240 2749 1318 2792 com·
1357 2792 1359 2795 .

294 2814 428 2889 35modi,
452 2832 486 2872 an
511 2831 580 2872 vero
606 2815 633 2872 in
659 2832 694 2873 eo
715 2834 768 2893 per
793 2815 868 2893 quod
891 2817 1012 2893 petimus
1036 2815 1216 2874 incommodi.
1264 2812 1319 2875 Est

336 2898 462 2957 utilitatis
483 2907 511 2956 et
530 2899 557 2955 in
574 2906 704 2976 tempore
721 2900 868 2977 quaestio,
888 2901 1009 2978 expedit
1024 2901 1153 2960 sednon
1167 2918 1267 2967 cunm·
1288 2908 1320 2958 et

335 2983 363 3038 in
379 2982 455 3056 loco,
472 3001 531 3042 non
546 2982 614 3048 bic;
630 2991 658 3040 et
673 2983 701 3040 in
716 3000 851 3060 persona,
866 3001 925 3043 non
938 2983 1035 3057 nobis,
1049 3001 1110 3043 non
1124 2990 1229 3044 contra
1243 2982 1320 3052 bos,-

336 3074 364 3124 et
381 3066 408 3124 in
426 3083 535 3141 genere
552 3066 670 3141 agendi,
695 3086 753 3126 noo
767 3069 832 3138 oic,·
857 3075 885 3126 et
902 3067 930 3123 in
946 3066 1046 3140 modo,
1066 3085 1125 3127 non
1137 3068 1169 3126 in
1190 3073 1318 3126 tantum.

418 3149 475 3208 Sed
495 3166 692 3227 personam
711 3152 826 3228 saepius
841 3149 954 3208 decoris
969 3149 1061 3226 gratia
1077 3150 1224 3223 intuemur,
1241 3166 1318 3226 quae

293 3240 364 3294 δῦθι
381 3234 408 3290 ἰη
424 3232 505 3290 nobis
522 3242 550 3290 et
567 3233 595 3290 in
611 3232 670 3307 bis,
694 3234 740 3310 qui
756 3232 931 3307 deliberant,
954 3233 1110 3311 spectanda
1126 3241 1178 3292 est.
1198 3231 1319 3309 ¹ltaque

336 3318 462 3392 quamvis
484 3315 615 3393 exempla
639 3316 788 3393 plurimum
808 3317 836 3375 in
857 3315 984 3376 consiliis
1005 3317 1132 3394 possint,
1154 3317 1219 3394 quia
1234 3315 1317 3375 facil·

335 3399 401 3457 lime
418 3399 452 3457 ad
468 3398 699 3458 consentiendum
720 3399 848 3459 homines
869 3400 1007 3459 ducuntur
1027 3400 1246 3476 experimentis:
1270 3417 1318 3458 re·

335 3483 391 3541 lert
406 3491 509 3555 tamen,
527 3500 645 3559 quorum
660 3485 815 3542 auctoritas
831 3492 860 3542 et
876 3482 976 3561 quibus
992 3482 1168 3542 adhibeatur.
1201 3480 1320 3542 Diversi

292 3573 327 3627 37
336 3574 399 3624 sunt
415 3566 488 3623 enim
504 3564 719 3625 deliberantium
737 3567 835 3641 animi,
855 3565 963 3645 duplex
982 3565 1123 3625 condicio.
1161 3564 1233 3626 Nam
1249 3582 1318 3625 con·

336 3649 440 3708 sultant
466 3656 512 3707 aut
533 3648 630 3725 plures
652 3658 699 3708 aut
721 3648 839 3726 singulm
868 3649 921 3709 sed
944 3649 972 3708 in
996 3650 1124 3726 utrisque
1145 3649 1317 3725 differentia,

336 3735 400 3808 quia
417 3742 444 3792 et
458 3733 487 3815 in
501 3731 629 3811 pluribus
644 3733 760 3792 multum
775 3735 908 3808 interest,
929 3740 1053 3793 cenatus
1068 3734 1108 3794 sit
1121 3751 1163 3793 on
1173 3733 1318 3812 populos,
