3184 4409
561 479 662 528 ruer.
676 479 1003 546 oneron.n1n.v1,1.
1224 468 1285 530 247

246 661 262 698 ,ι
299 634 422 718 plicabili
436 633 513 694 serie
528 642 716 709 connectunt,
733 643 762 694 ct
775 634 930 694 indubitata
952 635 1091 712 colligunt
1113 647 1142 697 ct
1162 636 1285 714 probant

246 735 257 797 t
300 721 429 782 confessa
444 727 521 778 etse
535 719 656 795 antiquis
672 735 726 795 per
741 718 797 777 hoc
813 719 920 778 similes
937 729 1057 794 vocant,
1079 721 1181 781 deinde
1197 724 1284 780 inter·

246 830 256 867 ι
299 796 388 883 rogati
420 820 562 880 nunquam
586 802 818 880 respondebunt,
844 820 928 880 quem
961 805 1113 863 imitentur.
1163 806 1221 865 Sed
1248 806 1284 864 dc

246 912 256 951 r
300 886 466 967 figurisalio
483 887 559 946 loco.

376 969 459 1030 Nunc
477 970 547 1029 illud
567 968 771 1044 adiiciendum,
792 987 828 1027 nc
850 969 884 1027 iis
907 969 1021 1047 quidem
1042 973 1205 1031 consentire
1226 981 1327 1048 me,33

246 1091 252 1101 -
299 1057 342 1134 qui
356 1071 474 1132 semper
491 1062 656 1130 argumenta
674 1069 808 1111 sermone
823 1070 895 1129 puro
913 1062 943 1111 et
963 1054 1087 1113 dilucido
1107 1064 1136 1113 ct
1149 1056 1283 1115 distincto

246 1165 248 1181 ³
298 1148 422 1199 ceterum
432 1139 545 1197 minime
557 1138 615 1197 lato
632 1146 790 1213 ornatoque
802 1145 900 1214 putant
912 1147 979 1196 esse
991 1138 1119 1197 dicenda.
1154 1138 1284 1217 Namque

298 1241 329 1283 ea
348 1223 483 1284 distincta
507 1221 621 1299 quidem
642 1237 676 1279 ac
693 1221 848 1298 perspicua
869 1219 976 1279 debere
997 1239 1064 1280 esse
1082 1223 1239 1296 confiteor,
1256 1225 1285 1280 in

296 1305 379 1366 rebus
390 1321 462 1364 vero
479 1304 634 1363 minoribus
651 1305 735 1362 ctiam
752 1320 886 1367 sermone
901 1321 935 1363 ac
950 1304 1047 1363 verbis
1065 1324 1149 1385 quam
1163 1308 1284 1365 maxime

246 1429 249 1439 =
297 1390 419 1468 propriis
434 1397 465 1447 et
480 1407 518 1447 ex
533 1406 599 1455 usu;
617 1395 645 1447 at
660 1389 684 1445 si
699 1389 790 1446 maior
805 1389 860 1446 erit
874 1391 1001 1462 materia,
1020 1390 1126 1449 nullum
1141 1389 1185 1448 his
1203 1397 1327 1452 orna-34

246 1484 252 1521 '-
296 1481 367 1549 turn,
383 1474 431 1551 qui
446 1472 531 1531 modo
548 1488 604 1530 non
625 1470 778 1546 obscuret,
803 1470 1023 1531 subtrahendum
1044 1483 1123 1550 puto.
1167 1473 1239 1535 Nam
1256 1482 1286 1532 ct

246 1586 252 1621 2
296 1574 384 1635 saepe
398 1556 548 1634 plurimum
564 1555 637 1614 lucis
653 1554 735 1613 affert
752 1556 816 1631 ipsa
831 1557 996 1630 translatio,
1013 1574 1076 1616 cum
1097 1559 1181 1616 etiam
1203 1559 1284 1616 iuris·

246 1671 251 1706 t
297 1640 432 1715 consulti,
450 1656 570 1716 quorum
585 1656 707 1701 summus
724 1640 801 1697 circa
817 1638 971 1698 verborum
982 1642 1188 1717 proprietatem
1202 1641 1285 1700 labor

246 1753 250 1769 ι
296 1732 349 1798 cst,
363 1725 435 1785 titus
451 1740 517 1781 esse
536 1723 657 1782 audeant
677 1722 792 1795 dicere,
817 1739 872 1800 qua
894 1722 996 1782 fluctus
1021 1724 1127 1784 eludit.
1162 1723 1326 1802 Quoquess

246 1808 268 1873 f
297 1807 424 1885 quidest
450 1815 550 1865 natura
576 1807 667 1882 magis
688 1822 838 1884 asperum,
866 1806 922 1865 hoc
945 1806 1073 1884 pluribus
1097 1807 1285 1868 condiendum

246 1921 247 1935 ι
297 1898 339 1948 est
352 1889 563 1968 voluptatibus;
585 1899 614 1949 et
633 1891 722 1948 minus
739 1899 876 1967 suspecta
894 1893 1100 1966 argumentatio
1124 1892 1284 1951 dissimula·

296 1975 385 2052 tione,
413 1983 444 2034 et
458 1975 573 2034 multum
589 1974 623 2034 ad
641 1973 725 2033 iidem
745 1973 859 2032 adiuvat
879 1973 1018 2033 audientis
1034 1975 1178 2053 voluptas.
1222 1974 1284 2035 Nisi

297 2059 368 2119 forte
383 2060 577 2118 existimamus
595 2055 764 2118 Ciceronem
780 2057 854 2115 haec
867 2057 930 2134 ipsa
948 2058 1022 2117 mala
1038 2060 1283 2134 argumentatione

298 2143 418 2218 dixisse,
433 2144 525 2207 silere
540 2143 621 2219 lepos
634 2143 714 2202 inter
728 2159 832 2215 arma,
856 2148 884 2199 et
900 2141 1038 2218 plautium
1056 2143 1142 2204 nobis
1165 2143 1285 2202 iuterim

298 2226 422 2305 stipsis
434 2227 553 2304 pom'pi
570 2225 694 2303 leuibus.
737 2223 790 2282 Hic
811 2231 904 2282 tamen
922 2224 1069 2285 habendus
1090 2226 1153 2285 istis
1170 2225 1282 2300 modus,
1355 2223 1359 2244 ⁴

298 2317 325 2368 ut
338 2312 397 2371 siut
411 2318 579 2370 ornamento
597 2325 654 2368 non
669 2307 879 2386 impedimento.

642 2582 828 2695 sunus
856 2631 915 2695 vr.

298 2756 368 2809 Libro
394 2759 468 2813 seito
494 2760 558 2811 hoec
580 2763 747 2812 continentur:
771 2762 943 2821 Prooemium,
967 2761 993 2808 in
1016 2775 1065 2822 quo
1088 2763 1233 2824 conquestio
1252 2763 1285 2813 de

325 2827 429 2878 senuna
453 2843 508 2882 sua.
550 2829 586 2880 De
613 2835 779 2895 peroratione.
826 2831 875 2893 De¹
897 2828 1037 2878 affectibus.
1082 2829 1120 2879 De
1143 2832 1204 2881 risu.
1246 2832 1284 2881 De

325 2896 498 2952 altercatione.
533 2898 571 2948 De
588 2901 682 2951 iudicio
700 2908 724 2950 et
742 2899 857 2952 consilio.

643 3071 645 3074 >
693 3037 890 3091 PROOEMIUM.

246 3180 248 3193 .
391 3102 497 3209 flacc,
513 3131 695 3192 Marcelle
712 3133 875 3208 Victori,
893 3151 930 3192 cx
944 3141 992 3191 tua
1004 3132 1151 3191 voluntate
1162 3132 1284 3192 maxime

295 3217 460 3296 ingressus,
480 3225 538 3276 tum
555 3217 651 3295 siqua
667 3216 801 3275 exnobis
823 3216 858 3275 ad
881 3217 999 3275 iuvenes
1016 3214 1108 3273 bonos
1129 3217 1284 3292 pervenire

293 3310 395 3380 posset
417 3301 539 3376 utilitas,
562 3301 718 3360 novissime
739 3318 832 3377 paene
859 3301 943 3359 etiam
964 3299 1138 3375 necessitate
1164 3298 1285 3376 quadam

293 3386 382 3447 officii
398 3385 526 3462 delegati
541 3384 607 3443 mihi
621 3384 723 3444 sedulo
735 3383 915 3452 laborabam;
928 3384 1088 3460 respiciens
1101 3390 1195 3441 tamen
1208 3382 1285 3442 iliam

293 3487 391 3529 curam
406 3487 489 3528 meae
504 3467 675 3544 voluptatis,
700 3467 777 3545 quod
799 3467 874 3543 filio,
897 3467 977 3526 cuius
999 3468 1125 3525 eminens
1142 3467 1307 3542 ingenium,

292 3553 448 3613 sollicitum
464 3568 580 3631 quoque
594 3552 722 3628 parentis
738 3550 912 3626 diligentiam
927 3549 1106 3625 merehatur,
1121 3550 1195 3608 hanc
1211 3551 1283 3628 opti·

291 3653 367 3696 mam
381 3645 494 3714 partem
509 3635 661 3694 relicturus
676 3633 845 3693 hereditatis
861 3634 996 3708 videbar,
1013 3643 1059 3708 ut,
1075 3635 1100 3692 si
1120 3652 1183 3706 me,
1207 3630 1285 3710 quod

293 3737 417 3800 aequum
432 3728 461 3780 et
478 3717 606 3798 optabile
621 3717 692 3796 fuit,
708 3718 766 3778 fata
781 3718 1018 3797 intercepissent,
1034 3725 1228 3796 praeceptore
1242 3723 1283 3776 to·
