3184 4409
337 434 397 498 228
641 448 677 494 rr.
699 447 777 496 ssu.
801 447 1021 507 oumumrsm

282 613 327 668 127
336 620 387 662 suo
401 600 600 680 antisophiste,
616 609 687 680 quot
699 602 781 662 utilio
793 620 941 680 passuum
956 603 1192 666 declamasset?
1214 607 1336 686 Praecipi

336 696 365 747 et
382 686 450 746 illud
466 688 543 762 scio,
568 704 604 745 ue
621 684 800 744 ambulantes
816 694 977 746 avertamur
992 703 1008 745 a
1030 687 1202 766 iudicibus,
1226 693 1281 753 sed
1295 695 1336 752 sint

336 770 445 847 obliqui
461 770 553 848 pedes
568 768 604 829 ad
617 769 765 828 consilium
780 768 865 828 uobis
879 769 1114 848 respicientibus.
1143 772 1183 834 ld
1197 775 1266 835 lieri
1280 777 1337 836 iudi

337 856 389 914 ciis
406 854 523 932 privatis
539 869 596 911 non
611 861 717 931 potest.
750 852 860 912 Verum
875 863 904 912 et
918 853 1053 913 breviora
1069 863 1137 915 sunt
1153 860 1278 936 spatia,
1293 877 1336 919 nec

337 938 432 997 aversi
447 938 493 996 diu
505 955 608 995 sumus.
635 935 750 996 interim
764 945 858 996 tamen
871 937 1015 997 recedere
1029 940 1138 997 sensim
1155 940 1260 1002 datur.
1283 943 1336 1018 Qu

279 1023 400 1086 liddam
418 1031 447 1080 et
461 1021 607 1096 resiliunt,
626 1020 702 1098 quod
718 1030 762 1079 est
778 1020 864 1098 plaue
879 1021 1038 1081 ridiculum.
1069 1021 1162 1084 Pedis
1189 1027 1337 1106 supplosio

336 1116 365 1165 ut
383 1106 449 1164 loco
466 1114 510 1164 est
526 1114 704 1182 opportuna,
729 1114 757 1162 ut
781 1105 821 1164 ait
836 1101 959 1180 Cicero,
981 1107 1011 1165 in
1035 1109 1287 1170 contentionibus
1303 1118 1339 1171 art

336 1190 505 1266 incipiendis
521 1198 568 1248 aut
584 1188 729 1247 finiendis:
759 1189 797 1248 ita
818 1187 921 1249 crebra
945 1198 974 1248 et
994 1191 1084 1268 inepti
1107 1199 1157 1250 est
1173 1191 1339 1255 bominiset

336 1275 439 1333 desinit
454 1274 576 1333 iudicem
588 1273 615 1330 in
631 1289 663 1330 se
681 1281 864 1331 conuertere.
888 1270 941 1332 Est
956 1281 987 1332 et
1000 1273 1050 1334 illa
1064 1274 1218 1337 indecora
1235 1279 1265 1337 in
1279 1279 1339 1340 der·

335 1367 407 1416 trum
423 1374 458 1416 ac
474 1355 587 1416 laevum
605 1357 678 1415 latus
692 1355 839 1416 vacillatio
859 1356 977 1416 alternis
992 1356 1117 1435 pedibus
1133 1359 1339 1422 insistentium.

335 1440 513 1517 Longissime
538 1438 674 1516 fugienda
701 1439 797 1499 mollis
822 1440 912 1517 actio,
940 1441 1053 1518 qualem
1078 1441 1108 1500 in
1133 1440 1219 1503 Titio
1237 1443 1340 1507 Cicero

335 1525 403 1584 dicit
418 1525 525 1600 luisse,
550 1524 624 1582 uude
642 1525 726 1583 etiam
742 1523 899 1584 saltationis
917 1524 1058 1601 quoddam
1072 1543 1173 1601 genus
1193 1527 1297 1592 Titius
1310 1531 1341 1588 sit

278 1608 519 1685 libappellatum.
552 1606 805 1685 Reprehendenda
829 1617 858 1668 et
874 1607 924 1667 illa
940 1607 1077 1688 frequens
1096 1617 1127 1669 et
1143 1614 1340 1675 eoncitataiu

335 1701 480 1768 utramque
499 1699 609 1770 partem
626 1693 743 1768 notatio,
760 1709 843 1769 quarn
857 1692 886 1751 iu
902 1689 1027 1752 Curione
1043 1701 1125 1770 patre
1140 1695 1240 1756 irrisit
1256 1708 1288 1758 et
1301 1697 1339 1758 lu·

334 1775 405 1850 lius,
429 1793 587 1853 quaerens,
606 1777 675 1853 quis
695 1776 728 1837 in
742 1778 831 1838 lintre
845 1776 1033 1854 loqueretur,
1057 1786 1087 1835 et
1104 1777 1254 1850 Sicinius;
1279 1800 1339 1842 nam

334 1877 407 1934 cum,
424 1859 569 1920 assidente
587 1859 712 1936 collega,
730 1861 779 1938 qui
794 1869 858 1920 erat
869 1869 991 1938 propter
1004 1859 1206 1922 valetudinem
1223 1872 1255 1924 et
1271 1865 1337 1925 deli·

333 1951 416 2019 gatus
433 1951 462 2002 et
476 1943 603 2021 plurimis
618 1945 833 2004 medicamentis
846 1943 1000 2018 delibutus,
1016 1944 1132 2004 multum
1143 1963 1182 2005 se
1199 1945 1293 2008 Curio
1304 1966 1337 2008 er

333 2043 413 2085 more
429 2027 577 2103 iactasset,
592 2026 766 2104 Nunquam,
783 2028 884 2105 inquit,
902 2025 1025 2104 Octaui,
1043 2029 1182 2105 collepae
1198 2040 1254 2094 tuo
1263 2051 1335 2112 pro·

333 2112 405 2170 tium
421 2112 554 2190 referes,
576 2113 630 2189 pul
642 2113 703 2172 nisi
715 2113 838 2190 suisset,
859 2112 949 2172 bodie
963 2120 992 2172 te
1005 2114 1073 2173 istic
1085 2130 1222 2176 muscae
1238 2135 1332 2178 corne·

277 2210 327 2263 130
335 2193 457 2256 cissent.
488 2195 630 2255 Iactantur
653 2206 682 2255 et
702 2194 826 2262 humeri;
849 2195 926 2273 quod
941 2195 1039 2255 vitium
1053 2195 1278 2261 Demosthenes
1299 2201 1331 2259 its

334 2279 436 2338 dicitur
452 2280 638 2354 emendasse,
655 2289 700 2354 ut,
718 2298 781 2339 cum
798 2281 826 2337 in
842 2288 964 2356 augusto
981 2281 1103 2358 quodam
1121 2281 1240 2361 pulpito
1259 2294 1330 2344 stans

334 2363 462 2438 diceret,
485 2364 565 2423 hasta
586 2363 705 2423 humero
727 2364 898 2442 dependens
919 2364 1094 2442 immineret,
1118 2373 1166 2440 ut,
1192 2368 1219 2425 si
1235 2369 1327 2429 calore

334 2447 446 2505 dicendi
462 2448 553 2506 vitare
569 2448 597 2507 id
615 2447 788 2522 excidisset,
811 2447 1002 2507 offensatioue
1019 2448 1067 2508 illa
1083 2461 1326 2511 commoneretur.

333 2529 532 2590 Ambulantem
548 2531 627 2609 loqui
641 2532 679 2591 ita
702 2533 815 2591 demum
831 2540 964 2609 oportet,
988 2533 1013 2591 si
1034 2533 1063 2591 iu
1080 2535 1177 2592 causis
1195 2535 1325 2609 publicis,

333 2614 360 2670 in
385 2613 486 2691 quibus
509 2614 673 2675 multisunt
698 2613 824 2690 iudices,
850 2616 927 2692 quod
950 2615 1085 2692 dicimus,
1108 2620 1194 2693 quasi
1211 2619 1326 2695 singulis

275 2697 476 2766 131inouloare
504 2698 691 2776 peculiariter
716 2699 846 2758 velimus.
885 2699 960 2760 Illud
984 2717 1056 2759 vero
1081 2717 1139 2758 uon
1165 2701 1324 2773 ferendum,

333 2781 555 2859 quodquidam,
578 2784 689 2842 reiecta
707 2783 735 2841 in
752 2782 899 2842 humerum
922 2791 1007 2860 toga,
1030 2802 1093 2842 cunr
1116 2784 1223 2846 dextra
1239 2788 1325 2846 sinum

333 2884 422 2942 usque
442 2865 477 2924 ad
494 2865 605 2924 lumbos
621 2867 811 2942 reduxeruut,
835 2868 949 2927 sinistra
966 2876 1079 2944 gestum
1099 2868 1246 2930 facientes
1264 2887 1324 2948 spa·

331 2951 435 3008 tiantur
451 2958 479 3007 et
495 2948 671 3024 fabulantur,
696 2969 759 3009 cum
780 2951 865 3010 etiam
885 2950 998 3011 laevam
1018 2954 1199 3029 restringere
1216 2954 1326 3031 prolata

331 3033 443 3110 longius
455 3034 556 3092 dextra
571 3035 607 3092 sit
623 3035 761 3093 odiosum.
788 3033 894 3094 bloneo
910 3052 1037 3114 quoque,
1054 3035 1150 3112 (utne
1165 3037 1196 3097 id
1213 3037 1326 3116 quiden

331 3121 489 3196 transeam)
506 3119 682 3195 ineptissime
699 3118 772 3193 lieri,
789 3137 853 3178 curn
870 3121 944 3178 inter
958 3137 1053 3179 moras
1069 3119 1267 3180 laudationum
1283 3127 1327 3181 aut

331 3202 470 3261 inaurem
489 3203 606 3261 alicuius
629 3202 781 3279 loquuntur
801 3212 849 3262 aut
870 3221 933 3262 cum
958 3203 1105 3263 sodalibus
1129 3205 1266 3265 iocantur
1281 3210 1326 3264 aut

330 3304 528 3364 nonnunquam
551 3287 585 3346 ad
609 3286 742 3345 librarios
769 3303 838 3345 suos
861 3288 899 3346 ita
921 3287 1096 3365 respiciunt,
1120 3297 1151 3346 ut
1166 3290 1324 3367 sportulam

274 3370 439 3435 132dictare
455 3371 613 3429 videantur.
649 3369 782 3430 inclinari
799 3371 835 3430 ad
850 3371 988 3446 iudicem,
1007 3389 1071 3430 oum
1089 3372 1212 3448 doceas,
1228 3375 1324 3451 utique

331 3453 354 3511 si
370 3453 408 3528 id,
427 3453 462 3512 de
480 3472 536 3531 quo
551 3454 688 3531 loquaris,
707 3456 741 3514 sit
759 3454 920 3529 obscurius,
933 3455 1014 3514 licet.
1045 3454 1219 3516 Incumberc
1238 3457 1323 3518 advo·

331 3546 395 3595 cato
421 3536 550 3596 adversis
572 3537 719 3597 subselliis
741 3538 869 3613 sedenti,
896 3539 1142 3599 contumeliosum.
1175 3539 1323 3601 Reclinari

331 3620 465 3680 etiamad
487 3637 554 3679 suos
574 3631 601 3680 et
621 3623 750 3681 manibus
768 3616 920 3696 sustineri,
944 3623 998 3681 nisi
1022 3623 1107 3701 plane
1129 3624 1205 3684 iusta
1222 3626 1322 3702 fatiga·

330 3707 423 3782 tione,
450 3713 493 3764 est
517 3703 684 3773 delicatum
712 3708 785 3766 sicut
806 3706 899 3784 palam
919 3708 1046 3784 moneri,
1073 3708 1253 3787 excidentis,
1278 3716 1323 3769 aut
