3184 4409
584 404 673 453 insu.
686 403 836 452 ORATOR.
848 402 916 451 LIB.
929 349 988 470 tl11,
1003 402 1028 454 l.
1289 395 1310 454 7

304 561 428 642 publica
443 561 539 622 fuerit.
582 556 788 619 Necessitate?
812 559 906 618 subita
919 558 1006 635 igitur
1020 577 1131 636 pugna,
1153 577 1210 621 non
1225 579 1309 640 prae·

303 655 425 724 parata;
448 645 522 706 alter
542 645 629 721 igitur
650 643 797 702 insidiatus
821 652 876 702 est.
913 640 1005 702 Uter?
1024 641 1161 703 Profecto
1179 644 1308 706 Clodius.

303 729 457 805 Videsne,
478 738 509 789 ut
525 730 589 806 ipsa
609 745 704 787 rerum
721 729 883 786 necessitas
898 725 1023 785 deducat
1038 726 1074 785 ad
1089 729 1310 790 defensionem?

304 813 432 873 Adhuc:
453 813 512 872 Aut
526 813 624 889 utique
640 810 730 870 voluit
746 811 883 871 occidere
900 811 1095 870 insidiatorem
1112 810 1242 873 Clodium
1263 825 1310 875 aut
1317 825 1352 880 36

305 914 379 956 non.
424 896 539 972 Tutius,
552 886 584 955 ¹si
598 895 699 955 noluit.
743 893 888 954 Fecerunt
904 912 975 970 ergo
991 897 1068 954 servi
1083 893 1198 955 Milonis
1214 917 1310 977 neque

306 980 430 1043 iubente
446 999 541 1058 neque
559 981 670 1038 sciente
686 977 804 1038 Milone.
848 978 887 1037 At
902 979 976 1037 baec
991 987 1047 1038 tam
1064 980 1160 1040 timida
1176 981 1309 1042 defensio

307 1064 435 1126 detrabit
463 1066 661 1125 auctoritatem
687 1061 745 1139 illi,
778 1081 835 1141 qua
862 1072 945 1122 recte
975 1062 1140 1122 dicebamus
1169 1067 1307 1126 occisum.

306 1147 485 1208 Adiicietur:
507 1147 596 1222 Quod
609 1167 681 1210 suos
696 1150 824 1225 quisque
839 1166 945 1209 servos
964 1149 997 1208 in
1015 1149 1070 1209 tali
1088 1167 1123 1208 re
1134 1149 1243 1226 facere
1256 1169 1309 1213 ao*-
1317 1160 1351 1216 37

285 1223 290 1232 ’
307 1233 424 1294 luisset.
467 1232 536 1296 Hoc
551 1249 586 1292 eo
605 1241 650 1292 est
664 1232 778 1307 utilius,
801 1231 878 1309 qnod
894 1249 983 1310 saepe
1001 1231 1070 1290 nihil
1088 1232 1186 1310 placet
1205 1243 1234 1293 et
1257 1235 1308 1295 ali·

308 1315 380 1395 quid
401 1316 551 1378 dicendum
578 1325 635 1381 est.
675 1315 839 1375 iutueamur
862 1333 934 1392 ergo
961 1317 1070 1375 omnia:
1099 1317 1137 1375 ita
1158 1319 1309 1396 apparebit

307 1409 359 1459 aut
374 1400 419 1475 id,
437 1402 512 1479 quod
529 1403 665 1480 optimum
681 1409 741 1476 est,
758 1410 806 1459 aut
819 1401 864 1475 id,
879 1398 956 1478 quod
971 1401 1083 1458 minime
1098 1401 1210 1462 rnalum.
1239 1402 1307 1462 Pro·

306 1485 455 1562 positione
479 1485 631 1563 aliquando
653 1484 811 1544 adversarii
825 1485 960 1544 utendum
976 1494 1005 1543 et
1026 1503 1093 1544 esse
1108 1502 1308 1566 nonnunquam

307 1585 489 1628 communem
507 1587 585 1645 eam,
603 1586 655 1628 suo
674 1568 741 1628 loco
757 1569 863 1628 dictum
879 1577 933 1627 est.

394 1651 491 1712 blultis
507 1653 619 1712 milibus
633 1670 769 1712 versuum
784 1655 847 1712 scio
863 1653 937 1730 apud
956 1652 1096 1731 quosdam
1111 1671 1179 1712 esse
1194 1659 1308 1732 quaesi·

307 1745 390 1811 turn,
407 1737 552 1814 quomodo
566 1738 772 1812 inveniremus,
795 1745 858 1796 utra
874 1740 941 1814 pars
959 1737 1081 1796 deberet
1098 1739 1178 1814 prior
1193 1739 1307 1806 dicere;

307 1820 390 1899 quod
404 1821 433 1879 in
454 1820 518 1880 foro
533 1821 583 1881 vel
600 1822 752 1880 atrocitate
772 1820 959 1880 formularum
973 1821 1022 1880 vel
1038 1821 1123 1880 modo
1139 1824 1309 1901 petitionum

306 1903 358 1963 rel
373 1904 529 1964 novissime
544 1915 624 1964 sorte
640 1905 817 1964 diiudicatur.
862 1903 894 1963 ln
910 1903 1012 1964 schola
1028 1908 1127 1982 quaeri
1151 1906 1219 1965 nihil
1246 1910 1351 1968 atti-38

307 1997 377 2062 net,
410 2007 474 2047 oum
501 1990 529 2047 in
558 1988 813 2049 declamationibus
837 1988 939 2049 iisdem
965 2006 1082 2048 narrare
1110 2000 1140 2048 et
1165 1991 1308 2050 contradi·

307 2072 423 2132 ctiones
444 2072 561 2132 solvere
582 2082 638 2133 tam
662 2070 697 2132 ab
719 2082 819 2134 actore
843 2089 960 2149 quama
986 2089 1161 2149 possessore
1185 2092 1307 2134 conces·

305 2175 370 2215 sum
392 2157 437 2215 sit.
466 2157 541 2217 'Sed
564 2159 592 2215 in
613 2156 741 2236 plurimis
766 2158 973 2215 controversiis
993 2174 1030 2214 ue
1052 2158 1172 2215 inveniri
1193 2159 1308 2236 quidem

305 2248 421 2318 potest:
441 2248 471 2298 ut
486 2242 515 2299 in
530 2241 597 2316 illa,
615 2239 674 2314 Qui
688 2249 751 2301 tres
764 2241 876 2301 liberos
890 2241 1037 2316 babebat,
1056 2249 1226 2318 oratorem,
1239 2244 1308 2320 pbi-

304 2324 477 2402 losopdum,
500 2326 668 2400 medicum,
699 2333 875 2385 testamento
899 2322 1047 2402 quattuor
1062 2333 1169 2403 portes
1184 2328 1258 2405 [ecit
1279 2335 1308 2388 et

304 2408 446 2486 stapulas
460 2410 587 2486 simpatia
607 2409 708 2483 dedit,
733 2428 827 2469 cnam
847 2410 913 2469 eius
933 2427 1001 2469 esse
1015 2411 1124 2482 coluit,
1151 2413 1204 2487 qai
1228 2419 1308 2473 esset

304 2493 486 2554 utilissimus
507 2495 632 2554 civitati.
653 2517 657 2527 ·
677 2490 874 2562 contendunt;
897 2494 961 2570 quis
977 2495 1084 2571 primus
1100 2493 1191 2571 dicat,
1213 2496 1348 2557 incer-39

305 2586 366 2635 tum
386 2584 440 2651 est,
457 2578 618 2655 propositio
636 2586 731 2636 tamen
747 2584 836 2636 certa.
881 2576 978 2636 Abeo
997 2581 1082 2653 enim,
1106 2580 1187 2637 cuius
1204 2596 1306 2656 perso·

305 2677 372 2718 nam
394 2659 550 2737 tuebimur,
573 2662 764 2740 incipiendum
788 2663 852 2726 erb.
896 2660 933 2720 Et
956 2661 1030 2721 haec
1047 2663 1162 2746 quidem
1183 2665 1219 2723 de
1236 2664 1306 2723 divi·

306 2743 402 2803 dendo
415 2746 443 2803 in
458 2746 620 2804 uuiversum
636 2746 766 2824 praecipi
782 2753 913 2822 possunt.

392 2827 430 2888 At
454 2831 597 2905 quomodo
622 2831 798 2889 inveniemus
820 2831 904 2888 etiam
927 2829 993 2889 illas
1015 2830 1193 2890 occultiores
1219 2841 1349 2908 quae-40

306 2909 440 2970 stiones?
459 2913 588 2988 scilicet,
606 2913 750 2991 quomodo
767 2916 939 2987 sententias,
960 2913 1065 2989 verba,
1084 2914 1207 2991 figuras,
1225 2914 1305 2973 colo·

304 3013 372 3055 res:
395 2998 529 3073 ingenio,
546 3015 631 3074 cura,
649 2998 868 3057 exercitatione.
911 2996 976 3056 Non
991 3008 1085 3063 tamen
1099 2998 1163 3057 fere
1183 3015 1306 3076 unquam

306 3081 362 3138 nisi
377 3081 584 3158 imprudentem
599 3082 742 3159 fugerint,
759 3082 801 3156 si,
819 3091 850 3141 ut
865 3082 939 3156 dixi,
957 3092 1085 3141 naturam
1105 3083 1188 3160 sequi
1204 3081 1304 3142 ducem

304 3163 387 3223 velit.
432 3165 491 3224 Sed
507 3166 640 3243 plerique
662 3164 856 3242 eloquentiae
868 3166 971 3225 famam
990 3166 1167 3225 affectantes
1179 3166 1306 3225 contenti
1314 3175 1347 3228 41

305 3256 372 3308 sunt
389 3248 462 3308 locis
479 3252 621 3327 speciosis
636 3249 721 3309 modo
734 3249 784 3308 vel
799 3250 868 3309 nihil
884 3249 1134 3328 adprobationem
1153 3249 1304 3309 conferen-

304 3332 392 3392 tibus.
437 3332 510 3410 Alii,
536 3333 605 3393 nibil
626 3334 700 3394 ultra
721 3350 771 3408 ea,
798 3352 872 3411 quae
894 3335 921 3392 in
943 3333 1044 3391 oculos
1064 3334 1227 3409 incurrunt,
1254 3353 1304 3394 ex·

305 3416 492 3495 quirendum,
517 3427 625 3496 putant.
676 3417 760 3510 Quod
780 3435 839 3496 quo
862 3417 975 3477 facilins
991 3427 1147 3495 appareat:
1169 3436 1253 3478 unam
1267 3419 1304 3478 de

305 3500 409 3561 schola
426 3503 669 3576 controversiam,
691 3519 748 3562 non
771 3503 810 3561 ita
826 3519 895 3560 sane
913 3501 1108 3562 difficillimam
1127 3511 1175 3564 aut
1190 3520 1303 3578 novam,

305 3602 467 3666 proponam
487 3587 515 3643 in
540 3586 712 3665 exemplum.
771 3585 831 3660 Qui
855 3605 909 3646 rso
932 3588 1115 3666 proditionis
1134 3588 1221 3666 patri
1245 3594 1347 3648 conda

305 3669 444 3753 offuerit,
467 3669 596 3732 entiores
609 3671 657 3732 sit.
697 3667 881 3732 Proditionis
894 3671 1057 3734 damnatus
1072 3691 1141 3733 cam
1155 3673 1306 3733 udoocuto

1107 3942 1116 3976 t
