3184 4409
549 466 638 515 mss.
652 468 800 517 ousron.
813 471 881 517 mc.
894 471 926 533 rr,
939 467 964 520 1.
1194 460 1252 520 149

255 626 311 683 erit
331 623 476 682 momenti.
508 619 579 680 Nam
597 630 678 681 certe
694 640 757 681 cunr
772 624 851 682 sitin
869 624 1033 701 eloquendo
1049 629 1172 703 positum
1187 645 1251 687 ora·

254 709 327 767 toris
344 706 480 779 cilicium,
497 705 595 764 dicere
611 715 676 766 ante
699 707 791 764 omnia
807 715 868 780 est,
885 717 971 783 atque
987 708 1052 767 hinc
1067 712 1172 769 initium
1190 713 1251 770 eius

253 793 324 851 artis
346 790 436 849 luisse
463 790 642 849 manifestum
663 798 722 857 est;
752 791 910 867 proximam
931 791 1033 851 deinde
1058 795 1250 869 imitationem,

252 875 437 933 novissimam
453 872 597 932 scribendi
613 890 729 952 quoque
753 873 937 949 diligentiam.
976 876 1034 935 Sed
1055 885 1086 934 ut
1109 880 1282 953 pervenitis

254 959 291 1017 ad
309 974 417 1016 summa
432 958 486 1014 nisi
503 975 540 1015 ex
555 959 703 1035 principiis
719 974 777 1015 non
793 966 906 1034 potest:
934 960 972 1018 ita
994 960 1172 1036 procedente
1197 964 1252 1020 iam

253 1060 346 1118 opere
367 1041 479 1100 minima
500 1041 636 1119 incipiunt
658 1059 724 1099 esse
744 1058 819 1120 quae
844 1042 932 1118 prima
960 1051 1033 1101 sunt.
1073 1043 1180 1102 Verum
1199 1055 1252 1103 nos

253 1143 323 1199 non,
341 1123 485 1203 quomodo
501 1124 688 1184 instituendus
705 1133 817 1199 orator,
834 1123 891 1184 hoc
911 1125 977 1184 loco
995 1127 1127 1194 dicimus;
1145 1145 1207 1186 nam
1224 1128 1252 1187 id

255 1210 371 1287 quidem
399 1216 446 1267 aut
468 1209 545 1266 satis
569 1216 615 1267 aut
646 1217 726 1266 certe
753 1208 793 1266 uti
815 1210 957 1285 potuimus
979 1210 1083 1270 dictum
1113 1220 1171 1278 est:
1199 1212 1252 1271 sed

252 1291 379 1366 athleta,
403 1293 450 1369 qui
473 1309 571 1351 omnes
587 1293 642 1351 iam
656 1291 841 1369 perdidicerit
862 1310 878 1351 a
899 1304 1090 1371 praeceptore
1106 1312 1251 1368 numeros,

253 1393 313 1454 quo
339 1393 448 1452 genere
476 1377 690 1435 exercitationis
721 1374 756 1434 ad
786 1379 941 1436 certamina
967 1379 1179 1456 praeparandus
1205 1381 1251 1438 sit.

252 1459 345 1534 Igitur
360 1477 434 1533 eum,
451 1461 499 1536 qui
516 1477 564 1518 res
576 1460 704 1518 invenire
719 1468 748 1517 et
763 1458 918 1537 disponere
930 1463 1013 1535 sciet,
1029 1461 1119 1521 verba
1136 1479 1252 1540 quoque

253 1552 284 1601 et
309 1542 434 1618 eligendi
463 1550 492 1601 et
513 1542 676 1602 collocandi
697 1544 838 1603 rationem
858 1546 1041 1622 perceperit,
1069 1547 1250 1620 instruamus,

253 1644 311 1703 qua
327 1627 439 1684 ratione
456 1626 533 1703 quod
549 1626 681 1686 didicerit
701 1627 800 1687 iacere
816 1630 1038 1706 quamoptime,
1066 1646 1149 1707 quam
1170 1629 1251 1690 iacil-

253 1711 321 1769 lime
337 1711 440 1786 possit.

283 1853 291 1873 Ι
337 1788 410 1852 Num
428 1810 499 1869 ergo
515 1792 629 1852 dubium
648 1802 707 1868 est,
730 1794 797 1871 quin
813 1797 840 1853 ei
854 1795 934 1854 velut
953 1812 1026 1873 opes
1042 1797 1097 1863 sint
1113 1797 1279 1873 quaedam5

253 1876 414 1954 parandae,
437 1876 539 1955 quibus
560 1878 616 1952 uti,
637 1876 801 1955 ubicunque
828 1879 1021 1939 desideratum
1048 1881 1116 1953 enit,
1138 1877 1251 1957 possit?

253 1959 315 2018 Eae
331 1968 462 2020 constant
484 1961 592 2037 copia
612 1978 730 2019 rerum
754 1979 795 2020 ac
812 1961 1013 2021 verborum.
1046 1962 1104 2022 Sed
1119 1980 1166 2022 res
1182 1980 1278 2041 pro-6

253 2045 334 2122 price
349 2053 414 2103 sunt
432 2045 571 2122 cuiusque
586 2062 709 2118 causae,
733 2053 780 2103 aut
797 2048 897 2122 paucis
913 2062 1094 2121 communes,
1117 2046 1206 2106 verba
1222 2049 1250 2106 in

253 2128 402 2187 universas
418 2127 558 2206 paranda;
583 2145 656 2205 quae
679 2129 703 2185 si
724 2130 751 2187 in
768 2128 856 2187 rebus
870 2129 990 2205 singulis
1007 2137 1105 2187 essent
1127 2130 1250 2205 singula,

252 2213 390 2270 minorem
413 2230 509 2271 curam
527 2211 718 2289 postularent,
737 2229 800 2270 nam
816 2222 918 2272 cuncta
934 2230 1001 2271 sese
1018 2231 1080 2271 curn
1095 2213 1166 2290 ipsis
1184 2230 1251 2290 pro·

253 2297 328 2354 tinus
345 2295 433 2354 rebus
449 2296 596 2354 offerrent.
630 2295 689 2355 Sed
705 2313 767 2354 cum
789 2297 845 2354 sint
860 2296 922 2355 aliis
939 2295 993 2354 alia
1012 2305 1059 2355 aut
1075 2297 1168 2372 magis
1184 2302 1251 2374 pro·

253 2381 315 2456 pria
332 2389 379 2438 aut
393 2380 483 2455 magis
500 2373 599 2439 ornata
615 2387 662 2438 aut
678 2380 742 2458 plus
759 2378 915 2438 efficientia
928 2388 975 2438 aut
987 2379 1087 2438 melius
1104 2379 1251 2439 sonantia}

254 2462 359 2521 debent
376 2481 442 2521 esse
460 2480 516 2522 non
532 2463 625 2522 solum
640 2472 707 2522 nota
719 2464 813 2522 omnia
830 2463 882 2522 sed
904 2465 932 2521 in
950 2472 1083 2540 promptu
1104 2473 1206 2542 atque,
1221 2472 1253 2523 ut

253 2547 292 2604 ita
312 2546 413 2619 dicam,
432 2549 644 2625 incompacta,
661 2555 706 2622 ut,
725 2565 789 2606 cunr
809 2565 841 2605 se
858 2547 961 2606 iudicio
981 2548 1101 2607 dicentis
1117 2546 1251 2607 ostende·

252 2632 324 2702 nint,
342 2629 437 2688 facilis
456 2648 492 2689 ex
507 2631 551 2689 his
570 2632 740 2709 optimorum
764 2631 801 2690 sit
822 2631 938 2690 electio.
980 2630 1017 2691 Et
1034 2649 1107 2709 quae
1122 2631 1197 2691 idem
1214 2633 1279 2702 sir

252 2713 422 2790 gnifiearent
440 2714 543 2773 solitos
567 2715 628 2773 scio
651 2715 800 2789 ediscere,
822 2732 879 2793 quo
898 2714 1010 2774 facilius
1034 2724 1063 2774 et
1084 2723 1252 2775 occurreret

252 2816 336 2856 unum
353 2815 390 2855 ex
408 2797 552 2875 pluribus,
571 2808 616 2873 et,
638 2815 701 2859 cunr
719 2807 817 2857 essent
831 2799 876 2857 usi
890 2799 1004 2877 aliquo,
1030 2801 1054 2858 si
1067 2798 1157 2858 breve
1178 2800 1251 2857 intra

253 2882 375 2958 spatium
390 2900 489 2940 rursus
506 2881 734 2956 desideraretur,
760 2881 941 2958 effugiendae
962 2882 1141 2961 repetitionis
1157 2882 1251 2957 gratia

253 2973 398 3023 sumerent
420 2964 514 3040 aliud,
538 2983 594 3044 quo
616 2967 690 3025 idem
714 2965 835 3041 intelligi
862 2974 972 3043 posset.
1017 2966 1101 3039 Quod
1124 2983 1186 3024 cum
1206 2971 1252 3023 est

253 3047 366 3124 puerile
390 3057 419 3107 et
440 3050 585 3109 cuiusdam
606 3049 729 3109 infelicis
751 3066 860 3126 operae
878 3050 1035 3109 tumeliam
1051 3048 1120 3107 utile
1136 3063 1250 3125 parunt}

252 3130 363 3189 turbam
378 3133 452 3191 enim
468 3142 574 3192 tantum
590 3141 766 3209 congregat,
784 3143 821 3192 ex
836 3151 892 3211 qna
908 3135 970 3192 sine
987 3133 1149 3192 discrimine
1164 3146 1250 3191 occu·

253 3223 304 3292 pet
320 3216 478 3291 proximum
494 3217 639 3294 qnodque.

336 3297 426 3358 Nobis
445 3309 538 3359 autem
555 3301 639 3377 copia
660 3318 723 3369 cum
739 3299 845 3359 indicio
860 3299 985 3377 paranda
1008 3308 1052 3357 est
1074 3301 1130 3358 rim
1152 3298 1280 3360 orandis
1333 3372 1336 3379 .

252 3399 309 3440 non
325 3383 535 3443 circulatoriam
549 3383 759 3444 volubilitatem
782 3383 988 3461 spectantibus.
1025 3382 1056 3441 ld
1072 3392 1165 3441 autem
1182 3399 1250 3442 con·

252 3466 1066 3544 sequemuroptimalegendoatqueaudiendo.
1096 3465 1161 3525 Non
1176 3468 1272 3526 enim.

252 3550 346 3609 solum
362 3551 475 3609 nomina
496 3552 559 3629 ipsa
581 3570 677 3610 rerum
693 3567 904 3627 cognoscemus
926 3549 1082 3625 haecum,
1108 3549 1160 3611 sed
1183 3549 1250 3628 quid

252 3650 370 3712 quoque
386 3633 452 3693 loeo
470 3635 506 3693 sit
523 3635 708 3711 aptissimum.
739 3632 876 3692 Omnibus
895 3633 1040 3693 enimfere
1052 3634 1149 3693 verbis
1166 3640 1277 3712 prae-9
1296 3663 1305 3671 ·

252 3727 297 3776 ter
316 3735 418 3794 pauca,
436 3734 509 3794 quae
528 3720 707 3795 sunt'parum
718 3717 897 3795 *verecunde
912 3718 942 3776 in
953 3720 1082 3777 oratione
1095 3717 1177 3777 locus
1193 3725 1246 3775 est.
