3184 4409
632 423 759 474 uuas.
773 423 993 484 panormam
1065 397 1069 405 ’

363 585 428 639 sunt
443 577 570 638 eiusdem
584 579 627 637 rei
642 579 725 656 plura
739 579 873 656 propria,
891 585 922 637 ut
935 578 1026 656 ipsius
1044 578 1118 656 iguis
1133 574 1245 654 iacere,
1262 595 1311 641 ca·

343 683 386 724 rc.
418 663 530 739 ltaque,
548 662 740 739 quodcunque
757 663 904 740 proprium
917 660 1020 738 deerit,
1037 663 1125 722 solvit
1138 662 1311 734 linitionem

351 749 497 824 natique,
515 747 705 824 quodcunque
722 747 794 821 erit,
818 746 974 806 confirmat.
1005 746 1182 824 Saepissime
1202 755 1311 824 autem,

334 832 381 890 uid
399 833 435 890 sit
451 832 598 908 proprium
610 831 761 907 cuiusque,
778 831 941 908 quaeritur:
960 838 1001 905 ut,
1018 832 1042 888 si
1055 848 1109 908 per
1120 827 1313 909 ἐτυμολογῶν

332 918 439 990 icatur,
467 913 694 992 Tyrannicidae
715 916 878 992 proprium
903 921 950 973 est
972 921 1135 992 tyrannum
1152 916 1310 990 occidere,

311 1016 467 1076 negemus;
486 1014 543 1056 nou
559 999 652 1073 enirn,
669 999 693 1055 si
709 997 841 1056 traditum
860 995 915 1055 sibi
931 1015 995 1057 eum
1011 997 1140 1058 carnifex
1156 996 1310 1073 occiderit,

313 1082 489 1158 tyrannicida
508 1082 628 1156 dicatur,
644 1099 700 1139 nec
720 1082 745 1139 si
769 1080 933 1159 imprudens
948 1081 996 1140 vel
1014 1082 1128 1140 invitus.
1160 1078 1246 1153 Quod
1260 1098 1310 1142 au·

312 1176 370 1226 tem
384 1167 532 1244 proprium
549 1182 606 1223 non
622 1167 687 1240 erit,
708 1164 895 1223 diiierens
913 1165 978 1238 erit,
994 1173 1025 1224 ut
1040 1164 1118 1225 aliud.
1131 1173 1176 1224 est
1193 1181 1312 1223 serrum

312 1269 379 1310 esse
407 1248 483 1309 aliud
505 1250 631 1315 servire;
658 1248 750 1326 qualis
776 1265 844 1306 esse
869 1248 898 1307 in
920 1248 1041 1308 addictis
1062 1249 1193 1326 quaestio
1214 1247 1310 1309 solet:

313 1332 374 1407 Qut
391 1351 500 1395 emaus
522 1341 581 1406 eet,
603 1334 890 1407 manumittatur,
904 1331 939 1409 tlt
958 1333 1133 1409 Humanas,
1149 1350 1211 1393 acu
1229 1334 1312 1393 iden

270 1428 303 1482 61
311 1419 476 1485 addictum·
499 1424 529 1474 et
546 1417 645 1494 plura,
666 1415 702 1474 de
724 1415 827 1492 quibus
842 1415 900 1475 alio
918 1415 996 1475 ioco.
1034 1414 1107 1476 Illud
1123 1432 1240 1494 quoque
1255 1413 1310 1475 dii·

312 1501 410 1560 ierens
424 1508 545 1574 vocant,
565 1518 646 1571 oum,
662 1517 773 1576 genere
789 1501 816 1558 in
832 1501 948 1578 species
966 1500 1097 1574 diducto,
1114 1502 1230 1578 species
1246 1501 1312 1578 ipsa

311 1585 494 1646 discernitur.
529 1580 652 1644 Animal
666 1601 768 1660 genus,
786 1581 916 1644 Mortale
933 1585 1061 1661 species,
1080 1582 1246 1644 Terrenum
1261 1582 1312 1643 vel

310 1668 406 1747 Bipes
421 1667 574 1736 differens;
597 1668 721 1727 nondum
743 1669 817 1725 enim
832 1668 979 1745 proprium
1001 1676 1046 1727 est
1066 1666 1119 1727 sed
1139 1668 1194 1727 iam
1214 1666 1314 1727 differt

313 1770 329 1812 a
354 1753 464 1811 marino
490 1751 539 1811 vel
566 1750 758 1829 quadripede;
786 1750 863 1828 prod
889 1768 947 1809 non
971 1760 1028 1812 tam
1053 1751 1089 1811 ad
1113 1759 1312 1828 argumentum

312 1836 438 1913 pertinet
469 1852 553 1912 quam
588 1836 623 1895 ad
653 1834 821 1911 diligentem
847 1835 980 1894 linitionis
1011 1834 1310 1915 comprehensionem.

270 1916 418 1985 auctura
444 1936 535 1995 genus
560 1928 589 1978 et
611 1920 757 1996 speciem,
780 1936 865 1996 quam
886 1917 1007 2000 eandem
1028 1918 1148 1979 formam
1167 1926 1272 1994 vocat,
1294 1935 1311 1978 ιι

312 2004 439 2064 linitione
455 2001 570 2062 deducit
590 2011 618 2062 et
634 2004 684 2078 iis,
708 2021 783 2081 quae
799 2003 834 2062 ad
851 2002 959 2080 aliquid
974 2011 1057 2076 sunt,
1079 2001 1209 2062 subiicit:
1227 2011 1270 2078 ut,
1286 2001 1312 2061 si

311 2088 355 2163 is,
372 2089 418 2147 cui
436 2096 584 2163 argentum
599 2103 682 2146 omne
704 2086 832 2162 legatum
848 2095 909 2160 est,
930 2094 1011 2164 petat
1026 2087 1166 2163 signatum
1181 2101 1311 2164 quoque,

312 2179 408 2230 utatur
429 2189 584 2247 genere;
609 2179 637 2230 at
659 2173 683 2230 si
706 2172 787 2248 quis,
814 2189 877 2230 oum
900 2169 1027 2246 legatum
1041 2172 1078 2228 sit
1093 2172 1135 2246 ei,
1157 2187 1232 2248 quae
1247 2170 1311 2228 viro

312 2254 526 2314 materfamilias
551 2263 649 2329 esset,
671 2263 760 2331 neget
781 2254 881 2313 deberi
902 2255 946 2329 ei,
974 2272 1048 2332 quae
1071 2255 1099 2313 in
1120 2271 1232 2313 manum
1253 2269 1311 2312 nan

314 2339 492 2413 convenerit,
510 2340 614 2415 speci
624 2356 654 2405 e:
677 2339 811 2415 quoniam
828 2339 902 2398 duae
917 2337 1029 2396 formae
1044 2339 1100 2398 sint
1116 2339 1311 2397 matrimonio·

271 2429 384 2484 aarum.
425 2421 575 2480 Diuisione
605 2430 700 2480 autem
730 2422 857 2480 adiuvari
879 2421 1036 2481 linitionem
1060 2422 1164 2497 docet,
1188 2421 1311 2498 amque

313 2505 431 2565 differre
449 2522 465 2563 a
481 2505 651 2581 partitione,
673 2504 748 2582 qnod
766 2504 840 2564 haec
855 2506 892 2563 sit
908 2506 996 2564 totius
1009 2507 1040 2564 in
1055 2514 1171 2584 partes,
1192 2505 1243 2565 illa
1259 2522 1312 2582 ge·

313 2589 391 2646 neris
409 2587 568 2646 informas.
600 2587 729 2648 Partes
750 2588 877 2648 incertas
898 2606 982 2664 esse,
1006 2598 1037 2648 ut
1060 2586 1177 2661 Quibus
1197 2594 1314 2650 constet

314 2673 490 2749 respublica
496 2692 510 2741 ,·
535 2671 675 2731 lormas
696 2680 810 2747 certas,
832 2681 862 2732 ut
886 2670 964 2745 Quot
978 2675 1041 2734 siut
1054 2674 1174 2750 species
1189 2691 1313 2733 raum·

310 2757 516 2834 publicarum,
534 2772 604 2831 quas
620 2756 671 2814 tris
685 2757 869 2834 accepimus,
888 2774 962 2834 quae
977 2756 1096 2836 populi,
1112 2774 1187 2834 qnae
1202 2771 1312 2835 pauco·

272 2846 389 2913 tirum,
413 2856 487 2915 quae
503 2839 584 2896 unius
602 2848 748 2916 potestate
768 2850 950 2916 regerentur.
985 2839 1023 2900 Et
1043 2841 1094 2901 ille
1118 2840 1231 2918 quidem
1253 2856 1314 2898 non

314 2922 358 2981 his
381 2921 522 3000 exemplis
544 2923 647 2998 utitur,
665 2925 731 3002 quia
746 2923 878 2984 scribens
895 2923 931 2984 ad
949 2923 1113 2984 Trebatium
1128 2942 1166 2983 ex
1182 2926 1244 2983 iure
1261 2922 1312 2981 du·

315 3025 384 3066 cere
406 3025 440 3066 ca
460 3005 570 3074 maluit;
597 3025 653 3084 ego
679 3009 824 3085 apertiora
840 3008 935 3086 posui.
968 3007 1088 3086 Propria
1102 3025 1174 3067 vero
1190 3008 1225 3067 ad
1242 3024 1313 3065 con·

310 3091 444 3149 iecturae
469 3107 585 3168 quoque
610 3092 754 3169 pertinent
773 3101 901 3170 partem:
932 3100 979 3167 ut,
1007 3093 1073 3169 quia
1096 3093 1244 3170 proprium
1267 3098 1315 3150 est

313 3172 382 3232 boni
397 3184 478 3233 recte
493 3174 609 3249 iacere,
626 3176 752 3235 iracundi
767 3175 865 3236 verbis
883 3176 1144 3254 {excandescere],
1163 3191 1231 3234 esse
1247 3191 1313 3233 cre-

316 3256 416 3317 dantur
431 3267 479 3316 ant
494 3267 603 3318 contra.
633 3257 705 3317 Nam
715 3267 745 3318 ut
760 3260 900 3336 quaedam
915 3260 943 3319 in
955 3258 1123 3338 quibusdam
1139 3261 1239 3337 utique
1254 3275 1313 3318 non

316 3350 396 3401 sunt:
414 3343 541 3416 stratio,
560 3344 687 3419 quamvis
703 3343 742 3402 ita
757 3362 795 3402 err
807 3343 934 3418 diverso,
951 3343 1052 3403 eadem
1069 3352 1124 3403 est.
1216 3364 1218 3367 ·

273 3431 307 3485 65
397 3423 545 3485 Divisio
570 3435 598 3484 et
619 3425 654 3486 ad
671 3425 849 3504 probandum
871 3426 955 3486 simili
969 3430 1015 3487 via
1030 3427 1109 3489 valet
1126 3435 1155 3486 et
1170 3426 1205 3485 ad
1222 3426 1312 3487 refel-

317 3508 440 3567 lendum.
487 3507 652 3569 Probationi
683 3511 796 3569 interim
824 3512 894 3570 satis
920 3520 966 3571 est
991 3530 1076 3571 unum
1104 3510 1229 3585 habere,
1255 3512 1313 3571 hoc

316 3592 412 3667 modo,
432 3589 469 3652 Ut
482 3593 521 3651 sit
536 3593 621 3668 ciam,
637 3600 693 3654 aut
705 3601 797 3656 uatus
810 3595 851 3655 sit
864 3603 981 3674 oportet
994 3604 1048 3656 aut
1062 3595 1185 3673 faenus,-
1205 3603 1311 3654 atrum·

267 3685 372 3752 adque
394 3674 553 3736 tollendum
575 3685 631 3755 est,
656 3674 720 3740 Nee
739 3687 832 3742 uatus
849 3698 908 3741 nec
923 3680 1028 3759 sactus
1042 3689 1098 3741 est.
1136 3677 1182 3738 sn
1203 3678 1260 3738 hoc
1282 3686 1312 3737 et
