3184 4409
581 472 670 521 nasu.
693 472 843 522 aaaron,
864 447 933 521 mn.¹
956 458 1007 539 vr,
1031 473 1055 525 1.
1240 459 1301 522 253

303 628 461 693 contione:
484 627 590 686 crescit
607 628 726 697 invidia;
749 635 778 688 et
793 628 818 686 si
829 645 886 687 non
902 645 1002 687 errore
1018 646 1072 687 neo
1088 630 1129 687 ira
1141 629 1189 688 vel
1206 629 1300 704 etiam,
1313 637 1344 693 17

304 716 329 774 si
348 713 429 774 forte
450 712 492 770 ira
517 711 569 771 sed
590 712 703 790 iniqua,
726 711 804 789 quod
826 712 900 789 patri
919 713 1066 786 affuisset,
1086 713 1163 789 quod
1183 730 1303 790 respon·

306 798 417 877 disset,
436 794 513 872 quod
530 794 656 855 honores
673 805 772 855 contra
788 804 920 874 peteret,
939 805 968 854 et
989 797 1014 853 si
1031 796 1095 874 plus
1112 797 1197 855 etiam
1212 797 1305 856 videri

307 887 409 959 potest
423 879 553 938 uoluisse
569 898 653 957 quam
668 879 746 939 iecit.
791 878 943 938 Plurimum
962 889 1055 939 tamen
1072 879 1155 939 allert
1169 881 1304 940 atrocita-

308 966 345 1024 tis
359 962 481 1037 modus,
502 963 526 1021 si
544 966 688 1040 graviter,
704 965 728 1022 si
745 963 969 1024 contumeliose:
993 973 1023 1022 ut
1040 962 1252 1022 Demosthenes
1268 981 1305 1022 ex

309 1057 392 1127 parte
408 1047 542 1124 percussi
559 1049 710 1125 corporis,
730 1065 767 1106 ex
782 1047 862 1105 vultu
884 1047 1030 1120 ferientis,
1054 1065 1091 1106 ex
1116 1045 1211 1105 habitu
1234 1049 1302 1105 invi-

309 1132 383 1192 diam
400 1129 502 1189 Midiae
520 1133 640 1207 quaerit.
676 1129 797 1195 Occisus
808 1139 901 1189 utrum
913 1131 991 1189 lerro
1005 1149 1039 1189 an
1054 1132 1120 1206 igne
1132 1148 1167 1189 an
1178 1147 1302 1204 veneno,
1314 1133 1348 1188 18

308 1231 366 1275 uno
387 1214 507 1273 vulnere
526 1231 561 1276 an
580 1214 726 1292 pluribus,
747 1213 842 1274 subito
867 1233 902 1273 an
925 1216 1128 1292 expectatione
1148 1223 1250 1287 tortus,
1270 1213 1306 1273 ad

307 1299 384 1359 hanc
403 1306 515 1375 partem
532 1300 654 1357 maxime
669 1299 804 1376 pertinet.
848 1298 942 1357 Utitur
961 1298 1131 1375 'frequenter
1153 1307 1306 1357 accusator

308 1391 342 1442 et
357 1381 561 1457 miseratione,
584 1400 648 1441 cum
673 1390 721 1441 aut
743 1383 805 1441 eius
827 1399 941 1456 casum,
968 1400 1052 1459 quem
1074 1382 1238 1455 ulciscitur,
1258 1390 1306 1439 aut

308 1465 525 1526 liberorumne
554 1467 712 1543 parentium
739 1465 950 1524 solicitudinem
975 1466 1169 1542 conqueritur.
1214 1462 1306 1523 lltiam
1315 1468 1347 1521 19

307 1549 398 1610 futuri
418 1550 557 1627 temporis
583 1550 705 1625 imagine
726 1549 837 1610 iudices
858 1558 972 1625 movet,
995 1567 1068 1627 quae
1094 1556 1225 1609 maneant
1242 1565 1305 1623 eos,

309 1635 362 1712 qui
373 1631 415 1692 de
430 1634 459 1690 vi
475 1641 504 1690 et
520 1633 619 1693 iniuria
637 1633 731 1710 questi
752 1641 834 1706 sunt,
861 1632 914 1691 nisi
932 1633 1126 1699 vindicentur;
1143 1631 1307 1709 fugiendum

309 1717 349 1776 dc
365 1717 498 1791 civitate,
515 1716 674 1778 cedendum
688 1716 771 1775 honis
785 1724 833 1775 aut
846 1718 957 1791 omnia,
975 1735 1164 1795 quaecunque
1178 1717 1306 1776 inimicus

309 1800 433 1875 iecerit,
454 1799 637 1878 perferenda.
682 1800 741 1859 Sed
761 1801 877 1876 saepius
893 1801 921 1860 id
951 1809 995 1859 est
1013 1802 1208 1874 accusatoris,
1226 1805 1349 1858 aver-20

309 1893 377 1943 tere
395 1884 517 1943 iudicem
540 1902 555 1942 a
577 1885 778 1959 miseratione,
801 1901 942 1960 quarens
968 1886 1004 1943 sit
1025 1902 1143 1958 usurus,
1164 1893 1249 1961 atque
1272 1882 1307 1941 ad

311 1966 428 2027 fortiter
441 1967 619 2027 iudicandum
632 1969 788 2026 concitare.
820 1965 907 2024 Cuius
921 1968 979 2029 loci
995 1976 1040 2025 est
1052 1969 1135 2025 etiam
1150 1983 1305 2044 occupare,

311 2068 389 2130 quae
404 2050 542 2111 dicturum
557 2052 735 2117 facturumve
751 2050 954 2114 adversarium,
964 2059 1058 2127 putes.
1103 2049 1174 2108 Nam
1195 2059 1224 2107 et
1241 2067 1306 2108 cau·

311 2139 404 2195 tiores
425 2135 461 2196 ad
483 2134 641 2194 custodiam
657 2152 726 2192 suae
748 2132 897 2209 religionis
917 2134 1028 2192 iudices
1048 2133 1117 2193 iacit
1140 2142 1169 2192 et
1187 2134 1307 2209 gratiam

312 2220 498 2298 responsuris
525 2218 632 2292 aulert,
657 2235 720 2275 cum
741 2233 776 2275 ea
796 2217 944 2295 praedicta
971 2226 1037 2275 sunt
1061 2216 1095 2275 ab
1122 2225 1306 2281 accusatore;

312 2305 383 2377 ianr,
405 2303 430 2361 si
452 2319 505 2380 pro
529 2318 581 2361 reo
602 2310 753 2378 petentur,
777 2317 835 2358 non
854 2301 909 2360 sint
928 2317 1020 2360 nova:
1040 2309 1072 2358 ut
1097 2300 1214 2358 Servius
1244 2298 1307 2358 Sul·

312 2387 406 2465 picius
423 2394 523 2446 contra
540 2385 697 2459 Aufidiam,
717 2402 754 2442 ne
775 2386 967 2461 signatorum,
990 2402 1026 2443 ne
1047 2383 1137 2461 ipsius
1156 2383 1309 2444 discrimen

313 2469 466 2529 obiiciatur
495 2468 565 2544 sihi,
592 2477 769 2547 praemonet.
814 2467 952 2527 Necnon
978 2467 1013 2526 ah
1042 2467 1205 2541 Aeschine,
1233 2465 1309 2544 quali

313 2557 351 2614 sit
372 2571 476 2612 usurus
498 2551 711 2612 Demosthenes
740 2553 870 2627 actione,
888 2552 1065 2630 praedictum
1080 2560 1134 2610 est.
1178 2549 1310 2616 Docendi

315 2654 432 2717 qnoque
447 2638 559 2696 interim
571 2636 700 2711 iudices,
717 2636 784 2715 quid
795 2636 964 2712 rogantibus
979 2634 1158 2715 respondere
1170 2635 1308 2701 debeant;

315 2723 392 2800 quod
410 2730 455 2780 est
469 2739 554 2780 unum
568 2721 748 2798 repetitionis
763 2738 865 2796 genus.
1262 2769 1265 2777 ,

399 2804 684 2864 Periclitantem
712 2821 783 2863 vero
811 2803 989 2863 commendat
1013 2802 1134 2879 dignitas
1163 2810 1193 2861 et
1219 2801 1350 2861 smdiaar

314 2888 400 2950 fortia
428 2898 457 2949 et
478 2897 634 2967 susceptae
658 2887 738 2948 hello
766 2889 916 2947 cicatrices
944 2895 973 2946 et
995 2887 1128 2947 nobilitas
1159 2895 1188 2945 et
1210 2887 1311 2944 merita

315 2974 463 3033 maiorum.
507 2971 588 3047 Hoc,
606 2973 682 3050 quod
703 2973 834 3049 proxime
857 2971 932 3046 dixi,
957 2967 1060 3031 Cicero
1088 2978 1174 3048 atque
1195 2968 1310 3027 Asinius
1354 2986 1355 2991 ¹

303 3059 447 3117 ‘certatim
463 3065 527 3115 sunt
542 3057 603 3132 usi,
619 3072 672 3134 pro
689 3057 799 3115 Scauro
817 3063 900 3133 patre
915 3055 961 3113 hic
977 3054 1027 3114 ille
1043 3071 1096 3132 pro
1113 3053 1183 3113 lilio.
1228 3051 1354 3110 Gom-22

315 3141 430 3201 mendat
446 3149 474 3199 et
490 3158 576 3199 causa
593 3139 731 3217 periculi,
745 3140 769 3198 si
785 3141 952 3217 suscepisse
968 3139 1126 3197 inimicitias
1140 3134 1177 3195 oh
1194 3132 1311 3212 aliquod

315 3225 423 3285 iactum
438 3223 588 3284 honestum
605 3223 735 3291 videtur;
758 3223 916 3301 praecipue
933 3221 1066 3294 bonitas,
1082 3219 1248 3294 humanitas,
1261 3220 1311 3277 mi·

316 3308 487 3368 sericordia.
531 3307 636 3366 lustius
658 3307 731 3366 enim
752 3315 819 3365 tunc
834 3315 936 3383 petere
959 3323 993 3364 ea
1018 3306 1139 3381 quisque
1161 3303 1275 3363 videtur
1295 3320 1312 3361 a

316 3393 427 3467 iudice,
451 3408 525 3470 quae
547 3391 610 3450 aliis
636 3392 699 3469 ipse
722 3391 908 3469 praestiterit.
943 3386 1122 3447 'Reseranda
1146 3404 1214 3465 pars
1239 3387 1312 3446 haec

318 3493 436 3555 quopre
458 3477 493 3535 ad
515 3474 665 3533 utilitatem
685 3475 727 3533 rei
747 3473 900 3552 publicae,
921 3475 956 3534 ad
976 3471 1099 3530 iudicum
1115 3472 1253 3548 gloriam,
1277 3469 1312 3530 ad

318 3560 499 3640 exemplum,
515 3559 549 3619 ad
565 3559 730 3618 memoriam
750 3557 939 3635 posteritatis.
983 3554 1134 3615 Plurimum
1155 3564 1249 3615 tamen
1263 3550 1354 3612 ra·23

318 3645 360 3706 let
371 3645 538 3717 miseratio,
551 3659 625 3721 quae
637 3642 759 3702 iudicem
770 3657 828 3700 non
843 3640 920 3699 decti
932 3648 1038 3699 tanturn
1051 3641 1130 3718 cogit
1141 3639 1193 3699 sed
1206 3646 1312 3698 motum

319 3746 437 3808 quoque
452 3728 536 3788 animi
559 3728 603 3785 sui
623 3725 747 3786 lacrimis
769 3724 909 3784 conliteri.
952 3720 1033 3783 llaec
1053 3732 1187 3803 petentur
1206 3730 1254 3782 aut
1275 3734 1313 3781 ex
