3184 4409
479 484 484 493 '
564 499 653 550 nior.
672 500 1019 567 onerosum.v,1o.
1234 489 1296 551 213

300 655 470 741 multiplci,
485 655 573 734 idque
596 665 642 716 est
656 659 887 734 argumentorum
902 673 994 732 genus
1011 673 1048 715 ex
1067 659 1199 716 remoti
1207 674 1295 735 one,

300 758 353 820 quo
366 737 454 801 mod'b
472 740 596 800 eflicitur
610 748 700 802 totum
715 741 834 815 falsum,
857 739 942 798 modo
959 739 1002 813 id,
1020 740 1098 816 quod
1112 741 1294 818 relinquitur,

296 842 404 885 rerum.
443 823 546 884 Totum
561 823 664 884 lulsum
680 833 726 884 est
740 824 797 883 lroc
814 823 917 898 modo,
941 821 1108 884 Pecuniam
1123 827 1294 887 credidisse

295 919 324 972 a
343 909 445 978 diuisi
465 916 520 970 aut
535 908 669 968 habuisti
682 898 748 986 ipsi
761 916 817 969 aut
831 909 871 968 ab
886 909 988 985 aliquo
1003 910 1153 986 accepisti
1178 918 1233 970 aut
1248 912 1294 971 in·

293 993 404 1056 musti
423 999 479 1054 aut
501 993 687 1070 surripuisti.
728 991 765 1052 st
782 1007 881 1069 neque
895 991 978 1052 domi
991 992 1125 1052 habuisti
1140 1008 1238 1070 nepae
1253 995 1294 1055 ub

293 1077 399 1156 abano
409 1076 559 1154 accepisti
569 1095 626 1136 nec
637 1083 759 1137 cetera:
770 1095 831 1137 non
843 1075 1011 1136 credidisti.
1038 1073 1190 1153 Reliquum
1202 1077 1232 1134 tu
1243 1094 1293 1135 ve-

291 1177 355 1221 ram
367 1161 428 1234 sie,
444 1157 502 1220 Hic
514 1177 632 1229 servus,
649 1175 737 1238 quern
752 1161 809 1220 tibi
822 1161 975 1235 vindicas,
991 1165 1046 1220 aut
1056 1177 1153 1219 cerna
1170 1168 1241 1219 taus
1252 1170 1337 1228 ester

292 1252 349 1306 aut
369 1252 486 1322 emptus
516 1251 570 1304 aui
590 1244 719 1304 donatus
743 1251 799 1303 aul
824 1250 999 1304 testamento
1024 1243 1150 1303 relictus
1175 1251 1230 1302 aut
1254 1264 1295 1304 ea

291 1328 379 1390 bosia
389 1335 500 1406 captus
510 1335 565 1388 aut
575 1328 714 1396 alienus,·
732 1326 836 1386 deiude
854 1329 972 1385 remotis
985 1326 1128 1404 prioribus
1148 1329 1294 1403 supererit

292 1413 424 1474 edemus.
453 1409 651 1470 Periculosum
668 1419 777 1470 etcum
794 1428 862 1470 cura
874 1410 1038 1469 intuendum
1053 1429 1156 1486 genus,
1174 1411 1250 1487 quia,
1267 1413 1293 1471 si

294 1497 324 1556 iu
338 1494 529 1574 proponendo
546 1513 631 1553 unum
647 1495 796 1571 quodlibet
812 1497 1002 1570 omiserimus,
1021 1513 1084 1554 euru
1099 1495 1158 1553 risu
1177 1511 1292 1572 quoque

293 1588 357 1641 tote
374 1597 423 1640 res
445 1577 575 1638 solvitur.
621 1577 737 1654 Tutius,
761 1579 838 1656 quod
862 1576 966 1638 Cicero
992 1595 1045 1656 pro
1069 1576 1194 1638 anoina
1212 1578 1337 1654 iacit,68

295 1682 361 1725 oum
374 1666 545 1738 interrogat,
564 1661 600 1722 Si
617 1664 695 1723 baec
709 1665 790 1724 actio
804 1665 931 1739 nonsit,
949 1679 1028 1740 quae
1042 1665 1103 1723 sit?
1118 1661 1202 1721 simul
1218 1664 1293 1722 euim

294 1757 480 1808 remorentur
500 1748 603 1805 omnia.
649 1745 705 1805 Vel
727 1764 790 1805 cum
813 1746 869 1806 duo
897 1755 1041 1824 ponentur
1064 1748 1139 1806 iuter
1164 1764 1197 1805 se
1223 1763 1292 1805 eon-

293 1833 398 1906 trariu,
421 1847 542 1910 quorum
559 1831 687 1890 tenuisse
701 1830 868 1890 utrumlibet
885 1831 1021 1905 sufficiat,
1037 1831 1122 1908 quale
1142 1828 1293 1890 Ciceronis

294 1923 351 1989 est,
369 1912 468 1976 Unum
485 1913 605 1993 peridem
620 1922 717 1990 certe,
737 1934 825 1975 nemo
840 1915 899 1975 erit
916 1921 977 1975 tam
991 1915 1132 1975 inimicus
1145 1913 1292 1988 Cluentio,

293 2000 348 2078 put
360 2000 436 2061 utili
449 2017 509 2059 non
527 1998 675 2059 concedat
679 2021 695 2070 ,·
710 1999 738 2058 si
752 2007 867 2059 constet
881 2008 1056 2076 corruptum
1069 1998 1147 2058 illud
1162 2018 1228 2059 esse
1244 2000 1292 2058 iuss

292 2084 419 2160 dicium,
435 2089 490 2144 aut
517 2083 557 2143 ab
573 2080 683 2142 Habito
697 2089 751 2143 aut
769 2083 808 2142 ab
827 2078 996 2161 Oppianico
1011 2100 1078 2141 esse
1098 2090 1294 2159 corruptum·

291 2170 321 2229 si
334 2168 430 2229 doceo
443 2186 503 2228 non
524 2167 563 2228 ab
580 2164 707 2240 Habito,
729 2166 819 2226 cinca
842 2168 882 2227 ab
909 2162 1099 2244 Oppianico,·
1119 2167 1148 2224 si
1167 2165 1293 2225 ostendo

292 2252 334 2314 ab
351 2248 538 2330 Oppianico,
557 2268 657 2329 purpo
675 2246 830 2310 Habitum.
862 2247 907 2308 Fit
923 2252 1009 2310 etiam
1022 2266 1059 2306 ex
1077 2247 1205 2323 duobus,
1223 2255 1335 2325 quo-69

292 2352 355 2394 rum
375 2351 503 2394 neeesse
525 2343 569 2394 est
594 2334 715 2393 alterum
738 2351 855 2408 rerum,
880 2332 1006 2409 eligendi
1022 2331 1188 2391 adversario
1208 2341 1292 2408 pote-

292 2426 365 2494 stus,
383 2418 582 2496 efficiturque,
600 2426 647 2492 ut,
669 2426 762 2475 utrum
778 2417 918 2493 elegerit,
935 2424 1049 2486 noceat.
1080 2414 1161 2475 Facit
1175 2415 1232 2475 hoc
1245 2413 1292 2475 Oi·

292 2519 363 2562 cero
383 2519 437 2581 pro
454 2500 565 2580 Oppio:
591 2499 711 2576 Utrum,
735 2520 803 2561 cum
819 2499 934 2562 Cottam
956 2502 1135 2580 appetisset,
1158 2518 1200 2560 an
1225 2519 1293 2561 cum

291 2588 360 2665 ipse
377 2605 445 2647 sese
469 2593 634 2647 conaretur
655 2585 816 2660 occidere,
838 2588 929 2646 telum
950 2604 967 2645 e
987 2585 1128 2645 manibus
1156 2594 1293 2663 ereptum

293 2673 360 2731 est?
379 2678 407 2728 et
422 2686 476 2747 pro
495 2668 627 2729 Vareno:
651 2666 739 2747 Optio
753 2669 839 2729 cabis
855 2671 964 2744 datur,
986 2678 1088 2730 utrum
1101 2670 1199 2729 uelitis
1215 2687 1291 2729 casu

293 2755 344 2815 tto
357 2756 469 2815 itinere
488 2751 641 2814 Varenum
660 2773 748 2814 usum
769 2772 836 2813 esse
857 2772 898 2814 au
920 2753 1010 2813 buius
1029 2771 1184 2832 persuasu
1200 2760 1229 2813 et
1241 2753 1290 2811 iu·

295 2837 399 2899 ductu.
431 2837 543 2896 Deinde
567 2845 689 2914 utraque
710 2837 779 2896 facit
801 2838 964 2895 accusatori
986 2837 1138 2896 contraria.
1175 2835 1291 2895 Interim
1299 2842 1334 2895 70

294 2919 349 2981 duo
373 2923 414 2981 ita
436 2930 651 2999 proponuntur,
684 2929 714 2980 ut
745 2919 909 2980 utrumlibet
930 2921 1054 2980 electum
1074 2919 1149 2978 idem
1172 2921 1290 2993 alliciat,

295 3005 381 3083 quale
396 3014 451 3080 est,
468 3003 741 3083 Pbilosapbandum
755 3011 810 3080 est,
827 3006 1012 3065 etiamsinon
1023 3005 1291 3082 estpbilcscplian-

295 3088 377 3150 dum.
410 3087 447 3147 Et
469 3088 539 3148 illud
554 3089 710 3164 vulgatum,
729 3085 794 3159 Oua
809 3088 943 3164 scbema,
958 3090 987 3149 si
1000 3088 1199 3165 intellipitur?
1222 3103 1290 3163 quo,

293 3174 395 3234 sinon
411 3173 609 3250 intellipitur?
638 3170 690 3246 lit,
714 3168 878 3231 Mentietur
896 3173 928 3232 in
945 3173 1114 3246 tormentis,
1141 3171 1193 3248 qui
1209 3171 1291 3253 dulc

292 3275 359 3317 rem
372 3258 440 3334 pati
451 3264 569 3335 potest,·
583 3257 753 3330 mentietur,
771 3257 824 3337 qui
837 3275 896 3316 non
909 3262 1016 3334 potest.

378 3338 417 3399 Ut
434 3348 498 3399 suut
514 3348 607 3398 autem
622 3341 675 3399 tria
691 3347 838 3416 tempora:
854 3339 892 3397 ita
909 3338 999 3397 ordo
1017 3355 1113 3396 rerum
1127 3336 1218 3396 tribus
1230 3354 1290 3396 mo·
1299 3346 1331 3402 71

293 3425 397 3482 mentis
416 3432 567 3482 consertus
584 3431 642 3491 est;
659 3421 764 3481 liabent
781 3424 855 3481 enirn
871 3424 963 3482 omnia
985 3423 1145 3496 initium,
1167 3423 1289 3481 iucre-

293 3515 469 3582 mentum,
488 3525 670 3581 summam,
691 3515 722 3564 ut
738 3507 859 3582 iurgium
876 3505 979 3564 deiude
996 3506 1101 3565 caedes
1120 3514 1150 3564 et
1165 3516 1288 3582 strages.

294 3591 349 3652 Est
372 3608 445 3668 ergo
467 3591 514 3650 hic
534 3608 650 3668 ¹quoque
673 3599 904 3666 argumentorum
927 3589 1009 3647 locus
1030 3591 1152 3648 invicem
1167 3588 1290 3668 probau-

293 3676 374 3734 tlum.
408 3674 480 3734 Nam
501 3683 530 3734 et
548 3692 585 3733 ex
602 3675 687 3732 initiis
711 3691 819 3733 summa
845 3673 1008 3749 colligitur,
1037 3673 1122 3751 quale
1144 3682 1204 3747 εει,
1225 3671 1291 3731 Non

291 3776 418 3838 possum
435 3768 535 3838 tapam
547 3764 743 3837 praetectum
757 3775 904 3836 sperare,
921 3776 989 3818 cum
1004 3758 1163 3820 exordium
1174 3757 1291 3835 pullum
