<?xml version="1.0" encoding="UTF-8"?>
<!DOCTYPE html PUBLIC "-//W3C//DTD XHTML 1.0 Transitional//EN"
    "http://www.w3.org/TR/xhtml1/DTD/xhtml1-transitional.dtd">
<html xmlns="http://www.w3.org/1999/xhtml" xml:lang="en" lang="en">
 <head>
  <title>
</title>
<meta http-equiv="Content-Type" content="text/html;charset=utf-8" />
  <meta name='ocr-system' content='tesseract 3.04.00' />
  <meta name='ocr-capabilities' content='ocr_page ocr_carea ocr_par ocr_line ocrx_word'/>
</head>
<body>
  <div class='ocr_page' id='page_1' title='image "./mfabiiquintilia02quingoog_0157.png"; bbox 0 0 3184 4409; ppageno 0'>
   <div class='ocr_carea' id='block_1_1' title="bbox 494 393 1277 480">
    <p class='ocr_par' dir='ltr' id='par_1_1' title="bbox 494 393 1277 480">
     <span class='ocr_line' id='line_1_1' title="bbox 494 393 1277 480; baseline -0.001 -18"><span class='ocrx_word' id='word_1_1' title='bbox 494 395 498 400; x_wconf 79' lang='grc'><strong>’</strong></span> <span class='ocrx_word' id='word_1_2' title='bbox 516 393 518 400; x_wconf 82' lang='grc'><strong>’</strong></span> <span class='ocrx_word' id='word_1_3' title='bbox 549 415 638 462; x_wconf 73' lang='lat' dir='ltr'><strong>nasu.</strong></span> <span class='ocrx_word' id='word_1_4' title='bbox 655 413 803 463; x_wconf 75' lang='lat' dir='ltr'><strong>onauon.</strong></span> <span class='ocrx_word' id='word_1_5' title='bbox 820 414 889 462; x_wconf 81' lang='lat' dir='ltr'><strong>nnn.</strong></span> <span class='ocrx_word' id='word_1_6' title='bbox 904 415 961 480; x_wconf 89' lang='lat'><strong>111,</strong></span> <span class='ocrx_word' id='word_1_7' title='bbox 976 411 1002 466; x_wconf 85' lang='lat' dir='ltr'><strong>o.</strong></span> <span class='ocrx_word' id='word_1_8' title='bbox 1218 401 1277 462; x_wconf 80' lang='lat'><strong>129</strong></span> 
     </span>
    </p>
   </div>
   <div class='ocr_carea' id='block_1_2' title="bbox 258 565 1330 3816">
    <p class='ocr_par' dir='ltr' id='par_1_2' title="bbox 258 565 1330 3816">
     <span class='ocr_line' id='line_1_2' title="bbox 294 565 1276 646; baseline -0.003 -17"><span class='ocrx_word' id='word_1_9' title='bbox 294 570 318 629; x_wconf 92' lang='lat' dir='ltr'><strong>in</strong></span> <span class='ocrx_word' id='word_1_10' title='bbox 334 585 370 628; x_wconf 91' lang='lat' dir='ltr'><strong>eo</strong></span> <span class='ocrx_word' id='word_1_11' title='bbox 385 570 456 628; x_wconf 89' lang='lat' dir='ltr'><strong>satis</strong></span> <span class='ocrx_word' id='word_1_12' title='bbox 472 576 517 628; x_wconf 91' lang='lat' dir='ltr'><strong>est</strong></span> <span class='ocrx_word' id='word_1_13' title='bbox 528 570 689 630; x_wconf 81' lang='lat' dir='ltr'><strong>ostendisse</strong></span> <span class='ocrx_word' id='word_1_14' title='bbox 702 569 907 645; x_wconf 89' lang='lat' dir='ltr'><strong>coniecturam,</strong></span> <span class='ocrx_word' id='word_1_15' title='bbox 922 568 1087 643; x_wconf 90' lang='lat' dir='ltr'><strong>linitionem,</strong></span> <span class='ocrx_word' id='word_1_16' title='bbox 1103 565 1276 646; x_wconf 78' lang='lat' dir='ltr'><strong>qualitatem.</strong></span> 
     </span>
     <span class='ocr_line' id='line_1_3' title="bbox 292 651 1320 731; baseline 0.003 -17"><span class='ocrx_word' id='word_1_17' title='bbox 292 651 436 730; x_wconf 75' lang='lat' dir='ltr'><strong>Legalium</strong></span> <span class='ocrx_word' id='word_1_18' title='bbox 455 651 554 730; x_wconf 91' lang='lat' dir='ltr'><strong>plures</strong></span> <span class='ocrx_word' id='word_1_19' title='bbox 580 655 636 713; x_wconf 92' lang='lat' dir='ltr'><strong>siut</strong></span> <span class='ocrx_word' id='word_1_20' title='bbox 656 654 772 731; x_wconf 89' lang='lat' dir='ltr'><strong>species</strong></span> <span class='ocrx_word' id='word_1_21' title='bbox 794 670 917 711; x_wconf 88' lang='lat' dir='ltr'><strong>neccsse</strong></span> <span class='ocrx_word' id='word_1_22' title='bbox 939 661 1000 727; x_wconf 89' lang='lat' dir='ltr'><strong>est,</strong></span> <span class='ocrx_word' id='word_1_23' title='bbox 1025 662 1182 730; x_wconf 89' lang='lat' dir='ltr'><strong>propterea</strong></span> <span class='ocrx_word' id='word_1_24' title='bbox 1204 652 1320 731; x_wconf 74' lang='lat' dir='ltr'><strong>quodsi</strong></span> 
     </span>
     <span class='ocr_line' id='line_1_4' title="bbox 293 736 1277 813; baseline -0.001 -17"><span class='ocrx_word' id='word_1_25' title='bbox 293 737 394 796; x_wconf 88' lang='lat' dir='ltr'><strong>multae</strong></span> <span class='ocrx_word' id='word_1_26' title='bbox 408 745 474 796; x_wconf 88' lang='lat' dir='ltr'><strong>sunt</strong></span> <span class='ocrx_word' id='word_1_27' title='bbox 485 736 569 813; x_wconf 80' lang='lat' dir='ltr'><strong>leges</strong></span> <span class='ocrx_word' id='word_1_28' title='bbox 581 745 610 796; x_wconf 90' lang='lat' dir='ltr'><strong>et</strong></span> <span class='ocrx_word' id='word_1_29' title='bbox 622 738 717 796; x_wconf 87' lang='lat' dir='ltr'><strong>varias</strong></span> <span class='ocrx_word' id='word_1_30' title='bbox 728 736 836 797; x_wconf 88' lang='lat' dir='ltr'><strong>habent</strong></span> <span class='ocrx_word' id='word_1_31' title='bbox 846 736 962 795; x_wconf 78' lang='lat' dir='ltr'><strong>formas.</strong></span> <span class='ocrx_word' id='word_1_32' title='bbox 987 736 1053 795; x_wconf 85' lang='lat' dir='ltr'><strong>Alia</strong></span> <span class='ocrx_word' id='word_1_33' title='bbox 1066 745 1111 795; x_wconf 92' lang='lat' dir='ltr'><strong>est</strong></span> <span class='ocrx_word' id='word_1_34' title='bbox 1123 739 1202 796; x_wconf 92' lang='lat' dir='ltr'><strong>cuius</strong></span> <span class='ocrx_word' id='word_1_35' title='bbox 1213 755 1277 795; x_wconf 85' lang='lat' dir='ltr'><strong>ver·</strong></span> 
     </span>
     <span class='ocr_line' id='line_1_5' title="bbox 291 818 1279 897; baseline -0.002 -16"><span class='ocrx_word' id='word_1_36' title='bbox 291 819 332 881; x_wconf 87' lang='lat' dir='ltr'><strong>bis</strong></span> <span class='ocrx_word' id='word_1_37' title='bbox 345 821 470 896; x_wconf 82' lang='lat' dir='ltr'><strong>nitimur,</strong></span> <span class='ocrx_word' id='word_1_38' title='bbox 488 820 544 879; x_wconf 94' lang='lat' dir='ltr'><strong>alia</strong></span> <span class='ocrx_word' id='word_1_39' title='bbox 563 822 642 879; x_wconf 91' lang='lat' dir='ltr'><strong>cuius</strong></span> <span class='ocrx_word' id='word_1_40' title='bbox 658 820 818 895; x_wconf 85' lang='lat' dir='ltr'><strong>uoluntate,</strong></span> <span class='ocrx_word' id='word_1_41' title='bbox 833 818 904 880; x_wconf 89' lang='lat' dir='ltr'><strong>alias</strong></span> <span class='ocrx_word' id='word_1_42' title='bbox 918 818 1012 894; x_wconf 89' lang='lat' dir='ltr'><strong>nohis,</strong></span> <span class='ocrx_word' id='word_1_43' title='bbox 1028 837 1091 879; x_wconf 92' lang='lat' dir='ltr'><strong>cum</strong></span> <span class='ocrx_word' id='word_1_44' title='bbox 1103 821 1159 897; x_wconf 89' lang='lat' dir='ltr'><strong>ipsi</strong></span> <span class='ocrx_word' id='word_1_45' title='bbox 1172 820 1279 879; x_wconf 89' lang='lat' dir='ltr'><strong>nullam</strong></span> 
     </span>
     <span class='ocr_line' id='line_1_6' title="bbox 269 902 1279 980; baseline -0.002 -16"><span class='ocrx_word' id='word_1_46' title='bbox 269 917 271 921; x_wconf 77' lang='grc'>’</span> <span class='ocrx_word' id='word_1_47' title='bbox 292 902 463 979; x_wconf 87' lang='lat' dir='ltr'><strong>habeamus,</strong></span> <span class='ocrx_word' id='word_1_48' title='bbox 484 903 674 980; x_wconf 84' lang='lat' dir='ltr'><strong>adiungimus,</strong></span> <span class='ocrx_word' id='word_1_49' title='bbox 697 903 768 963; x_wconf 90' lang='lat' dir='ltr'><strong>alias</strong></span> <span class='ocrx_word' id='word_1_50' title='bbox 790 905 865 962; x_wconf 90' lang='lat' dir='ltr'><strong>iuter</strong></span> <span class='ocrx_word' id='word_1_51' title='bbox 880 921 913 962; x_wconf 90' lang='lat' dir='ltr'><strong>se</strong></span> <span class='ocrx_word' id='word_1_52' title='bbox 929 920 1142 980; x_wconf 82' lang='lat' dir='ltr'><strong>comparamus,</strong></span> <span class='ocrx_word' id='word_1_53' title='bbox 1164 903 1235 962; x_wconf 91' lang='lat' dir='ltr'><strong>alias</strong></span> <span class='ocrx_word' id='word_1_54' title='bbox 1251 906 1279 962; x_wconf 92' lang='lat' dir='ltr'><strong>in</strong></span> 
     </span>
     <span class='ocr_line' id='line_1_7' title="bbox 292 986 1321 1066; baseline 0.002 -18"><span class='ocrx_word' id='word_1_55' title='bbox 292 989 435 1048; x_wconf 85' lang='lat' dir='ltr'><strong>diuersum</strong></span> <span class='ocrx_word' id='word_1_56' title='bbox 449 988 678 1066; x_wconf 88' lang='lat' dir='ltr'><strong>interpretamur.</strong></span> <span class='ocrx_word' id='word_1_57' title='bbox 708 987 758 1046; x_wconf 88' lang='lat' dir='ltr'><strong>Sic</strong></span> <span class='ocrx_word' id='word_1_58' title='bbox 772 996 928 1046; x_wconf 90' lang='lat' dir='ltr'><strong>nascuntur</strong></span> <span class='ocrx_word' id='word_1_59' title='bbox 942 986 1015 1046; x_wconf 92' lang='lat' dir='ltr'><strong>haec</strong></span> <span class='ocrx_word' id='word_1_60' title='bbox 1029 986 1109 1044; x_wconf 88' lang='lat' dir='ltr'><strong>velut</strong></span> <span class='ocrx_word' id='word_1_61' title='bbox 1127 987 1321 1050; x_wconf 88' lang='lat' dir='ltr'><strong>simulacra88</strong></span> 
     </span>
     <span class='ocr_line' id='line_1_8' title="bbox 292 1069 1280 1148; baseline -0.003 -17"><span class='ocrx_word' id='word_1_62' title='bbox 292 1089 325 1131; x_wconf 87' lang='lat' dir='ltr'><strong>ex</strong></span> <span class='ocrx_word' id='word_1_63' title='bbox 342 1071 402 1132; x_wconf 90' lang='lat' dir='ltr'><strong>illis</strong></span> <span class='ocrx_word' id='word_1_64' title='bbox 418 1069 525 1146; x_wconf 87' lang='lat' dir='ltr'><strong>trihus,</strong></span> <span class='ocrx_word' id='word_1_65' title='bbox 550 1071 662 1130; x_wconf 90' lang='lat' dir='ltr'><strong>interim</strong></span> <span class='ocrx_word' id='word_1_66' title='bbox 683 1071 825 1148; x_wconf 90' lang='lat' dir='ltr'><strong>simplicia</strong></span> <span class='ocrx_word' id='word_1_67' title='bbox 845 1072 958 1130; x_wconf 90' lang='lat' dir='ltr'><strong>interim</strong></span> <span class='ocrx_word' id='word_1_68' title='bbox 981 1077 1010 1128; x_wconf 90' lang='lat' dir='ltr'><strong>et</strong></span> <span class='ocrx_word' id='word_1_69' title='bbox 1030 1071 1117 1129; x_wconf 91' lang='lat' dir='ltr'><strong>mixta</strong></span> <span class='ocrx_word' id='word_1_70' title='bbox 1134 1073 1280 1148; x_wconf 87' lang='lat' dir='ltr'><strong>propriam</strong></span> 
     </span>
     <span class='ocr_line' id='line_1_9' title="bbox 291 1153 1280 1231; baseline -0.004 -16"><span class='ocrx_word' id='word_1_71' title='bbox 291 1164 384 1216; x_wconf 86' lang='lat' dir='ltr'><strong>tamen</strong></span> <span class='ocrx_word' id='word_1_72' title='bbox 399 1153 503 1215; x_wconf 77' lang='lat' dir='ltr'><strong>iaciens</strong></span> <span class='ocrx_word' id='word_1_73' title='bbox 519 1154 713 1229; x_wconf 84' lang='lat' dir='ltr'><strong>ostendentia,</strong></span> <span class='ocrx_word' id='word_1_74' title='bbox 735 1163 766 1213; x_wconf 89' lang='lat' dir='ltr'><strong>ut</strong></span> <span class='ocrx_word' id='word_1_75' title='bbox 780 1155 881 1231; x_wconf 87' lang='lat' dir='ltr'><strong>scripti</strong></span> <span class='ocrx_word' id='word_1_76' title='bbox 899 1163 928 1214; x_wconf 92' lang='lat' dir='ltr'><strong>et</strong></span> <span class='ocrx_word' id='word_1_77' title='bbox 942 1153 1113 1228; x_wconf 86' lang='lat' dir='ltr'><strong>voluntatis,</strong></span> <span class='ocrx_word' id='word_1_78' title='bbox 1130 1171 1203 1231; x_wconf 87' lang='lat' dir='ltr'><strong>quae</strong></span> <span class='ocrx_word' id='word_1_79' title='bbox 1218 1155 1280 1212; x_wconf 88' lang='lat' dir='ltr'><strong>sine</strong></span> 
     </span>
     <span class='ocr_line' id='line_1_10' title="bbox 291 1237 1280 1316; baseline -0.003 -17"><span class='ocrx_word' id='word_1_80' title='bbox 291 1239 376 1301; x_wconf 89' lang='lat' dir='ltr'><strong>dubio</strong></span> <span class='ocrx_word' id='word_1_81' title='bbox 390 1245 439 1298; x_wconf 88' lang='lat' dir='ltr'><strong>aut</strong></span> <span class='ocrx_word' id='word_1_82' title='bbox 461 1237 598 1316; x_wconf 87' lang='lat' dir='ltr'><strong>qualitate</strong></span> <span class='ocrx_word' id='word_1_83' title='bbox 621 1247 668 1298; x_wconf 87' lang='lat' dir='ltr'><strong>aut</strong></span> <span class='ocrx_word' id='word_1_84' title='bbox 689 1238 855 1297; x_wconf 87' lang='lat' dir='ltr'><strong>coniectura</strong></span> <span class='ocrx_word' id='word_1_85' title='bbox 878 1239 1071 1305; x_wconf 67' lang='lat' dir='ltr'><strong>continentum</strong></span> <span class='ocrx_word' id='word_1_86' title='bbox 1094 1246 1123 1296; x_wconf 88' lang='lat' dir='ltr'><strong>et</strong></span> <span class='ocrx_word' id='word_1_87' title='bbox 1144 1237 1280 1313; x_wconf 76' lang='lat' dir='ltr'><strong>syllogis-</strong></span> 
     </span>
     <span class='ocr_line' id='line_1_11' title="bbox 290 1321 1298 1400; baseline -0.003 -18"><span class='ocrx_word' id='word_1_88' title='bbox 290 1338 362 1398; x_wconf 88' lang='lat' dir='ltr'><strong>mos,</strong></span> <span class='ocrx_word' id='word_1_89' title='bbox 378 1323 428 1400; x_wconf 91' lang='lat' dir='ltr'><strong>qui</strong></span> <span class='ocrx_word' id='word_1_90' title='bbox 444 1330 488 1381; x_wconf 91' lang='lat' dir='ltr'><strong>est</strong></span> <span class='ocrx_word' id='word_1_91' title='bbox 502 1322 623 1381; x_wconf 86' lang='lat' dir='ltr'><strong>maxime</strong></span> <span class='ocrx_word' id='word_1_92' title='bbox 635 1321 791 1398; x_wconf 90' lang='lat' dir='ltr'><strong>qualitatis;</strong></span> <span class='ocrx_word' id='word_1_93' title='bbox 809 1330 838 1380; x_wconf 89' lang='lat' dir='ltr'><strong>et</strong></span> <span class='ocrx_word' id='word_1_94' title='bbox 856 1321 940 1398; x_wconf 83' lang='lat' dir='ltr'><strong>leges</strong></span> <span class='ocrx_word' id='word_1_95' title='bbox 956 1322 1127 1393; x_wconf 87' lang='lat' dir='ltr'><strong>contrariae,</strong></span> <span class='ocrx_word' id='word_1_96' title='bbox 1144 1337 1217 1398; x_wconf 89' lang='lat' dir='ltr'><strong>quae</strong></span> <span class='ocrx_word' id='word_1_97' title='bbox 1233 1322 1280 1380; x_wconf 89' lang='lat' dir='ltr'><strong>iis·</strong></span> <span class='ocrx_word' id='word_1_98' title='bbox 1296 1330 1298 1335; x_wconf 86' lang='lat'>&#39;</span> 
     </span>
     <span class='ocr_line' id='line_1_12' title="bbox 291 1401 1279 1484; baseline -0.005 -17"><span class='ocrx_word' id='word_1_99' title='bbox 291 1407 372 1482; x_wconf 86' lang='lat' dir='ltr'><strong>dem,</strong></span> <span class='ocrx_word' id='word_1_100' title='bbox 395 1405 499 1484; x_wconf 90' lang='lat' dir='ltr'><strong>quihus</strong></span> <span class='ocrx_word' id='word_1_101' title='bbox 521 1407 657 1483; x_wconf 88' lang='lat' dir='ltr'><strong>scriptum</strong></span> <span class='ocrx_word' id='word_1_102' title='bbox 677 1413 706 1463; x_wconf 92' lang='lat' dir='ltr'><strong>et</strong></span> <span class='ocrx_word' id='word_1_103' title='bbox 727 1405 877 1481; x_wconf 92' lang='lat' dir='ltr'><strong>voluntas,</strong></span> <span class='ocrx_word' id='word_1_104' title='bbox 894 1414 1038 1472; x_wconf 88' lang='lat' dir='ltr'><strong>constant;</strong></span> <span class='ocrx_word' id='word_1_105' title='bbox 1063 1409 1092 1463; x_wconf 88' lang='lat' dir='ltr'><strong>et</strong></span> <span class='ocrx_word' id='word_1_106' title='bbox 1108 1401 1279 1483; x_wconf 71' lang='grc' dir='ltr'><strong><em>ἀμφιβολία,</em></strong></span> 
     </span>
     <span class='ocr_line' id='line_1_13' title="bbox 292 1487 1324 1569; baseline 0.002 -19"><span class='ocrx_word' id='word_1_107' title='bbox 292 1508 365 1569; x_wconf 92' lang='lat' dir='ltr'><strong>quae</strong></span> <span class='ocrx_word' id='word_1_108' title='bbox 379 1507 497 1568; x_wconf 88' lang='lat' dir='ltr'><strong>semper</strong></span> <span class='ocrx_word' id='word_1_109' title='bbox 513 1490 678 1549; x_wconf 90' lang='lat' dir='ltr'><strong>coniectura</strong></span> <span class='ocrx_word' id='word_1_110' title='bbox 699 1489 868 1567; x_wconf 84' lang='lat' dir='ltr'><strong>explicatur.</strong></span> <span class='ocrx_word' id='word_1_111' title='bbox 906 1487 1009 1549; x_wconf 74' lang='lat' dir='ltr'><strong>linitio</strong></span> <span class='ocrx_word' id='word_1_112' title='bbox 1030 1506 1146 1568; x_wconf 89' lang='lat' dir='ltr'><strong>quoque</strong></span> <span class='ocrx_word' id='word_1_113' title='bbox 1167 1489 1281 1566; x_wconf 90' lang='lat' dir='ltr'><strong>utrique</strong></span> <span class='ocrx_word' id='word_1_114' title='bbox 1289 1497 1324 1552; x_wconf 83' lang='lat'><strong>89</strong></span> 
     </span>
     <span class='ocr_line' id='line_1_14' title="bbox 291 1573 1280 1652; baseline -0.004 -18"><span class='ocrx_word' id='word_1_115' title='bbox 291 1575 402 1652; x_wconf 81' lang='lat' dir='ltr'><strong>generi,</strong></span> <span class='ocrx_word' id='word_1_116' title='bbox 423 1573 557 1651; x_wconf 91' lang='lat' dir='ltr'><strong>quodque</strong></span> <span class='ocrx_word' id='word_1_117' title='bbox 575 1591 670 1633; x_wconf 88' lang='lat' dir='ltr'><strong>rerum</strong></span> <span class='ocrx_word' id='word_1_118' title='bbox 685 1574 821 1651; x_wconf 87' lang='lat' dir='ltr'><strong>quodque</strong></span> <span class='ocrx_word' id='word_1_119' title='bbox 836 1574 937 1650; x_wconf 90' lang='lat' dir='ltr'><strong>scripti</strong></span> <span class='ocrx_word' id='word_1_120' title='bbox 953 1574 1197 1650; x_wconf 82' lang='lat' dir='ltr'><strong>contemplatione</strong></span> <span class='ocrx_word' id='word_1_121' title='bbox 1213 1589 1280 1631; x_wconf 92' lang='lat' dir='ltr'><strong>con·</strong></span> 
     </span>
     <span class='ocr_line' id='line_1_15' title="bbox 292 1656 1281 1734; baseline -0.002 -18"><span class='ocrx_word' id='word_1_122' title='bbox 292 1666 362 1734; x_wconf 86' lang='lat' dir='ltr'><strong>stat,</strong></span> <span class='ocrx_word' id='word_1_123' title='bbox 383 1658 540 1717; x_wconf 90' lang='lat' dir='ltr'><strong>communis</strong></span> <span class='ocrx_word' id='word_1_124' title='bbox 553 1666 606 1719; x_wconf 86' lang='lat' dir='ltr'><strong>est.</strong></span> <span class='ocrx_word' id='word_1_125' title='bbox 640 1656 720 1717; x_wconf 91' lang='lat' dir='ltr'><strong>Haec</strong></span> <span class='ocrx_word' id='word_1_126' title='bbox 736 1659 843 1731; x_wconf 84' lang='lat' dir='ltr'><strong>omnia,</strong></span> <span class='ocrx_word' id='word_1_127' title='bbox 860 1660 970 1716; x_wconf 92' lang='lat' dir='ltr'><strong>etiamsi</strong></span> <span class='ocrx_word' id='word_1_128' title='bbox 987 1660 1015 1716; x_wconf 95' lang='lat' dir='ltr'><strong>in</strong></span> <span class='ocrx_word' id='word_1_129' title='bbox 1030 1657 1098 1716; x_wconf 90' lang='lat' dir='ltr'><strong>illos</strong></span> <span class='ocrx_word' id='word_1_130' title='bbox 1112 1666 1172 1716; x_wconf 90' lang='lat' dir='ltr'><strong>tres</strong></span> <span class='ocrx_word' id='word_1_131' title='bbox 1190 1664 1281 1715; x_wconf 93' lang='lat' dir='ltr'><strong>status</strong></span> 
     </span>
     <span class='ocr_line' id='line_1_16' title="bbox 264 1739 1281 1820; baseline -0.003 -20"><span class='ocrx_word' id='word_1_132' title='bbox 264 1807 266 1812; x_wconf 54' lang='grc'><strong>,</strong></span> <span class='ocrx_word' id='word_1_133' title='bbox 292 1743 423 1801; x_wconf 83' lang='lat' dir='ltr'><strong>ueniunt:</strong></span> <span class='ocrx_word' id='word_1_134' title='bbox 438 1749 544 1815; x_wconf 89' lang='lat' dir='ltr'><strong>tamen,</strong></span> <span class='ocrx_word' id='word_1_135' title='bbox 561 1742 626 1818; x_wconf 93' lang='lat' dir='ltr'><strong>quia</strong></span> <span class='ocrx_word' id='word_1_136' title='bbox 643 1741 688 1818; x_wconf 89' lang='lat' dir='ltr'><strong>(ut</strong></span> <span class='ocrx_word' id='word_1_137' title='bbox 703 1740 775 1820; x_wconf 90' lang='lat' dir='ltr'><strong>dixi)</strong></span> <span class='ocrx_word' id='word_1_138' title='bbox 789 1740 896 1799; x_wconf 89' lang='lat' dir='ltr'><strong>habeut</strong></span> <span class='ocrx_word' id='word_1_139' title='bbox 911 1741 1017 1819; x_wconf 89' lang='lat' dir='ltr'><strong>aliquid</strong></span> <span class='ocrx_word' id='word_1_140' title='bbox 1028 1739 1108 1800; x_wconf 88' lang='lat' dir='ltr'><strong>velut</strong></span> <span class='ocrx_word' id='word_1_141' title='bbox 1122 1741 1281 1818; x_wconf 88' lang='lat' dir='ltr'><strong>proprium,</strong></span> 
     </span>
     <span class='ocr_line' id='line_1_17' title="bbox 258 1823 1281 1902; baseline -0.002 -18"><span class='ocrx_word' id='word_1_142' title='bbox 258 1871 261 1876; x_wconf 91' lang='lat'>.</span> <span class='ocrx_word' id='word_1_143' title='bbox 292 1825 424 1884; x_wconf 83' lang='lat' dir='ltr'><strong>ridentur</strong></span> <span class='ocrx_word' id='word_1_144' title='bbox 442 1824 661 1884; x_wconf 86' lang='lat' dir='ltr'><strong>demonstranda</strong></span> <span class='ocrx_word' id='word_1_145' title='bbox 681 1824 874 1899; x_wconf 88' lang='lat' dir='ltr'><strong>discentibus,</strong></span> <span class='ocrx_word' id='word_1_146' title='bbox 896 1833 925 1883; x_wconf 86' lang='lat' dir='ltr'><strong>ot</strong></span> <span class='ocrx_word' id='word_1_147' title='bbox 944 1825 1161 1902; x_wconf 87' lang='lat' dir='ltr'><strong>permittendum</strong></span> <span class='ocrx_word' id='word_1_148' title='bbox 1183 1841 1217 1882; x_wconf 88' lang='lat' dir='ltr'><strong>ea</strong></span> <span class='ocrx_word' id='word_1_149' title='bbox 1241 1823 1281 1882; x_wconf 93' lang='lat' dir='ltr'><strong>di·</strong></span> 
     </span>
     <span class='ocr_line' id='line_1_18' title="bbox 293 1907 1283 1986; baseline -0.004 -18"><span class='ocrx_word' id='word_1_150' title='bbox 293 1926 359 1968; x_wconf 91' lang='lat' dir='ltr'><strong>cere</strong></span> <span class='ocrx_word' id='word_1_151' title='bbox 374 1908 426 1968; x_wconf 85' lang='lat' dir='ltr'><strong>uel</strong></span> <span class='ocrx_word' id='word_1_152' title='bbox 443 1916 533 1968; x_wconf 86' lang='lat' dir='ltr'><strong>status</strong></span> <span class='ocrx_word' id='word_1_153' title='bbox 550 1907 661 1984; x_wconf 83' lang='lat' dir='ltr'><strong>legales</strong></span> <span class='ocrx_word' id='word_1_154' title='bbox 682 1908 730 1968; x_wconf 86' lang='lat' dir='ltr'><strong>vel</strong></span> <span class='ocrx_word' id='word_1_155' title='bbox 753 1911 937 1986; x_wconf 88' lang='lat' dir='ltr'><strong>quaestiones</strong></span> <span class='ocrx_word' id='word_1_156' title='bbox 958 1908 1007 1967; x_wconf 81' lang='lat' dir='ltr'><strong>uel</strong></span> <span class='ocrx_word' id='word_1_157' title='bbox 1028 1909 1122 1986; x_wconf 89' lang='lat' dir='ltr'><strong>capita</strong></span> <span class='ocrx_word' id='word_1_158' title='bbox 1143 1907 1283 1984; x_wconf 88' lang='lat' dir='ltr'><strong>quaedam</strong></span> 
     </span>
     <span class='ocr_line' id='line_1_19' title="bbox 292 1991 1281 2069; baseline -0.006 -16"><span class='ocrx_word' id='word_1_159' title='bbox 292 1995 417 2060; x_wconf 89' lang='lat' dir='ltr'><strong>minora;</strong></span> <span class='ocrx_word' id='word_1_160' title='bbox 433 1992 498 2053; x_wconf 91' lang='lat' dir='ltr'><strong>dum</strong></span> <span class='ocrx_word' id='word_1_161' title='bbox 513 1993 613 2067; x_wconf 90' lang='lat' dir='ltr'><strong>sciant,</strong></span> <span class='ocrx_word' id='word_1_162' title='bbox 630 1992 698 2051; x_wconf 89' lang='lat' dir='ltr'><strong>nihil</strong></span> <span class='ocrx_word' id='word_1_163' title='bbox 713 2010 749 2051; x_wconf 91' lang='lat' dir='ltr'><strong>ne</strong></span> <span class='ocrx_word' id='word_1_164' title='bbox 764 1995 793 2051; x_wconf 92' lang='lat' dir='ltr'><strong>in</strong></span> <span class='ocrx_word' id='word_1_165' title='bbox 804 1991 847 2050; x_wconf 90' lang='lat' dir='ltr'><strong>his</strong></span> <span class='ocrx_word' id='word_1_166' title='bbox 861 1992 975 2069; x_wconf 88' lang='lat' dir='ltr'><strong>quidem</strong></span> <span class='ocrx_word' id='word_1_167' title='bbox 994 1999 1109 2068; x_wconf 87' lang='lat' dir='ltr'><strong>praeter</strong></span> <span class='ocrx_word' id='word_1_168' title='bbox 1124 1993 1188 2065; x_wconf 88' lang='lat' dir='ltr'><strong>tria,</strong></span> <span class='ocrx_word' id='word_1_169' title='bbox 1207 2008 1281 2067; x_wconf 92' lang='lat' dir='ltr'><strong>quae</strong></span> 
     </span>
     <span class='ocr_line' id='line_1_20' title="bbox 292 2071 1325 2156; baseline 0 -20"><span class='ocrx_word' id='word_1_170' title='bbox 292 2076 503 2156; x_wconf 83' lang='lat' dir='ltr'><strong>praediximus,</strong></span> <span class='ocrx_word' id='word_1_171' title='bbox 522 2078 630 2154; x_wconf 88' lang='lat' dir='ltr'><strong>quaeri.</strong></span> <span class='ocrx_word' id='word_1_172' title='bbox 660 2075 700 2134; x_wconf 79' lang='lat' dir='ltr'><strong>At</strong></span> <span class='ocrx_word' id='word_1_173' title='bbox 715 2073 876 2149; x_wconf 83' lang='lat' dir='ltr'><strong>Quantum?</strong></span> <span class='ocrx_word' id='word_1_174' title='bbox 891 2083 919 2134; x_wconf 91' lang='lat' dir='ltr'><strong>et</strong></span> <span class='ocrx_word' id='word_1_175' title='bbox 935 2074 1026 2148; x_wconf 82' lang='lat' dir='ltr'><strong>Quam</strong></span> <span class='ocrx_word' id='word_1_176' title='bbox 1042 2071 1179 2133; x_wconf 80' lang='lat' dir='ltr'><strong>multumt</strong></span> <span class='ocrx_word' id='word_1_177' title='bbox 1194 2083 1224 2131; x_wconf 90' lang='lat' dir='ltr'><strong>et</strong></span> <span class='ocrx_word' id='word_1_178' title='bbox 1238 2073 1325 2136; x_wconf 78' lang='lat' dir='ltr'><strong>Adeo</strong></span> 
     </span>
     <span class='ocr_line' id='line_1_21' title="bbox 291 2157 1282 2239; baseline -0.006 -18"><span class='ocrx_word' id='word_1_179' title='bbox 291 2159 398 2239; x_wconf 90' lang='lat' dir='ltr'><strong>aliquid</strong></span> <span class='ocrx_word' id='word_1_180' title='bbox 414 2168 453 2235; x_wconf 89' lang='lat' dir='ltr'><strong>et,</strong></span> <span class='ocrx_word' id='word_1_181' title='bbox 470 2168 501 2218; x_wconf 92' lang='lat' dir='ltr'><strong>ut</strong></span> <span class='ocrx_word' id='word_1_182' title='bbox 514 2161 641 2220; x_wconf 91' lang='lat' dir='ltr'><strong>nonnulli</strong></span> <span class='ocrx_word' id='word_1_183' title='bbox 656 2167 837 2238; x_wconf 86' lang='lat' dir='ltr'><strong>putaverunt,</strong></span> <span class='ocrx_word' id='word_1_184' title='bbox 861 2159 1071 2236; x_wconf 88' lang='lat' dir='ltr'><strong>comparativus</strong></span> <span class='ocrx_word' id='word_1_185' title='bbox 1088 2174 1145 2215; x_wconf 90' lang='lat' dir='ltr'><strong>non</strong></span> <span class='ocrx_word' id='word_1_186' title='bbox 1163 2157 1282 2239; x_wconf 86' lang='lat' dir='ltr'><strong>eandem</strong></span> 
     </span>
     <span class='ocr_line' id='line_1_22' title="bbox 292 2240 1282 2312; baseline -0.007 -7"><span class='ocrx_word' id='word_1_187' title='bbox 292 2247 435 2305; x_wconf 92' lang='lat' dir='ltr'><strong>rationem</strong></span> <span class='ocrx_word' id='word_1_188' title='bbox 448 2243 569 2312; x_wconf 88' lang='lat' dir='ltr'><strong>hahent;</strong></span> <span class='ocrx_word' id='word_1_189' title='bbox 585 2253 649 2302; x_wconf 90' lang='lat' dir='ltr'><strong>sunt</strong></span> <span class='ocrx_word' id='word_1_190' title='bbox 665 2244 737 2301; x_wconf 88' lang='lat' dir='ltr'><strong>onim</strong></span> <span class='ocrx_word' id='word_1_191' title='bbox 752 2242 826 2307; x_wconf 88' lang='lat' dir='ltr'><strong>haec</strong></span> <span class='ocrx_word' id='word_1_192' title='bbox 841 2258 897 2299; x_wconf 95' lang='lat' dir='ltr'><strong>non</strong></span> <span class='ocrx_word' id='word_1_193' title='bbox 912 2241 947 2300; x_wconf 94' lang='lat' dir='ltr'><strong>ad</strong></span> <span class='ocrx_word' id='word_1_194' title='bbox 961 2242 1128 2299; x_wconf 83' lang='lat' dir='ltr'><strong>varietatem</strong></span> <span class='ocrx_word' id='word_1_195' title='bbox 1145 2242 1214 2299; x_wconf 90' lang='lat' dir='ltr'><strong>iuris</strong></span> <span class='ocrx_word' id='word_1_196' title='bbox 1230 2240 1282 2298; x_wconf 91' lang='lat' dir='ltr'><strong>sed</strong></span> 
     </span>
     <span class='ocr_line' id='line_1_23' title="bbox 278 2323 1326 2403; baseline -0.003 -15"><span class='ocrx_word' id='word_1_197' title='bbox 278 2323 325 2388; x_wconf 62' lang='lat' dir='ltr'><strong>*ad</strong></span> <span class='ocrx_word' id='word_1_198' title='bbox 340 2327 436 2387; x_wconf 89' lang='lat' dir='ltr'><strong>solam</strong></span> <span class='ocrx_word' id='word_1_199' title='bbox 451 2329 590 2387; x_wconf 88' lang='lat' dir='ltr'><strong>rationem</strong></span> <span class='ocrx_word' id='word_1_200' title='bbox 604 2326 772 2401; x_wconf 79' lang='lat' dir='ltr'><strong>referenda,</strong></span> <span class='ocrx_word' id='word_1_201' title='bbox 794 2326 920 2403; x_wconf 86' lang='lat' dir='ltr'><strong>ideoque</strong></span> <span class='ocrx_word' id='word_1_202' title='bbox 944 2342 1059 2402; x_wconf 89' lang='lat' dir='ltr'><strong>semper</strong></span> <span class='ocrx_word' id='word_1_203' title='bbox 1078 2327 1107 2383; x_wconf 93' lang='lat' dir='ltr'><strong>in</strong></span> <span class='ocrx_word' id='word_1_204' title='bbox 1131 2330 1283 2402; x_wconf 65' lang='lat' dir='ltr'><strong>parteaut</strong></span> <span class='ocrx_word' id='word_1_205' title='bbox 1315 2367 1326 2385; x_wconf 69' lang='grc'>,</span> 
     </span>
     <span class='ocr_line' id='line_1_24' title="bbox 292 2402 1284 2489; baseline -0.006 -17"><span class='ocrx_word' id='word_1_206' title='bbox 292 2414 478 2472; x_wconf 85' lang='lat' dir='ltr'><strong>coniecturae</strong></span> <span class='ocrx_word' id='word_1_207' title='bbox 496 2421 542 2471; x_wconf 90' lang='lat' dir='ltr'><strong>aut</strong></span> <span class='ocrx_word' id='word_1_208' title='bbox 563 2412 704 2489; x_wconf 86' lang='lat' dir='ltr'><strong>qualitatis</strong></span> <span class='ocrx_word' id='word_1_209' title='bbox 724 2409 857 2487; x_wconf 89' lang='lat' dir='ltr'><strong>ponenda</strong></span> <span class='ocrx_word' id='word_1_210' title='bbox 876 2416 959 2485; x_wconf 90' lang='lat' dir='ltr'><strong>sunt,</strong></span> <span class='ocrx_word' id='word_1_211' title='bbox 980 2417 1011 2468; x_wconf 89' lang='lat' dir='ltr'><strong>ut</strong></span> <span class='ocrx_word' id='word_1_212' title='bbox 1033 2407 1096 2482; x_wconf 80' lang='lat' dir='ltr'><strong>oua</strong></span> <span class='ocrx_word' id='word_1_213' title='bbox 1116 2402 1232 2467; x_wconf 76' lang='lat' dir='ltr'><strong>mente?</strong></span> <span class='ocrx_word' id='word_1_214' title='bbox 1247 2414 1284 2469; x_wconf 70' lang='lat' dir='ltr'><strong>‚ct</strong></span> 
     </span>
     <span class='ocr_line' id='line_1_25' title="bbox 292 2490 753 2573; baseline -0.007 -18"><span class='ocrx_word' id='word_1_215' title='bbox 292 2495 358 2570; x_wconf 78' lang='lat' dir='ltr'><strong>Quo</strong></span> <span class='ocrx_word' id='word_1_216' title='bbox 373 2492 527 2573; x_wconf 80' lang='lat' dir='ltr'><strong>tempore?</strong></span> <span class='ocrx_word' id='word_1_217' title='bbox 543 2505 572 2555; x_wconf 91' lang='lat' dir='ltr'><strong>et</strong></span> <span class='ocrx_word' id='word_1_218' title='bbox 587 2494 650 2568; x_wconf 82' lang='lat' dir='ltr'><strong>Quo</strong></span> <span class='ocrx_word' id='word_1_219' title='bbox 665 2490 753 2554; x_wconf 84' lang='lat' dir='ltr'><strong>locoi</strong></span> 
     </span>
     <span class='ocr_line' id='line_1_26' title="bbox 377 2575 1324 2655; baseline 0 -17"><span class='ocrx_word' id='word_1_220' title='bbox 377 2577 438 2638; x_wconf 83' lang='lat' dir='ltr'><strong>Sed</strong></span> <span class='ocrx_word' id='word_1_221' title='bbox 460 2579 496 2639; x_wconf 86' lang='lat' dir='ltr'><strong>da</strong></span> <span class='ocrx_word' id='word_1_222' title='bbox 517 2578 646 2655; x_wconf 71' lang='lat' dir='ltr'><strong>singulis</strong></span> <span class='ocrx_word' id='word_1_223' title='bbox 666 2578 792 2638; x_wconf 90' lang='lat' dir='ltr'><strong>dicemus</strong></span> <span class='ocrx_word' id='word_1_224' title='bbox 814 2575 1046 2655; x_wconf 87' lang='lat' dir='ltr'><strong>quaestionibus,</strong></span> <span class='ocrx_word' id='word_1_225' title='bbox 1073 2594 1137 2635; x_wconf 89' lang='lat' dir='ltr'><strong>cum</strong></span> <span class='ocrx_word' id='word_1_226' title='bbox 1160 2582 1324 2638; x_wconf 81' lang='lat' dir='ltr'><strong>tractareitl</strong></span> 
     </span>
     <span class='ocr_line' id='line_1_27' title="bbox 291 2659 1283 2743; baseline -0.004 -21"><span class='ocrx_word' id='word_1_227' title='bbox 291 2671 453 2743; x_wconf 88' lang='lat' dir='ltr'><strong>praecepta</strong></span> <span class='ocrx_word' id='word_1_228' title='bbox 468 2663 615 2722; x_wconf 91' lang='lat' dir='ltr'><strong>divisionis</strong></span> <span class='ocrx_word' id='word_1_229' title='bbox 632 2663 823 2739; x_wconf 88' lang='lat' dir='ltr'><strong>coeperimus.</strong></span> <span class='ocrx_word' id='word_1_230' title='bbox 854 2661 917 2720; x_wconf 89' lang='lat' dir='ltr'><strong>lloc</strong></span> <span class='ocrx_word' id='word_1_231' title='bbox 931 2662 1005 2720; x_wconf 92' lang='lat' dir='ltr'><strong>inter</strong></span> <span class='ocrx_word' id='word_1_232' title='bbox 1022 2677 1121 2719; x_wconf 88' lang='lat' dir='ltr'><strong>omnes</strong></span> <span class='ocrx_word' id='word_1_233' title='bbox 1138 2659 1283 2734; x_wconf 86' lang='lat' dir='ltr'><strong>convenit,</strong></span> 
     </span>
     <span class='ocr_line' id='line_1_28' title="bbox 292 2745 1284 2824; baseline -0.004 -19"><span class='ocrx_word' id='word_1_234' title='bbox 292 2749 319 2806; x_wconf 90' lang='lat' dir='ltr'><strong>iu</strong></span> <span class='ocrx_word' id='word_1_235' title='bbox 334 2747 433 2807; x_wconf 85' lang='lat' dir='ltr'><strong>causis</strong></span> <span class='ocrx_word' id='word_1_236' title='bbox 456 2746 632 2824; x_wconf 86' lang='lat' dir='ltr'><strong>simplicibus</strong></span> <span class='ocrx_word' id='word_1_237' title='bbox 654 2745 783 2823; x_wconf 84' lang='lat' dir='ltr'><strong>singulos</strong></span> <span class='ocrx_word' id='word_1_238' title='bbox 805 2753 896 2804; x_wconf 89' lang='lat' dir='ltr'><strong>status</strong></span> <span class='ocrx_word' id='word_1_239' title='bbox 918 2763 985 2803; x_wconf 90' lang='lat' dir='ltr'><strong>esse</strong></span> <span class='ocrx_word' id='word_1_240' title='bbox 1008 2761 1173 2818; x_wconf 88' lang='lat' dir='ltr'><strong>causarum,</strong></span> <span class='ocrx_word' id='word_1_241' title='bbox 1197 2759 1284 2821; x_wconf 91' lang='lat' dir='ltr'><strong>quae·</strong></span> 
     </span>
     <span class='ocr_line' id='line_1_29' title="bbox 293 2826 1284 2908; baseline -0.005 -18"><span class='ocrx_word' id='word_1_242' title='bbox 293 2833 419 2890; x_wconf 88' lang='lat' dir='ltr'><strong>stionum</strong></span> <span class='ocrx_word' id='word_1_243' title='bbox 441 2839 553 2906; x_wconf 90' lang='lat' dir='ltr'><strong>autem,</strong></span> <span class='ocrx_word' id='word_1_244' title='bbox 582 2847 656 2908; x_wconf 88' lang='lat' dir='ltr'><strong>quae</strong></span> <span class='ocrx_word' id='word_1_245' title='bbox 677 2830 758 2889; x_wconf 84' lang='lat' dir='ltr'><strong>velut</strong></span> <span class='ocrx_word' id='word_1_246' title='bbox 778 2829 927 2888; x_wconf 89' lang='lat' dir='ltr'><strong>subiacent</strong></span> <span class='ocrx_word' id='word_1_247' title='bbox 948 2828 992 2887; x_wconf 92' lang='lat' dir='ltr'><strong>his</strong></span> <span class='ocrx_word' id='word_1_248' title='bbox 1015 2828 1099 2888; x_wconf 87' lang='lat' dir='ltr'><strong>etad</strong></span> <span class='ocrx_word' id='word_1_249' title='bbox 1120 2826 1204 2903; x_wconf 86' lang='lat' dir='ltr'><strong>illud,</strong></span> <span class='ocrx_word' id='word_1_250' title='bbox 1227 2843 1284 2904; x_wconf 94' lang='lat' dir='ltr'><strong>quo</strong></span> 
     </span>
     <span class='ocr_line' id='line_1_30' title="bbox 293 2909 1285 2991; baseline -0.004 -19"><span class='ocrx_word' id='word_1_251' title='bbox 293 2913 428 2974; x_wconf 91' lang='lat' dir='ltr'><strong>iudicium</strong></span> <span class='ocrx_word' id='word_1_252' title='bbox 443 2909 614 2987; x_wconf 87' lang='lat' dir='ltr'><strong>continetur,</strong></span> <span class='ocrx_word' id='word_1_253' title='bbox 630 2912 804 2986; x_wconf 82' lang='lat' dir='ltr'><strong>referuntur,</strong></span> <span class='ocrx_word' id='word_1_254' title='bbox 823 2930 913 2991; x_wconf 87' lang='lat' dir='ltr'><strong>saepe</strong></span> <span class='ocrx_word' id='word_1_255' title='bbox 925 2913 954 2971; x_wconf 93' lang='lat' dir='ltr'><strong>in</strong></span> <span class='ocrx_word' id='word_1_256' title='bbox 968 2929 1051 2972; x_wconf 90' lang='lat' dir='ltr'><strong>unam</strong></span> <span class='ocrx_word' id='word_1_257' title='bbox 1065 2911 1170 2972; x_wconf 89' lang='lat' dir='ltr'><strong>cadere</strong></span> <span class='ocrx_word' id='word_1_258' title='bbox 1186 2910 1285 2989; x_wconf 89' lang='lat' dir='ltr'><strong>plures</strong></span> 
     </span>
     <span class='ocr_line' id='line_1_31' title="bbox 293 2994 1328 3076; baseline 0.001 -19"><span class='ocrx_word' id='word_1_259' title='bbox 293 3014 399 3076; x_wconf 86' lang='lat' dir='ltr'><strong>posse;</strong></span> <span class='ocrx_word' id='word_1_260' title='bbox 423 2996 531 3074; x_wconf 77' lang='lat' dir='ltr'><strong>(etiam</strong></span> <span class='ocrx_word' id='word_1_261' title='bbox 547 2996 635 3056; x_wconf 89' lang='lat' dir='ltr'><strong>credo</strong></span> <span class='ocrx_word' id='word_1_262' title='bbox 651 2995 805 3073; x_wconf 90' lang='lat' dir='ltr'><strong>aliquando</strong></span> <span class='ocrx_word' id='word_1_263' title='bbox 819 2994 958 3071; x_wconf 88' lang='lat' dir='ltr'><strong>dubitari,</strong></span> <span class='ocrx_word' id='word_1_264' title='bbox 983 3013 1040 3074; x_wconf 93' lang='lat' dir='ltr'><strong>quo</strong></span> <span class='ocrx_word' id='word_1_265' title='bbox 1065 3005 1139 3055; x_wconf 88' lang='lat' dir='ltr'><strong>statu</strong></span> <span class='ocrx_word' id='word_1_266' title='bbox 1154 2996 1192 3053; x_wconf 91' lang='lat' dir='ltr'><strong>sit</strong></span> <span class='ocrx_word' id='word_1_267' title='bbox 1205 3003 1328 3058; x_wconf 75' lang='lat' dir='ltr'><strong>utcu-9²</strong></span> 
     </span>
     <span class='ocr_line' id='line_1_32' title="bbox 295 3079 1287 3158; baseline -0.002 -19"><span class='ocrx_word' id='word_1_268' title='bbox 295 3080 374 3155; x_wconf 92' lang='lat' dir='ltr'><strong>dum,</strong></span> <span class='ocrx_word' id='word_1_269' title='bbox 403 3096 466 3139; x_wconf 85' lang='lat' dir='ltr'><strong>oum</strong></span> <span class='ocrx_word' id='word_1_270' title='bbox 482 3080 619 3140; x_wconf 89' lang='lat' dir='ltr'><strong>adversus</strong></span> <span class='ocrx_word' id='word_1_271' title='bbox 642 3098 723 3139; x_wconf 93' lang='lat' dir='ltr'><strong>unam</strong></span> <span class='ocrx_word' id='word_1_272' title='bbox 739 3080 922 3138; x_wconf 83' lang='lat' dir='ltr'><strong>intentionenr</strong></span> <span class='ocrx_word' id='word_1_273' title='bbox 938 3079 1021 3158; x_wconf 94' lang='lat' dir='ltr'><strong>plura</strong></span> <span class='ocrx_word' id='word_1_274' title='bbox 1039 3087 1234 3158; x_wconf 81' lang='lat' dir='ltr'><strong>opponuntur:</strong></span> <span class='ocrx_word' id='word_1_275' title='bbox 1256 3085 1287 3137; x_wconf 90' lang='lat' dir='ltr'><strong>et</strong></span> 
     </span>
     <span class='ocr_line' id='line_1_33' title="bbox 296 3163 1287 3240; baseline -0.002 -18"><span class='ocrx_word' id='word_1_276' title='bbox 296 3165 369 3223; x_wconf 89' lang='lat' dir='ltr'><strong>sicut</strong></span> <span class='ocrx_word' id='word_1_277' title='bbox 386 3164 415 3222; x_wconf 93' lang='lat' dir='ltr'><strong>in</strong></span> <span class='ocrx_word' id='word_1_278' title='bbox 431 3163 533 3228; x_wconf 89' lang='lat' dir='ltr'><strong>colore</strong></span> <span class='ocrx_word' id='word_1_279' title='bbox 548 3163 651 3225; x_wconf 92' lang='lat' dir='ltr'><strong>dicitur</strong></span> <span class='ocrx_word' id='word_1_280' title='bbox 665 3164 852 3237; x_wconf 90' lang='lat' dir='ltr'><strong>narrationis,</strong></span> <span class='ocrx_word' id='word_1_281' title='bbox 870 3180 934 3222; x_wconf 87' lang='lat' dir='ltr'><strong>eum</strong></span> <span class='ocrx_word' id='word_1_282' title='bbox 950 3181 1016 3222; x_wconf 87' lang='lat' dir='ltr'><strong>esse</strong></span> <span class='ocrx_word' id='word_1_283' title='bbox 1032 3164 1184 3240; x_wconf 86' lang='lat' dir='ltr'><strong>optimum,</strong></span> <span class='ocrx_word' id='word_1_284' title='bbox 1202 3178 1287 3238; x_wconf 86' lang='lat' dir='ltr'><strong>quem</strong></span> 
     </span>
     <span class='ocr_line' id='line_1_34' title="bbox 295 3246 1287 3324; baseline -0.002 -18"><span class='ocrx_word' id='word_1_285' title='bbox 295 3255 378 3306; x_wconf 89' lang='lat' dir='ltr'><strong>actor</strong></span> <span class='ocrx_word' id='word_1_286' title='bbox 393 3248 502 3324; x_wconf 89' lang='lat' dir='ltr'><strong>optime</strong></span> <span class='ocrx_word' id='word_1_287' title='bbox 517 3256 644 3308; x_wconf 90' lang='lat' dir='ltr'><strong>tueatur:</strong></span> <span class='ocrx_word' id='word_1_288' title='bbox 668 3248 706 3307; x_wconf 91' lang='lat' dir='ltr'><strong>ita</strong></span> <span class='ocrx_word' id='word_1_289' title='bbox 721 3246 768 3308; x_wconf 89' lang='lat' dir='ltr'><strong>hic</strong></span> <span class='ocrx_word' id='word_1_290' title='bbox 784 3262 900 3324; x_wconf 92' lang='lat' dir='ltr'><strong>quoque</strong></span> <span class='ocrx_word' id='word_1_291' title='bbox 913 3264 1001 3324; x_wconf 87' lang='lat' dir='ltr'><strong>posse</strong></span> <span class='ocrx_word' id='word_1_292' title='bbox 1017 3246 1088 3319; x_wconf 82' lang='lat' dir='ltr'><strong>dini,</strong></span> <span class='ocrx_word' id='word_1_293' title='bbox 1105 3263 1170 3303; x_wconf 88' lang='lat' dir='ltr'><strong>aum</strong></span> <span class='ocrx_word' id='word_1_294' title='bbox 1184 3254 1287 3305; x_wconf 87' lang='lat' dir='ltr'><strong>statum</strong></span> 
     </span>
     <span class='ocr_line' id='line_1_35' title="bbox 295 3329 1288 3409; baseline -0.002 -20"><span class='ocrx_word' id='word_1_295' title='bbox 295 3347 364 3389; x_wconf 90' lang='lat' dir='ltr'><strong>esse</strong></span> <span class='ocrx_word' id='word_1_296' title='bbox 385 3329 562 3406; x_wconf 89' lang='lat' dir='ltr'><strong>iaciendum,</strong></span> <span class='ocrx_word' id='word_1_297' title='bbox 589 3332 617 3390; x_wconf 92' lang='lat' dir='ltr'><strong>in</strong></span> <span class='ocrx_word' id='word_1_298' title='bbox 638 3347 694 3409; x_wconf 95' lang='lat' dir='ltr'><strong>quo</strong></span> <span class='ocrx_word' id='word_1_299' title='bbox 719 3331 826 3391; x_wconf 90' lang='lat' dir='ltr'><strong>tuendo</strong></span> <span class='ocrx_word' id='word_1_300' title='bbox 847 3330 998 3408; x_wconf 89' lang='lat' dir='ltr'><strong>plurimum</strong></span> <span class='ocrx_word' id='word_1_301' title='bbox 1017 3329 1156 3390; x_wconf 84' lang='lat' dir='ltr'><strong>adhihere</strong></span> <span class='ocrx_word' id='word_1_302' title='bbox 1187 3331 1288 3388; x_wconf 78' lang='lat' dir='ltr'><strong>uirium</strong></span> 
     </span>
     <span class='ocr_line' id='line_1_36' title="bbox 295 3411 1330 3500; baseline 0.001 -27"><span class='ocrx_word' id='word_1_303' title='bbox 295 3415 389 3492; x_wconf 89' lang='lat' dir='ltr'><strong>possit</strong></span> <span class='ocrx_word' id='word_1_304' title='bbox 416 3423 527 3481; x_wconf 92' lang='lat' dir='ltr'><strong>orator;</strong></span> <span class='ocrx_word' id='word_1_305' title='bbox 554 3413 680 3500; x_wconf 85' lang='lat' dir='ltr'><strong>ideoque</strong></span> <span class='ocrx_word' id='word_1_306' title='bbox 709 3432 762 3492; x_wconf 91' lang='lat' dir='ltr'><strong>pro</strong></span> <span class='ocrx_word' id='word_1_307' title='bbox 790 3413 897 3473; x_wconf 86' lang='lat' dir='ltr'><strong>Milone</strong></span> <span class='ocrx_word' id='word_1_308' title='bbox 924 3413 1000 3474; x_wconf 91' lang='lat' dir='ltr'><strong>aliud</strong></span> <span class='ocrx_word' id='word_1_309' title='bbox 1029 3411 1164 3475; x_wconf 83' lang='lat' dir='ltr'><strong>Ciceroni</strong></span> <span class='ocrx_word' id='word_1_310' title='bbox 1191 3413 1330 3489; x_wconf 82' lang='lat' dir='ltr'><strong>agenti93</strong></span> 
     </span>
     <span class='ocr_line' id='line_1_37' title="bbox 296 3497 1289 3576; baseline -0.004 -19"><span class='ocrx_word' id='word_1_311' title='bbox 296 3497 405 3575; x_wconf 88' lang='lat' dir='ltr'><strong>placuit</strong></span> <span class='ocrx_word' id='word_1_312' title='bbox 427 3497 504 3557; x_wconf 92' lang='lat' dir='ltr'><strong>aliud</strong></span> <span class='ocrx_word' id='word_1_313' title='bbox 524 3497 631 3576; x_wconf 90' lang='lat' dir='ltr'><strong>Bruto,</strong></span> <span class='ocrx_word' id='word_1_314' title='bbox 660 3517 723 3558; x_wconf 90' lang='lat' dir='ltr'><strong>cum</strong></span> <span class='ocrx_word' id='word_1_315' title='bbox 743 3499 959 3557; x_wconf 85' lang='lat' dir='ltr'><strong>exercitationis</strong></span> <span class='ocrx_word' id='word_1_316' title='bbox 979 3499 1073 3573; x_wconf 66' lang='lat' dir='ltr'><strong>qratia</strong></span> <span class='ocrx_word' id='word_1_317' title='bbox 1100 3502 1289 3575; x_wconf 80' lang='lat' dir='ltr'><strong>componeret</strong></span> 
     </span>
     <span class='ocr_line' id='line_1_38' title="bbox 297 3581 1287 3659; baseline -0.003 -19"><span class='ocrx_word' id='word_1_318' title='bbox 297 3583 470 3657; x_wconf 90' lang='lat' dir='ltr'><strong>orationem,</strong></span> <span class='ocrx_word' id='word_1_319' title='bbox 488 3600 551 3640; x_wconf 90' lang='lat' dir='ltr'><strong>cum</strong></span> <span class='ocrx_word' id='word_1_320' title='bbox 566 3582 616 3642; x_wconf 89' lang='lat' dir='ltr'><strong>ille</strong></span> <span class='ocrx_word' id='word_1_321' title='bbox 632 3583 693 3641; x_wconf 90' lang='lat' dir='ltr'><strong>iure</strong></span> <span class='ocrx_word' id='word_1_322' title='bbox 709 3591 841 3659; x_wconf 92' lang='lat' dir='ltr'><strong>tanquam</strong></span> <span class='ocrx_word' id='word_1_323' title='bbox 856 3581 1051 3640; x_wconf 89' lang='lat' dir='ltr'><strong>insidiatorem</strong></span> <span class='ocrx_word' id='word_1_324' title='bbox 1062 3583 1191 3640; x_wconf 91' lang='lat' dir='ltr'><strong>occisum</strong></span> <span class='ocrx_word' id='word_1_325' title='bbox 1203 3586 1233 3638; x_wconf 93' lang='lat' dir='ltr'><strong>et</strong></span> <span class='ocrx_word' id='word_1_326' title='bbox 1246 3585 1287 3637; x_wconf 91' lang='lat' dir='ltr'><strong>ta·</strong></span> 
     </span>
     <span class='ocr_line' id='line_1_39' title="bbox 295 3663 1287 3744; baseline -0.005 -19"><span class='ocrx_word' id='word_1_327' title='bbox 295 3681 361 3725; x_wconf 84' lang='lat' dir='ltr'><strong>men</strong></span> <span class='ocrx_word' id='word_1_328' title='bbox 377 3681 435 3724; x_wconf 95' lang='lat' dir='ltr'><strong>non</strong></span> <span class='ocrx_word' id='word_1_329' title='bbox 450 3663 564 3725; x_wconf 86' lang='lat' dir='ltr'><strong>liilouis</strong></span> <span class='ocrx_word' id='word_1_330' title='bbox 580 3665 702 3727; x_wconf 90' lang='lat' dir='ltr'><strong>consilio</strong></span> <span class='ocrx_word' id='word_1_331' title='bbox 718 3665 840 3742; x_wconf 88' lang='lat' dir='ltr'><strong>dixerit,</strong></span> <span class='ocrx_word' id='word_1_332' title='bbox 864 3664 914 3726; x_wconf 86' lang='lat' dir='ltr'><strong>illa</strong></span> <span class='ocrx_word' id='word_1_333' title='bbox 930 3666 1014 3727; x_wconf 88' lang='lat' dir='ltr'><strong>etiam</strong></span> <span class='ocrx_word' id='word_1_334' title='bbox 1029 3665 1169 3744; x_wconf 82' lang='lat' dir='ltr'><strong>gloriatus</strong></span> <span class='ocrx_word' id='word_1_335' title='bbox 1185 3664 1221 3722; x_wconf 91' lang='lat' dir='ltr'><strong>sit</strong></span> <span class='ocrx_word' id='word_1_336' title='bbox 1238 3677 1287 3726; x_wconf 89' lang='lat' dir='ltr'><strong>oc·</strong></span> 
     </span>
     <span class='ocr_line' id='line_1_40' title="bbox 337 3748 1130 3816; baseline -0.004 -7"><span class='ocrx_word' id='word_1_337' title='bbox 337 3767 529 3816; x_wconf 76' lang='lat' dir='ltr'><strong>n.x.ou1urm</strong></span> <span class='ocrx_word' id='word_1_338' title='bbox 1106 3748 1130 3813; x_wconf 58' lang='grc' dir='ltr'>Β</span> 
     </span>
    </p>
   </div>
   <div class='ocr_carea' id='block_1_3' title="bbox 0 0 1600 4409">
    <p class='ocr_par' dir='ltr' id='par_1_3' title="bbox 0 0 1600 4409">
     <span class='ocr_line' id='line_1_41' title="bbox 0 0 1600 4409; baseline 0 0"><span class='ocrx_word' id='word_1_339' title='bbox 0 0 1600 4409; x_wconf 95' lang='lat' dir='ltr'><strong> </strong></span> 
     </span>
    </p>
   </div>
  </div>
 </body>
</html>
