3184 4409
337 452 399 514 230
644 466 683 513 ra.
697 464 776 512 nna.
794 464 1012 525 ounrrrnum

337 629 393 680 tam
417 621 455 679 sit
474 619 591 679 stultum
611 637 695 698 quarn
717 620 748 678 in
768 619 956 680 clarissimum
975 620 1069 680 solem
1090 620 1214 681 mortale
1235 622 1331 683 lumen

337 704 454 763 inferre.
922 718 924 721 ·
992 752 995 760 1

312 799 329 854 9
422 786 473 846 llis
495 786 607 864 quidam
626 785 815 864 probationes
835 785 985 861 adiiciunt,
1008 803 1080 864 quas
1094 779 1266 864 παθῃικᾶς
1280 807 1331 848 ro·

338 879 418 946 cant,
442 870 542 929 ductas
563 869 845 930 exaffectibns.
890 869 987 947 Atque
1008 869 1186 930 Aristoteles
1213 873 1330 950 quidem

338 956 566 1034 potentissimum
584 962 664 1032 putat
682 971 719 1012 ex
738 971 792 1029 eo,
814 955 862 1031 qui
886 953 970 1030 dicit,
1000 955 1030 1013 si
1051 957 1100 1014 sit
1118 957 1176 1014 vir
1197 955 1330 1024 bonus;

339 1039 417 1117 quod
433 1046 462 1096 ut
477 1039 613 1115 optimum
631 1046 691 1096 est:
713 1038 752 1096 ita
775 1036 864 1114 longe
880 1037 994 1114 quidem
1009 1039 1064 1097 sed
1078 1041 1210 1116 sequitur
1224 1047 1330 1115 tamen,

298 1122 472 1188 lovideri.
507 1120 578 1181 lnde
594 1123 668 1180 enim
682 1121 733 1180 illa
748 1120 853 1180 nobilis
868 1122 969 1180 Scauri
989 1122 1137 1181 defensio:
1160 1120 1197 1195 Q.
1218 1121 1333 1184 Varius

337 1207 540 1268 Sucronensis
560 1207 605 1265 cit
617 1202 776 1266 Aemilium
793 1203 949 1266 Scaurum
968 1224 1033 1267 rem
1051 1208 1207 1284 publicam
1224 1210 1333 1286 populi

337 1291 467 1352 bomani
486 1289 680 1367 proditiosa·
701 1285 847 1350 deradice
867 1286 1009 1350 socam
1026 1298 1128 1367 nepot.
1167 1288 1220 1348 Cui
1235 1291 1331 1350 simile

339 1374 471 1454 quiddam
491 1373 599 1432 fecisse
620 1371 779 1448 Iphicrates
796 1372 915 1447 dicitur,
939 1374 987 1450 qni
1003 1391 1067 1432 curn
1079 1373 1329 1450 Aristophontem,

339 1475 396 1537 quo
415 1465 569 1516 accusante
582 1455 681 1514 similis
698 1457 823 1514 criminis
839 1474 907 1515 reus
922 1466 993 1532 erat,
1009 1458 1236 1534 interrogasset,
1254 1476 1290 1516 an
1306 1459 1331 1516 is

339 1550 459 1618 accepta
481 1539 601 1617 pecunia
622 1557 684 1597 rem
714 1537 858 1616 publicam
881 1539 1046 1617 proditurus
1073 1549 1167 1607 essem
1197 1542 1282 1619 isque
1303 1541 1333 1600 id

299 1637 328 1689 ll
337 1632 489 1707 negasset:
512 1621 601 1696 Quod
617 1624 707 1698 dicis,
723 1623 829 1699 inquit,
845 1630 874 1683 tc
889 1642 948 1683 noa
960 1624 1083 1702 seriem,
1099 1643 1154 1703 epo
1166 1625 1256 1703 feci?
1287 1624 1332 1683 ln-

339 1707 474 1768 tuendbm
490 1716 584 1766 autem
600 1715 645 1781 et,
663 1707 712 1784 qui
726 1707 777 1781 sit,
799 1705 874 1783 apud
891 1724 976 1784 quem
991 1706 1127 1782 dicimus,
1148 1716 1179 1766 et
1192 1707 1235 1782 id,
1253 1708 1333 1787 quod

338 1791 380 1851 illi
395 1791 515 1849 maxime
530 1790 682 1868 probabile
697 1790 844 1864 videatur,
867 1791 1083 1868 requirendum
1106 1808 1162 1868 qua
1181 1791 1217 1850 de
1231 1810 1265 1851 re
1288 1792 1332 1853 lo·

301 1876 396 1938 iaculi
419 1891 515 1934 sumus
536 1883 564 1933 et
583 1876 724 1952 prooemii
747 1881 777 1932 et
800 1874 950 1934 suasoriae
966 1877 1143 1952 praeceptis.
1171 1874 1275 1935 Altera
1294 1893 1333 1934 ex

340 1958 600 2019 affirmatione
623 1957 757 2036 probatio
775 1966 836 2017 est:
858 1955 1088 2036 Epobocfeci;
1117 1957 1161 2018 Tc
1180 1959 1253 2018 mibi
1274 1960 1333 2020 boc

340 2045 463 2111 dimisti·
484 2051 512 2101 et
537 2039 700 2120 Ofacc'nus
721 2042 897 2120 indiprmm!
917 2050 947 2101 et
967 2041 1083 2109 similia;
1106 2059 1179 2119 quas
1200 2058 1259 2100 non
1281 2043 1332 2102 de-

339 2126 408 2186 bent
424 2128 543 2205 quidem·
553 2127 657 2186 deesse
675 2127 795 2185 orationi
818 2133 864 2200 et,
888 2125 913 2182 si
928 2125 1048 2199 desunt,
1071 2125 1187 2184 multum
1208 2134 1331 2191 nocent;

339 2229 396 2271 non
412 2221 504 2289 tamen
520 2209 649 2270 habenda
664 2219 729 2269 sunt
749 2211 823 2269 inter
837 2226 939 2284 magna
953 2209 1115 2286 praesidia,
1136 2226 1199 2267 cum
1221 2209 1279 2268 boc
1303 2209 1333 2266 in

298 2295 439 2360 raeadem
460 2312 545 2354 causa
567 2294 628 2352 lieri
650 2312 687 2352 ex
711 2303 832 2371 utraque
860 2301 940 2370 parte
966 2291 1098 2352 similiter
1118 2293 1221 2370 possit.
1257 2291 1332 2351 Illae

340 2381 482 2439 firmiores
498 2397 535 2436 ex
553 2395 604 2435 sua
624 2379 727 2454 cuique
743 2393 869 2454 persona
887 2375 1092 2454 probationes,
1115 2394 1190 2454 quae
1207 2373 1335 2457 credibi-v

339 2463 396 2522 lem
414 2463 553 2520 rationem
569 2459 726 2521 subiectam
741 2460 878 2520 babeant:
900 2468 930 2518 ut
952 2459 1118 2518 vulneratus
1140 2467 1187 2518 aut
1203 2458 1264 2519 filio
1285 2476 1332 2517 or-

339 2544 421 2605 batus
437 2562 493 2602 non
509 2544 595 2603 fuerit
611 2543 696 2602 alium
711 2553 895 2602 accusaturus
914 2561 998 2621 quarn
1012 2551 1180 2617 nocentem,
1204 2543 1332 2619 quando,

340 2631 364 2688 si
379 2631 527 2704 negotium
543 2628 687 2685 innocenti
706 2627 784 2700 facit,
802 2625 904 2685 liberet
921 2645 985 2685 euni
1001 2644 1088 2701 noxa,
1106 2628 1153 2702 qui
1172 2625 1331 2686 admiserit.

339 2712 411 2772 Hinc
433 2720 462 2770 et
485 2720 582 2788 patres
606 2709 744 2770 adversus
765 2709 874 2768 liberos
898 2719 927 2768 et
948 2712 1087 2770 adversus
1111 2726 1181 2768 suos
1207 2711 1332 2788 quisque

339 2796 523 2855 necessarios
539 2795 737 2852 auctoritatem
753 2802 862 2871 petunt.

301 2892 332 2945 14
426 2877 592 2951 Quaesitum
614 2879 714 2951 etiam,
738 2878 934 2954 potentissima
955 2886 1119 2954 argumenta
1134 2876 1264 2955 primone
1280 2893 1333 2952 po·

341 2964 433 3023 nenda
451 2965 506 3021 sint
523 2962 600 3035 loco,
618 2970 647 3019 ut
665 2970 809 3038 occupent
824 2963 948 3037 animos,
967 2979 1003 3020 an
1018 2978 1146 3034 summo,
1162 2968 1192 3018 ut
1206 2958 1274 3018 inde
1291 2959 1334 3018 di·

339 3052 463 3122 mittant,
486 3065 521 3106 an
539 3046 642 3124 partita
664 3047 754 3122 primo
770 3062 954 3122 summoque,
977 3045 1053 3122 quod
1067 3043 1219 3103 Homerica
1233 3042 1334 3119 dispo·

339 3136 443 3192 sitione
464 3134 492 3190 in
514 3131 608 3190 medio
631 3130 686 3187 sint
708 3130 832 3203 infirma,
859 3138 890 3188 ut
915 3129 1013 3187 animis
1043 3123 1194 3187 crescant?
1237 3125 1334 3202 Quae,

339 3225 426 3292 prout
441 3216 513 3275 ratio
531 3231 636 3274 causae
652 3214 791 3290 cuiusque
813 3211 988 3291 postulabit,
1016 3211 1236 3282 ordinabuntur,
1263 3226 1333 3286 uno,

338 3310 371 3360 ut
388 3317 445 3377 ego
464 3316 590 3373 censeo,
604 3305 746 3375 excepto,
762 3315 799 3356 ne
817 3315 833 3358 a
848 3296 1054 3374 potentissimis
1069 3295 1105 3354 ad
1121 3294 1267 3354 levissima
1282 3293 1333 3352 de·

339 3390 456 3444 crescat
471 3383 573 3441 oratio.
823 3399 826 3409 ·

290 3475 327 3526 15
423 3465 487 3542 Ego
510 3465 583 3524 haec
607 3463 736 3524 breviter
757 3463 971 3524 demonstrasse
998 3469 1149 3521 contentus
1172 3460 1210 3518 ita
1234 3459 1333 3536 posui,

337 3561 371 3612 ut
392 3551 475 3612 locos
496 3550 576 3626 ipsos
600 3558 629 3607 et
649 3566 758 3625 genera
786 3565 870 3624 quam
896 3562 1013 3624 possem
1033 3544 1212 3621 apertissime
1234 3551 1333 3600 osten·

335 3634 449 3698 derem.
482 3631 602 3706 Quidam
618 3634 733 3691 executi
751 3639 816 3689 sunt
832 3629 995 3702 verbosius,
1012 3626 1113 3707 quibus
1127 3627 1246 3704 placuit,
1264 3642 1332 3703 pro·

332 3724 436 3796 posita
452 3717 583 3779 locorum
605 3715 790 3776 communium
807 3716 936 3791 materia,
956 3728 1013 3792 quo
1029 3727 1163 3790 quaeque
1178 3727 1227 3769 res
1244 3708 1332 3768 modo

277 3868 374 3888 a*-
