3184 4409
589 482 1021 550 rnar.osnuon.u1u.1v,u.
1244 476 1300 537 171

246 692 249 709 ‚
316 637 403 715 longa
419 638 472 712 sit,
496 636 653 698 efficiemus
674 653 749 715 quae
764 637 922 716 poterimus
939 639 1113 715 differendo,
1132 658 1189 700 nou
1209 650 1303 701 tamen

246 752 253 791 2
315 724 374 781 sine
392 723 537 781 mentione
553 738 666 796 eorum,
687 738 761 798 quae
778 722 957 782 differemus:
981 724 1066 795 Quas
1086 741 1200 785 casuros
1219 728 1301 787 occi-

246 836 252 874 2
315 806 411 867 desidi
422 806 574 880 tuocum,
590 820 664 881 quos
678 807 877 883 osrampserit
892 810 1036 882 conscios,
1051 810 1303 884 quemadmodum

246 934 252 943 .
314 889 500 968 disposuerit
523 889 670 963 insidias,
697 889 887 966 probationis
910 890 975 951 loco
1000 892 1112 951 dicam.
1157 890 1344 964 Quaedam49

314 989 383 1033 nero
401 990 441 1033 ex
456 971 555 1032 ordiuc
571 972 839 1049 praetermittenda,
862 973 946 1049 quale
963 982 1007 1032 est
1022 973 1097 1050 apud
1114 972 1299 1035 Ciceronem:

313 1053 444 1119 iiotitur
459 1054 616 1116 Fulcinius
620 1079 634 1126 ,·
651 1057 746 1117 mutto
761 1058 856 1131 enim,
874 1072 954 1133 quae
967 1067 1038 1117 sant
1053 1058 1086 1116 in
1100 1076 1151 1131 re,
1167 1060 1240 1135 qaia
1254 1078 1301 1120 rc·

313 1148 392 1202 mota
410 1148 482 1200 sont
496 1159 518 1200 a
538 1156 654 1215 causo,
679 1141 932 1217 praetermittam.
979 1140 1017 1199 Et
1041 1142 1154 1217 partitio
1179 1142 1301 1201 taedium

246 1252 253 1291 ς
313 1223 404 1284 levat:
428 1221 555 1300 Dicam,
577 1239 657 1300 qaae
670 1231 743 1282 acta
755 1224 816 1283 sint
833 1232 904 1283 ante
923 1225 1022 1302 ipsam
1042 1225 1092 1285 rei
1104 1232 1300 1299 contractam,

246 1348 254 1358 -
314 1308 433 1383 Qasr,
449 1308 573 1384 quaein
588 1308 721 1383 reipsa,
742 1307 859 1382 dicam,
876 1323 956 1384 qnae
966 1316 1086 1385 postea.
1116 1307 1156 1367 lta
1174 1317 1233 1367 tres
1249 1324 1299 1386 pc·
1309 1319 1343 1368 50

314 1392 366 1449 tius
386 1392 522 1451 modicae
543 1391 720 1450 narrationes
744 1389 913 1449 videbuntur
935 1408 1018 1468 quam
1037 1408 1091 1449 una
1114 1390 1209 1467 longa.
1256 1391 1300 1450 ln·

313 1476 393 1535 terim
416 1473 554 1552 expediet
574 1474 772 1552 expositiones
798 1473 879 1533 brevi
903 1475 1085 1533 interfatione
1109 1475 1299 1550 distinguere:

313 1554 468 1635 dedistis,
490 1575 570 1634 assae
584 1567 655 1618 ante
668 1565 741 1618 acta
754 1566 840 1632 sunt,
862 1559 993 1635 accipite
1006 1577 1105 1634 nanc,
1126 1574 1204 1635 quae
1222 1560 1300 1619 inse·

315 1651 459 1720 omniur.
489 1639 647 1700 Reicietnr
662 1641 735 1699 enim
755 1640 842 1700 iudex
859 1642 985 1718 priorum
1000 1641 1056 1700 iine
1076 1651 1105 1700 et
1124 1659 1157 1700 se
1171 1642 1251 1701 velut
1265 1642 1299 1702 ad

246 1754 260 1806 2,
314 1741 414 1785 nouum
432 1742 531 1783 rursus
546 1726 652 1784 initium
667 1724 859 1802 praeparabit.
888 1724 918 1783 Si
934 1734 1027 1783 tamen
1040 1724 1173 1784 adhibitis
1185 1729 1342 1803 qnoqucti

248 1849 260 1858 -
315 1806 355 1869 nn
368 1807 482 1869 artibus
497 1808 525 1867 in
541 1807 656 1885 longum
671 1809 775 1866 exierit
789 1809 860 1868 ordo
878 1825 989 1883 rerum,
1007 1810 1061 1867 erit
1077 1825 1133 1868 uon
1152 1809 1258 1869 inutilis
1273 1810 1302 1868 iu

249 1932 259 1942 ·
316 1900 441 1953 exuema
459 1894 544 1970 parte
565 1893 761 1958 commonitio:
783 1891 860 1969 quod
876 1888 980 1951 Cicero
997 1893 1080 1951 etiam
1100 1893 1128 1951 in
1141 1892 1222 1953 brevi
1237 1910 1300 1953 nar·

248 2016 259 2026 -
315 1976 420 2037 mione
442 1975 528 2034 iecit:
554 1972 680 2051 Adhuc,
704 1973 839 2051 Caesar,
862 1973 897 2047 Q.
917 1973 1062 2054 Liparius
1082 1977 1173 2054 culpa
1195 1985 1301 2044 caret,-

246 2099 257 2109 -
315 2059 395 2122 dom
413 2069 464 2121 est
478 2060 807 2139 epressosoon‘modo
819 2059 931 2120 nattam
951 2060 996 2119 ad
1009 2059 1118 2121 bedam
1135 2060 1193 2121 sed
1204 2079 1244 2121 ne
1257 2061 1302 2121 ad

314 2144 466 2209 &aarum
481 2144 603 2220 quidem
617 2143 688 2205 betti
698 2143 899 2220 asspicicoem
914 2151 943 2201 et
957 2151 1065 2202 cetera.

246 2279 257 2307 ,
392 2224 603 2287 credibilis
621 2235 714 2286 autem
735 2228 789 2285 erit
810 2229 934 2287 narratio
955 2234 1020 2285 ante
1043 2226 1151 2300 omnia,
1174 2227 1199 2284 si
1222 2226 1341 2303 priuati

246 2349 257 2359 -
316 2310 540 2387 mmutnerrmns
555 2319 682 2369 nostrum
697 2311 827 2386 animum,
843 2327 879 2369 ne
897 2309 965 2388 quid
979 2319 1096 2369 naturae
1111 2309 1236 2368 dicamus
1251 2309 1298 2367 ad·

246 2432 257 2442 -
316 2410 441 2463 remum
463 2393 569 2453 deinde
589 2396 613 2452 si
628 2411 730 2455 causas
745 2412 780 2454 ac
795 2395 922 2454 rationes
937 2393 1021 2454 iactis
1037 2393 1298 2471 praeposuerimus,

246 2515 258 2527 -
316 2494 365 2539 nou
383 2476 523 2538 omnibus
544 2477 596 2539 sed
621 2480 657 2538 de
679 2478 780 2556 quihus
803 2479 963 2555 qnaeritnr;
985 2478 1009 2536 si
1032 2493 1172 2554 personas
1194 2493 1298 2535 conve·

247 2599 261 2611 -
316 2562 419 2625 l'eutss
444 2561 511 2638 his,
535 2580 609 2639 quae
630 2562 705 2622 iacta
726 2561 805 2621 credi
825 2561 973 2636 volemus,
997 2561 1242 2635 constituerimus,
1268 2567 1300 2618 ut

246 2671 261 2709 s
316 2645 373 2709 iuti
392 2664 481 2707 reum
505 2647 653 2722 cupidum,
676 2645 809 2704 adulterii
831 2645 1028 2718 libidinosum,
1048 2643 1191 2703 homicidii
1211 2651 1299 2702 teme·

246 2753 262 2792 a
317 2733 428 2807 nnn,
451 2727 504 2789 sel
525 2738 640 2804 contra,
661 2730 686 2788 si
704 2728 909 2794 defendemus;
929 2736 1082 2805 praeterea
1102 2727 1167 2786 loca
1184 2735 1213 2785 et
1230 2735 1299 2785 tem·

246 2827 264 2876 et
318 2828 377 2890 pom
391 2822 424 2875 et
443 2812 493 2873 his
509 2812 620 2871 similia.
656 2811 710 2871 Est
724 2822 820 2872 autem
835 2812 947 2891 quidam
963 2813 1047 2870 etiam
1062 2811 1164 2870 ductus
1179 2811 1222 2869 rei
1238 2813 1342 2869 cre-53

246 2919 265 2958 n
319 2894 417 2973 faiis,
439 2895 540 2974 qualis
554 2897 583 2954 in
598 2895 756 2955 comoediis
776 2897 860 2954 etiam
876 2903 905 2954 et
920 2896 948 2954 in
962 2896 1063 2954 mimis.
1100 2893 1204 2972 Aliqua
1226 2896 1300 2953 enim

246 2992 265 3041 rt
319 2980 478 3043 &naliter
492 2988 652 3056 sequuntur
667 2987 696 3037 et
712 2979 884 3055 cohaerent,
899 2987 944 3053 ut,
963 2979 987 3036 si
1003 2980 1098 3056 priora
1115 2977 1189 3036 bene
1204 2994 1299 3036 narra·

246 3085 265 3125 .s
319 3066 392 3143 mh,
408 3062 507 3125 iudex
521 3065 596 3140 ipse,
615 3062 692 3140 quod
708 3072 812 3140 postea
827 3064 867 3121 sis
882 3069 1057 3136 narraturus,
1074 3069 1219 3138 expectet.
1255 3059 1342 3119 Neai

246 3169 265 3206 ι·
318 3144 375 3211 iisd
398 3146 524 3228 quidem
547 3145 633 3205 inerit
657 3146 775 3222 inutile,
807 3147 915 3205 semina
940 3144 1078 3222 quaedam
1101 3143 1300 3222 probationum

246 3251 264 3291 n
317 3246 471 3311 maere,
490 3247 592 3289 verum
607 3231 666 3304 sic,
689 3239 718 3288 ut
732 3233 924 3290 narrationem
940 3247 1007 3288 esse
1022 3228 1229 3287 meminerimus
1244 3244 1300 3285 non

246 3333 263 3373 e
314 3314 521 3391 Monam.
564 3311 771 3391 Nonnunquam
791 3321 886 3373 tannen
906 3314 989 3371 etiam
1014 3319 1180 3387 argumento
1203 3311 1299 3389 aliquo

246 3421 260 3455 ι.
314 3398 559 3471 munimus,
585 3396 662 3473 quod
677 3399 929 3475 proposuerimus,
949 3395 1002 3454 sed
1017 3394 1139 3471 simplici
1160 3403 1189 3453 et
1207 3394 1299 3470 brevi,

312 3484 375 3543 uin
388 3481 565 3545 veneficiis:
587 3481 690 3541 Sacas
712 3481 801 3557 bibit,
820 3482 920 3540 rtatim
933 3479 1082 3552 concidit,
1104 3479 1183 3539 ticos·
1198 3497 1238 3540 ac
1252 3488 1300 3539 tu·

246 3583 259 3623 n
311 3584 371 3629 nos·
383 3566 551 3648 sensuam
566 3572 611 3626 est
624 3566 787 3624 insecatur.
816 3563 879 3623 Huc
896 3563 1002 3622 iaciunt
1018 3570 1047 3619 et
1063 3560 1130 3620 illae
1146 3571 1340 3641 praepara-55

246 3647 253 3705 Ι
310 3650 412 3729 tionem
436 3668 506 3712 cusu
524 3665 593 3706 reus
610 3649 711 3707 dicitur
726 3647 877 3720 robustus,
901 3653 1023 3704 armatus
1041 3654 1140 3704 contra
1162 3646 1300 3718 infirmos,

246 3748 252 3789 t
312 3734 446 3815 henes,
468 3748 605 3793 securos.
642 3729 740 3789 Omnia
761 3731 900 3809 denique,
920 3745 995 3810 quae
1011 3727 1311 3811 probaiinnetracta-
