3184 4409
372 469 413 531 34
686 484 722 530 u.
734 482 813 530 aaa.
829 481 1049 561 domomum

373 648 402 698 et
420 645 511 716 pater
530 638 630 717 patria
650 638 751 712 iaciat,
780 638 851 698 illud
873 655 976 697 nomen
1003 614 1144 716 positum,
1172 637 1230 698 boc
1250 639 1289 701 ad
1315 639 1359 701 oli·

373 724 439 801 quid
455 739 520 780 esse
536 722 718 781 contendunt.
720 721 898 803 ,Praeterea
914 724 1046 800 quoniam
1059 731 1213 821 utrumque
1221 741 1238 782 a
1250 722 1359 784 Graeco

372 808 486 867 ductum
508 808 559 880 sit,
582 806 616 864 ad
640 822 702 864 earn
722 807 862 864 rationem
883 815 1048 880 recurrunt,
1071 813 1103 864 ut
1125 797 1234 884 πατρὸς
1249 811 1359 885 patris,

331 883 487 970 lludapov
500 892 573 967 apri
593 889 688 948 iaciat.
719 888 772 948 llla
793 893 887 949 tamen
907 890 1050 968 quomodo
1068 889 1223 966 effugient,
1244 899 1294 967 ut,
1314 909 1359 950 no·

371 977 444 1033 mina
459 976 585 1050 quamvis
606 974 737 1032 feminina
752 974 891 1073 singulari
908 975 1081 1032 nominativo
1098 993 1148 1034 ua
1164 973 1269 1032 litteris
1288 975 1359 1034 linita

371 1075 512 1134 nunquam
529 1059 656 1132 genitivo
673 1075 741 1116 casu
757 1059 803 1118 ris
817 1057 929 1132 syllaba
946 1059 1146 1133 terminentur,
1165 1057 1252 1116 iaciat
1270 1067 1359 1118 tamen

376 1140 475 1201 Venus
492 1139 637 1202 Veneris?
652 1143 719 1200 item
737 1159 799 1199 cum
812 1161 829 1201 e
840 1162 856 1201 s
867 1141 969 1200 litteris
985 1142 1062 1200 linita
1078 1143 1242 1218 pervarias
1259 1151 1359 1202 exeant

372 1228 525 1302 genitivos,
537 1243 677 1302 nunquam
688 1234 781 1283 tamen
793 1225 893 1284 eadem
901 1227 946 1285 tie
956 1225 1068 1300 syllaba
1079 1226 1257 1300 terminatos,
1272 1223 1359 1288 cera

331 1321 363 1373 15
374 1319 459 1386 cogat
475 1309 530 1368 dici
545 1302 690 1370 Cdreris?
707 1307 780 1380 Quid
794 1306 888 1368 vero?
907 1327 980 1386 quae
995 1317 1055 1368 tota
1069 1310 1220 1386 positionis
1234 1311 1359 1372 eiusdem

372 1397 399 1453 in
410 1395 541 1453 diversos
555 1393 646 1451 flexus
660 1389 745 1451 eunt?
763 1411 825 1451 cum
833 1390 912 1453 Alba
924 1392 1011 1452 iaciat
1020 1390 1155 1454 Albanos
1166 1401 1195 1450 et
1205 1389 1359 1468 Albenses,

371 1480 437 1538 colo
451 1478 530 1538 uolui
544 1485 573 1534 et
586 1478 694 1538 oolaoi.
727 1475 798 1534 Nam
816 1479 973 1554 praeterito
996 1477 1109 1552 quidem
1131 1485 1264 1554 tempore
1285 1479 1359 1537 varie

374 1562 489 1620 iormari
501 1560 590 1619 verba
602 1562 691 1639 prima
707 1577 831 1638 persona
842 1581 860 1622 o
872 1560 967 1620 littera
983 1562 1140 1635 terminata,
1156 1561 1219 1638 ipsa
1231 1561 1359 1638 analogia

372 1645 556 1711 confiteatur;
576 1644 715 1722 siquidem
730 1644 800 1722 iacit
819 1646 898 1705 cado
914 1645 1031 1720 cecidi,
1053 1646 1188 1721 spondeo
1202 1646 1359 1723 spopondi,

368 1731 462 1808 pinpo
474 1729 572 1806 maai,
588 1729 653 1806 lepo
669 1729 737 1806 lapi,
751 1746 831 1806 pono
842 1730 943 1805 posui,
957 1729 1068 1806 fraupo
1080 1728 1172 1806 frepi,
1187 1729 1283 1790 laudo
1296 1731 1359 1790 lau·

331 1828 364 1882 16
372 1813 454 1873 daci.
476 1811 541 1870 Non
558 1814 647 1886 enim,
664 1830 727 1871 oum
742 1813 861 1890 primum
876 1812 1054 1888 fingerentur
1068 1811 1210 1887 homines,
1229 1811 1359 1889 analogia

373 1897 495 1957 demissa
510 1896 595 1955 coelo
611 1895 729 1955 formam
745 1895 880 1973 loquendi
896 1895 989 1969 dedit,
1006 1895 1058 1954 sed
1075 1897 1187 1954 inventa
1204 1904 1266 1972 est,
1285 1904 1359 1974 post·

373 1997 456 2057 quam
478 1979 685 2057 loquebantur,
707 1988 736 2038 et
756 1987 882 2038 notatum
905 1981 934 2037 in
954 1996 1105 2054 sermone,
1128 1978 1195 2055 quid
1217 1978 1359 2058 quomodo

373 2065 509 2124 caderet·
540 2063 640 2141 ltaque
662 2081 718 2122 non
737 2066 849 2123 ratione
869 2065 966 2122 nititur
987 2063 1039 2122 sed
1062 2062 1214 2141 exemplo,
1237 2081 1295 2123 nso
1316 2063 1359 2122 len

372 2158 417 2208 est
439 2149 575 2226 loquendi
595 2148 647 2207 sed
670 2148 853 2223 observatio,
874 2157 904 2206 ut
926 2149 1016 2224 ipsam
1036 2147 1196 2223 analogiam
1217 2146 1297 2207 nullu
1315 2164 1359 2206 res

330 2241 362 2297 17
372 2234 427 2292 alia
448 2233 551 2292 lecerit
566 2251 649 2310 quam
665 2232 853 2292 consuetudo.
890 2230 1044 2290 Inhaerent
1062 2239 1156 2290 tamen
1174 2231 1289 2311 quidam
1303 2247 1359 2290 mo·

372 2317 525 2376 lestissima
549 2317 715 2393 diligentiae
736 2317 945 2394 perversitate,
968 2324 998 2373 ut
1019 2316 1183 2376 audaciter
1203 2317 1302 2392 potius
1323 2314 1359 2374 di·

372 2410 436 2459 cant
455 2418 537 2477 quam
553 2405 721 2475 audacter,
743 2400 812 2459 licet
828 2416 927 2457 omnes
948 2407 1081 2457 oratores
1096 2398 1173 2457 aliud
1195 2406 1359 2476 sequantur,

372 2493 400 2542 et
421 2484 561 2545 emicavit
582 2500 638 2541 non
658 2483 779 2544 emicuit
798 2490 828 2541 et
849 2485 952 2543 conire
973 2500 1031 2541 non
1051 2483 1143 2546 coire.
1175 2481 1226 2540 llis
1247 2483 1359 2560 permit·

371 2576 461 2625 tamus
483 2575 511 2624 et
533 2567 690 2628 audiuisse
711 2574 740 2625 et
757 2567 885 2628 saloim
907 2575 936 2625 et
956 2568 1107 2628 tribunale
1126 2574 1156 2626 et
1169 2566 1308 2644 faciliter
1323 2565 1359 2626 di·

373 2666 458 2724 cere,
478 2651 612 2728 srupalia
633 2667 748 2727 quoque
771 2651 809 2710 sit
831 2650 907 2728 apud
927 2651 995 2710 illos
1016 2667 1074 2709 non
1092 2651 1192 2729 douai,
1216 2668 1281 2710 nam
1306 2665 1359 2728 quo

331 2733 428 2800 18alio
448 2733 534 2792 modo
553 2733 602 2792 liet
615 2736 806 2814 frupalitao?
828 2733 916 2794 lidem
931 2743 1049 2796 centum
1069 2736 1153 2796 milia
1166 2752 1320 2795 nummum
1335 2741 1359 2792 et

370 2818 461 2894 fidem
480 2815 578 2878 Deum
600 2819 751 2878 ostendant
773 2818 905 2896 duplices
929 2836 1045 2895 quoque
1067 2817 1262 2878 soloecismos
1284 2834 1359 2890 esse,

372 2901 484 2978 quando
514 2909 543 2960 et
569 2919 665 2960 casum
690 2911 797 2961 mutant
824 2911 853 2964 et
879 2920 1040 2970 numerum;
1064 2901 1264 2961 nesciebamus
1290 2903 1359 2960 enim

372 3002 405 3043 aa
427 3002 484 3044 non
506 2985 703 3044 consuetudini
723 2995 752 3045 et
773 2986 874 3046 decori
890 2985 1108 3060 'serviebamus,
1132 2987 1206 3044 siout
1225 2986 1254 3044 in
1275 2985 1359 3064 pluri·

371 3070 440 3143 mis,
464 3087 537 3147 quae
555 3068 591 3128 Μ.
613 3069 722 3128 Tullius
737 3073 764 3129 in
781 3068 904 3129 Oratore
926 3071 1021 3129 divine
1038 3078 1069 3128 ut
1086 3071 1178 3128 omnia
1200 3071 1359 3147 exequitur,

286 3165 288 3170 ·
329 3159 363 3214 19
373 3151 431 3211 Sed
452 3154 599 3230 Augustus
622 3171 737 3232 quoque
760 3155 788 3212 in
808 3154 940 3231 epistolis
963 3154 998 3213 ad
1021 3151 1053 3212 G.
1071 3152 1226 3213 Gaesarem
1247 3153 1359 3230 seriptis

372 3238 518 3335 emendat,
541 3238 617 3315 quod
638 3240 662 3296 is
679 3239 814 3299 calidum
831 3238 930 3297 dicere
950 3255 1033 3315 quam
1050 3239 1173 3298 caldum
1188 3234 1285 3313 malit,
1307 3251 1359 3295 non

373 3323 438 3396 quia
463 3322 491 3380 id
514 3338 571 3380 non
593 3323 629 3380 sit
650 3321 777 3381 Latinum
799 3323 851 3382 sed
873 3323 939 3400 quia
962 3323 999 3380 sit
1020 3321 1151 3380 odiosum
1173 3329 1218 3396 et,
1244 3329 1277 3379 ut
1299 3323 1359 3399 ipse

329 3415 364 3466 20
373 3403 484 3464 Graeco
508 3405 599 3464 verbo
627 3407 814 3482 significavit,
843 3406 1002 3486 περίεργον.
1044 3405 1132 3483 Atqui
1154 3364 1227 3464 hanb
1250 3405 1359 3481 quidam

372 3477 547 3566 ὀρθοέιιειαν
561 3489 652 3548 solam
672 3498 786 3590 putant,
809 3507 892 3568 quam
915 3507 971 3566 ego
988 3491 1100 3548 minime
1122 3488 1258 3548 excludo.
1289 3487 1359 3562 Quid

372 3573 446 3631 enim
468 3581 523 3631 tam
550 3575 746 3633 necessarium
774 3592 858 3653 quam
880 3583 960 3634 recta
986 3569 1116 3632 locutio?
1155 3571 1241 3631 lmmo
1265 3572 1359 3632 inbae-

370 3656 489 3716 rendum
511 3658 538 3715 ei
559 3658 669 3731 iudico,
694 3659 787 3736 quoad
810 3658 894 3732 licet,
917 3659 964 3717 diu
983 3659 1067 3716 etiam
1087 3655 1271 3716 mutantibus
1276 3673 1359 3736 repo·

370 3740 525 3817 guandum;
554 3742 606 3800 sed
632 3740 738 3802 abolita
760 3750 846 3821 atquo
875 3741 1013 3818 abrogata
1042 3742 1168 3800 retinere
1190 3740 1359 3802 insolentiae
