3184 4409
545 466 796 516 memorandos.
811 469 881 516 nra.
892 470 966 535 vm,
981 468 1007 519 ι.
1019 465 1045 520 3.
1258 460 1295 523 51

297 630 344 684 est
357 641 472 684 coecus
485 624 654 683 coenandum
669 624 865 696 clamatore,
889 631 933 698 et,
957 626 1005 701 qui
1024 643 1093 684 suos
1108 635 1186 686 artus
1201 644 1297 686 morsu

298 706 476 782 lacerasset,
499 707 637 783 lingitur
628 725 658 766 ιιι
672 705 802 807 sqholis
796 725 895 785 supro
914 727 949 768 ce
964 710 1102 771 cubasse
1145 710 1337 785 Ingeniosanl

297 790 372 850 hacc
393 799 422 849 et
440 793 525 850 lortia
547 799 632 850 etex
653 771 768 870 ancipiti
788 791 895 850 diserta
918 792 1087 870 creduntur,
1110 797 1296 873 pervasitque

297 876 353 934 iarn
367 874 471 934 multos
487 877 541 934 ista
557 877 725 952 persuasio,
746 883 776 933 ut
797 875 849 934 id
841 893 896 934 ram
913 875 1025 954 demum
1041 877 1190 955 eleganter
1209 887 1297 957 atque

298 959 442 1035 exquisite
465 959 570 1022 dictum
591 967 707 1037 putent,
731 959 809 1037 quod
823 960 1065 1036 interpretandum
1082 963 1127 1020 sit.
1169 962 1229 1022 Sed
1247 981 1295 1022 au-

298 1042 437 1102 ditoribus
460 1045 545 1102 etiam
567 1043 710 1102 nonnullis
731 1052 813 1120 grata
835 1053 900 1102 sunt
920 1043 1008 1120 haec,
1036 1064 1110 1123 quae
1133 1064 1196 1105 cum
1212 1048 1296 1106 intel·

297 1127 447 1187 lexerunt:
464 1129 599 1186 acumine
611 1143 663 1186 suo
679 1127 861 1186 delectantur
876 1136 904 1201 et
919 1128 1060 1205 gaudent,
1079 1147 1136 1189 non
1151 1132 1232 1207 quasi
1248 1147 1296 1190 au·

297 1211 400 1270 dierint
416 1211 467 1270 sed
484 1212 564 1288 quasi
580 1212 750 1270 invenerint.

382 1295 472 1355 Nobis
497 1295 586 1372 prima
604 1296 641 1354 sit
655 1297 744 1354 virtus
763 1296 1109 1375 perspicuitas,propria
1124 1298 1230 1374 verba,
1251 1312 1339 1366 rena

298 1388 361 1439 ctus
378 1380 467 1455 ordo,
487 1381 586 1437 nonin
601 1379 717 1456 longum
733 1378 820 1439 dilata
836 1381 1000 1448 conclusio;
1022 1382 1092 1440 nihil
1108 1400 1203 1459 neque
1223 1383 1298 1442 desit

296 1481 393 1540 neque
413 1463 581 1542 superfluat.
622 1462 664 1522 lta
687 1480 782 1522 sermo
809 1472 838 1522 et
858 1464 951 1522 doctis
970 1464 1129 1543 probabilis
1149 1475 1178 1524 et
1194 1466 1297 1544 planus

296 1549 436 1625 imperitis
453 1549 517 1606 erit.
553 1547 633 1606 Haec
650 1547 806 1625 eloquendi
822 1546 996 1607 observatio.
1035 1548 1107 1607 Nam
1120 1569 1215 1609 rerum
1230 1568 1296 1628 per-

296 1633 435 1710 spicuitas
452 1632 606 1710 quomodo
622 1631 794 1709 praestanda
809 1632 863 1706 sit,
882 1633 1001 1692 diximus
1013 1634 1042 1691 in
1057 1636 1221 1712 praeceptis
1233 1652 1296 1694 nar·

296 1717 427 1775 rationis.
470 1716 576 1775 similis
599 1725 691 1774 autem
718 1717 791 1774 ratio
815 1725 860 1774 est
877 1719 905 1774 in
928 1716 1067 1775 omnibus.
1110 1717 1183 1777 Nam
1204 1721 1228 1777 si
1249 1728 1340 1782 ιιι-23

297 1818 354 1877 que
375 1802 528 1878 pauciora,
552 1817 635 1877 quarn
658 1808 789 1877 oportet,
814 1818 909 1877 neque
927 1801 1010 1877 plura
1025 1819 1120 1879 neque
1139 1803 1298 1863 inordinata

296 1893 345 1943 aut
362 1885 524 1943 indistincta
545 1883 713 1943 dixerimus:
739 1893 821 1942 erunt
837 1884 959 1942 dilucida
975 1893 1004 1943 et
1022 1885 1209 1962 negligenter
1226 1903 1296 1964 quo·

297 1987 354 2047 que
371 1967 552 2029 audientibus
567 1976 683 2046 aperta;
708 1967 785 2043 quod
800 1975 829 2025 et
844 1970 935 2045 ipsum
949 1969 977 2025 in
993 1969 1114 2028 oonsilio
1132 1980 1176 2029 est
1189 1969 1296 2031 haben·

295 2053 378 2128 dum,
395 2070 453 2112 non
468 2070 584 2129 semper
599 2060 656 2110 tam
672 2068 739 2110 esse
755 2069 851 2110 acrem
866 2052 967 2110 iudicis
980 2053 1182 2129 intentionem,
1200 2063 1231 2113 ut
1245 2053 1296 2113 olr-

294 2138 463 2196 scuritatem
482 2136 558 2214 apud
575 2153 608 2194 se
623 2138 688 2212 ipse
703 2135 837 2194 discutiat
853 2145 881 2194 et
896 2136 1024 2195 tenebris
1040 2139 1178 2196 orationis
1193 2137 1298 2197 inierat

295 2221 440 2299 quoddam
457 2219 665 2295 intelligentiae
681 2235 751 2278 suae
766 2218 877 2294 lumen,
901 2220 953 2279 sed
969 2221 1065 2280 multis
1082 2239 1146 2281 eum
1162 2220 1296 2300 frequen·

294 2314 342 2364 ter
358 2303 582 2382 cogitationibus
599 2304 731 2378 avocari,
747 2303 802 2361 nisi
819 2312 876 2362 tam
891 2304 969 2363 clara
984 2305 1104 2380 luerint,
1129 2323 1202 2382 quae
1218 2305 1296 2378 dice·

295 2408 375 2464 mus,
400 2398 430 2448 ut
455 2391 483 2448 ln
501 2391 622 2448 animum
638 2388 700 2446 eius
717 2389 826 2462 oratic,
849 2396 879 2446 ut
894 2388 940 2446 sol
954 2390 983 2448 in
999 2388 1118 2464 oculos,
1143 2390 1253 2448 etiamsi
1269 2390 1298 2450 in

297 2489 361 2533 earn
373 2491 430 2532 non
445 2472 622 2546 intendatur,
638 2472 773 2530 incurrat.
807 2470 903 2544 Quare
915 2489 988 2548 non,
1005 2481 1035 2531 ut
1050 2473 1215 2550 intelligere
1228 2475 1340 2550 pos-24

295 2559 352 2633 sit,
372 2558 440 2632 sed,
457 2576 494 2617 ne
511 2557 624 2614 omnino
640 2556 734 2634 possit
748 2571 806 2613 non
819 2556 1002 2633 intelligere
1025 2558 1189 2616 curandum.
1227 2557 1297 2617 Pro·

295 2650 362 2720 pter
379 2642 556 2740 quodetiam
576 2640 734 2718 repetimus
754 2657 862 2718 saepe,
883 2657 957 2717 quae
972 2657 1030 2699 non
1043 2643 1113 2699 satis
1125 2641 1298 2721 percepisse

295 2743 366 2801 eos,
384 2728 431 2804 qui
449 2731 645 2802 cognoscunt,
667 2732 813 2802 putamus:
843 2721 930 2796 Quae
949 2741 1048 2786 ccccc
1067 2727 1192 2826 utique
1191 2734 1298 2787 nostro

295 2812 389 2910 culpo
406 2811 490 2872 dicto
511 2809 672 2870 obscurius
692 2816 753 2869 est:
775 2808 820 2868 od
835 2808 981 2906 planiora
995 2816 1025 2870 et
1043 2802 1214 2873 communia
1232 2826 1296 2870 mc·

293 2895 452 2973 placendo
467 2894 699 2972 descegodimum
720 2910 782 2950 cum
797 2892 851 2950 id
843 2909 936 2969 ipsum
947 2894 1054 2972 optime
1071 2893 1119 2953 liat
1125 2894 1228 2972 ,quod
1243 2910 1297 2952 uos

295 2978 448 3059 aliquando
463 2995 521 3037 uon
536 2977 644 3056 optime
660 2975 768 3034 fecisse
784 2975 958 3036 slmulamus.

692 3129 736 3178 ou
759 3110 913 3181 oauanu,

378 3225 429 3287 lll.
443 3270 445 3274 ,
457 3226 551 3286 Venio
568 3244 643 3286 nrrnc
658 3225 694 3285 ad
712 3233 902 3301 ornatum,
924 3226 953 3285 in
974 3243 1031 3304 quo
1048 3227 1110 3285 sine
1127 3224 1213 3284 dubio
1231 3225 1296 3304 plus

296 3313 429 3390 quanin
450 3312 556 3370 ceteris
575 3310 688 3370 dicendi
709 3307 838 3387 partibus
855 3309 911 3368 sihi
932 3310 1061 3386 indulget
1077 3317 1184 3368 orator.
1224 3307 1297 3370 Nam

296 3395 448 3455 emendate
470 3394 584 3473 quidem
608 3413 643 3457 ao
664 3392 762 3454 lucide
785 3392 939 3453 dicentium
955 3403 1041 3454 tenue
1062 3394 1221 3471 praemium
1240 3402 1296 3469 est,

295 3480 447 3558 magisque
469 3488 499 3538 ut
512 3480 587 3538 vitiis
604 3495 705 3538 carere
724 3494 807 3553 quam
827 3486 857 3536 ut
872 3477 997 3556 aliquam
1018 3495 1149 3554 magnam
1163 3478 1297 3537 virtutem

295 3563 418 3642 adeptus
444 3581 511 3622 esse
531 3563 666 3622 videaris.
711 3560 840 3620 Inventio
862 3579 926 3620 cum
946 3563 1084 3641 imperitis
1104 3579 1195 3640 saepe
1218 3570 1324 3621 com-2

295 3649 405 3723 munis,
419 3647 585 3725 ,dispositio
607 3645 738 3706 modicae
764 3645 913 3704 doctrinae
938 3646 1017 3706 credi
1041 3655 1152 3725 potest;
1175 3646 1296 3723 siquae
1321 3667 1322 3670 ¹

295 3740 362 3792 sunt
387 3741 464 3792 artes
490 3729 627 3791 altiores:
653 3730 824 3810 plerumque
849 3730 1048 3808 occultantur,
1074 3738 1201 3874 upprtes
1224 3730 1295 3797 siat;
