3184 4409
338 436 397 500 152
622 525 624 529 ,
652 450 778 499 unns.
793 449 1011 510 autumnus

335 621 406 665 vero
421 604 488 664 mihi
504 602 680 664 Domitianus
701 604 850 681 Augustus
869 605 979 664 sororis
999 623 1069 665 snae
1091 617 1227 686 nepotum
1244 607 1323 670 dele·

335 691 447 767 gaverit
467 706 580 763 euram,
605 705 662 746 non
677 689 746 748 satis
759 688 900 747 honorem
913 689 1081 748 iudiciorum
1097 691 1267 753 coelestium
1282 696 1323 752 in·

335 772 480 849 telligam,
507 773 561 831 nisi
589 789 626 830 en
645 771 703 830 hoc
721 773 817 830 onens
835 788 950 849 quoque
968 774 1189 848 magnitudinem
1210 777 1324 837 metiar.

306 855 405 929 souis
421 857 494 915 enim
507 854 573 915 mihi
595 863 643 915 aut
660 871 756 914 mores
779 855 930 914 excolendi
951 857 988 914 sit
1006 856 1122 933 modus,
1143 869 1174 919 ιιι
1194 877 1246 919 ιιι
1267 876 1326 920 non

335 942 473 999 inmerito
488 938 654 1016 probaverit
668 939 863 999 sanctissimus
883 935 1009 997 censor?
1031 949 1078 998 aut
1092 943 1203 1018 studia,
1228 963 1266 1003 ne
1282 944 1324 1005 le·

336 1023 447 1082 iellisse
463 1023 490 1081 in
504 1023 548 1081 his
560 1023 660 1083 videar
674 1023 833 1100 principem
848 1031 879 1080 nt
893 1023 922 1080 iu
936 1022 1065 1082 omnibus
1087 1025 1126 1084 ita
1140 1028 1168 1084 in
1184 1027 1325 1105 eloquen-

307 1110 374 1169 dtia
392 1123 507 1185 quoque
527 1103 805 1166 eminentissimuml.
830 1104 941 1178 Quodsi
962 1122 1046 1164 nemo
1067 1109 1199 1185 miratur,
1219 1120 1325 1188 poetas

336 1191 474 1249 maximos
492 1208 581 1269 saepe
597 1191 723 1264 iecisse,
742 1198 772 1249 ut
791 1205 849 1247 non
863 1188 956 1248 solum
972 1191 1058 1249 initiis
1074 1208 1194 1269 operum
1207 1210 1326 1253 suorum

335 1272 431 1332 llusas
454 1275 621 1334 invocarent
641 1273 693 1333 sed
713 1273 845 1352 provecti
860 1277 976 1350 quoque
991 1272 1123 1351 lougius,
1144 1268 1259 1337 eumad
1274 1278 1325 1336 ali·

337 1375 420 1435 quem
435 1359 599 1434 graviorem
618 1359 766 1417 venissent
784 1356 896 1430 locum,
917 1365 1083 1434 repeterent
1102 1369 1170 1419 vota
1196 1369 1225 1418 et
1244 1361 1326 1420 velut

309 1453 410 1504 5nova
435 1444 602 1519 precatione
626 1450 791 1500 uterentur:
823 1440 889 1498 mihi
918 1456 1033 1518 quoque
1060 1443 1194 1519 proiecto
1216 1445 1326 1522 poterit

336 1526 459 1601 ignosci,
477 1527 512 1600 si,
528 1525 604 1603 quod
619 1527 708 1599 initio,
725 1541 781 1602 quo
795 1525 915 1602 primum
930 1523 1003 1582 hane
1018 1528 1164 1586 materiam
1178 1527 1325 1602 inchoavi,

337 1625 394 1667 non
409 1608 553 1683 feceram,
569 1627 643 1668 nunc
659 1612 757 1667 omues
774 1610 804 1667 in
819 1607 955 1666 auxilium
969 1608 1041 1667 deos
1056 1610 1207 1688 ipsumque
1221 1612 1248 1668 in
1266 1612 1325 1688 pri·

336 1692 400 1765 mis,
416 1707 472 1770 quo
489 1710 583 1770 neque
598 1692 778 1770 praesentius
790 1689 867 1751 aliud
881 1709 936 1750 nec
950 1691 1051 1751 studiis
1064 1694 1154 1770 magis
1170 1695 1326 1772 propitium

337 1793 440 1834 numen
454 1784 514 1850 est,
531 1777 677 1843 invocem:
691 1784 737 1850 ut,
759 1782 891 1853 quantum
911 1774 994 1834 nohis
1017 1778 1225 1854 expectationis
1246 1777 1326 1836 adie-

338 1860 393 1933 cit,
410 1867 516 1917 tantum
528 1860 635 1936 ingenii
650 1861 774 1938 aspiret,
797 1855 957 1936 dexterque
969 1877 1005 1918 ac
1019 1860 1122 1920 volens
1137 1861 1207 1920 assit
1222 1869 1251 1920 et
1265 1879 1324 1936 me,

338 1941 452 2019 qualem
469 1960 536 2001 esse
552 1943 686 2018 credidit,
703 1943 800 2002 iaciat.

309 2032 326 2087 6
420 2023 506 2085 Cuius
520 2026 585 2086 mihi
600 2027 749 2104 religionis
765 2043 823 2085 nou
836 2026 910 2086 haec
926 2026 1093 2101 toleratio,
1116 2044 1189 2105 quae
1203 2028 1326 2088 maxima

339 2119 400 2180 est;
418 2111 471 2171 sed
488 2110 595 2190 alioqui
613 2112 655 2170 sic
666 2110 800 2189 procedit
813 2111 905 2188 ipsum
921 2127 1004 2188 opus,
1017 2118 1047 2169 ut
1061 2113 1169 2171 maiora
1183 2114 1325 2189 praeteri·

338 2198 374 2255 tis
394 2214 427 2256 ac
443 2199 533 2272 magis
549 2195 636 2255 ardua
651 2196 721 2269 sint,
744 2211 817 2272 quae
837 2193 993 2270 ingredior.
1032 2193 1168 2270 Sequitur
1182 2195 1284 2272 enim,
1295 2204 1326 2253 ut

338 2280 567 2339 iudicialium
599 2296 812 2353 causarum,
844 2295 918 2355 quiae
943 2286 1008 2336 sunt
1032 2279 1153 2337 maxime
1172 2280 1270 2338 variae
1290 2296 1326 2338 ao

338 2363 527 2442 multiplices,
554 2364 625 2423 ordo
652 2361 832 2440 explicetur:
859 2360 936 2438 quod
957 2362 1098 2439 prooemii
1119 2362 1156 2420 sit
1187 2361 1325 2435 officium,

340 2464 412 2523 quae
428 2448 501 2505 ratio
516 2445 663 2520 narrandi,
686 2462 760 2522 qnae
784 2444 983 2522 probationum
999 2444 1081 2519 fides,
1108 2461 1161 2503 seu
1176 2447 1326 2522 proposita

340 2530 536 2588 confirmamus
554 2530 615 2587 sive
633 2537 732 2587 contra
748 2527 823 2587 dicta
838 2528 1032 2603 dissolvimus,
1047 2537 1149 2606 quanta
1162 2530 1204 2586 vis
1217 2529 1245 2586 in
1257 2546 1323 2607 per-

341 2612 466 2687 orando,
490 2630 542 2670 seu
562 2611 718 2670 reficienda
734 2610 816 2670 brevi
830 2613 1003 2689 repetitione
1016 2630 1110 2670 rerum
1130 2615 1265 2671 memoria
1281 2620 1327 2670 est

340 2695 440 2755 iudicis
455 2696 516 2753 sive
533 2694 652 2754 allectus
670 2694 762 2773 (quod
780 2703 825 2753 est
838 2694 926 2772 longe
942 2696 1183 2773 potentissimum)
1200 2711 1329 2754 commo·

313 2779 433 2846 tvendi.
485 2778 529 2837 De
552 2777 653 2855 quibus
674 2777 801 2857 partibus
821 2778 1073 2855 singulistquidam
1088 2780 1240 2855 separatim
1255 2779 1326 2837 scri-

340 2862 410 2920 bere
426 2862 585 2921 maluerunt
599 2861 678 2920 velut
694 2879 764 2920 onus
778 2863 866 2922 totius
880 2863 1012 2939 corporis
1024 2862 1125 2935 veriti,
1148 2869 1177 2919 et
1196 2863 1240 2920 sic
1255 2877 1326 2938 quo·

342 2963 397 3023 que
419 2945 581 3024 complures
607 2945 643 3004 de
664 2963 833 3023 unaquaque
853 2962 949 3004 earum
964 2944 1054 3004 libros
1070 2943 1232 3012 edidemut;
1255 2962 1327 3020 quas

342 3047 397 3105 ego
420 3046 518 3088 omnes
534 3047 618 3089 ausus
634 3039 790 3100 contexere
806 3046 899 3108 prope
918 3027 1053 3087 inlinitum
1071 3027 1199 3087 laborem
1212 3028 1327 3105 prospi-

342 3114 388 3172 cio
411 3122 439 3172 et
460 3115 522 3191 ipsa
539 3113 712 3190 cogitatione
728 3114 857 3191 suscepti
872 3113 995 3171 muneris
1009 3111 1124 3187 fatigor.
1155 3109 1213 3170 Sed
1225 3110 1327 3170 duran·

256 3197 270 3221 ⁰
342 3195 406 3255 dum
433 3206 494 3271 est,
520 3199 585 3274 quia
608 3198 771 3278 coepimus,
800 3206 830 3256 et
853 3199 877 3255 si
904 3194 1012 3254 viribus
1034 3194 1215 3270 deliciamur,
1235 3196 1328 3255 animo

275 3276 279 3280 ⁴
342 3287 436 3339 tamen
450 3280 701 3358 perseverandum.

728 3430 772 3480 nn
790 3429 943 3484 nxonnno.
1003 3392 1007 3401 ¹

424 3527 447 3587 1.
484 3499 568 3602 Quod
588 3528 812 3608 principium
833 3527 931 3587 Latine
944 3526 993 3586 vel
1012 3525 1200 3587 exordium
1216 3525 1329 3599 dicitur,

342 3612 449 3674 maiore
465 3611 584 3691 quadam
600 3614 710 3672 ratione
726 3610 829 3671 Graeci
845 3611 978 3670 videntur
987 3609 1329 3687 npoolptov'nominasset

344 3700 409 3778 quia
424 3714 440 3755 a
454 3697 560 3754 nostris
575 3696 682 3765 initium
695 3693 780 3755 modo
802 3695 994 3772 significatur,
1014 3693 1056 3753 illi
1076 3695 1147 3754 satis
1168 3693 1249 3754 clare
1264 3709 1328 3772 par·
