3184 4409
505 468 594 516 msc.
612 468 760 517 oanroc.
777 470 846 518 nm.
860 470 926 534 xrr,
942 469 966 520 1.
1202 454 1261 516 241

265 632 365 699 turus,
388 623 464 701 quod
480 623 573 684 adhuc
588 623 766 683 abscisurum
779 631 876 702 putem
893 622 997 689 iuisse;
1019 641 1083 682 nam
1101 632 1129 683 et
1144 623 1207 682 iere
1224 623 1266 683 sic

266 708 346 769 docti
364 708 577 782 iudicaverunt,
600 707 750 786 plurimum
765 709 794 766 in
810 724 846 766 eo
862 708 1011 781 virtutum,
1033 707 1160 766 nonnihil
1175 708 1265 767 luisse

265 793 415 867 vitiorum,
438 801 466 850 et
489 793 553 869 ipse
569 809 602 850 se
618 791 705 850 multa
726 808 763 850 ex
779 790 896 850 iuvenili
911 789 1082 849 abundantia
1099 793 1265 851 coercuisse

265 884 404 935 testatur:
420 884 525 951 tamen,
542 875 731 952 quandonec‘
741 875 879 953 sapientis
895 873 949 933 sibi
964 890 1078 948 nomeu,
1093 874 1206 933 minime
1221 875 1265 933 sui

266 968 467 1037 contemptor,
490 959 614 1018 asseruit
636 966 665 1017 et
686 958 789 1017 melius
811 958 926 1030 dicere,
952 966 1032 1017 certe
1048 956 1114 1017 data
1129 957 1264 1034 longiore

264 1044 325 1103 vita
342 1052 372 1102 et
385 1052 517 1120 tempore
536 1043 571 1102 ad
588 1042 815 1120 componendum
835 1043 1001 1116 securiore,
1025 1043 1181 1119 potuisset:
1209 1058 1266 1100 non

265 1127 392 1203 maligne
417 1127 604 1201 crediderim,
632 1125 759 1185 defuisse
786 1127 813 1185 ei
838 1143 974 1185 summam
999 1123 1092 1200 illam,
1119 1125 1265 1203 adquam

265 1227 352 1269 nemo
368 1213 486 1288 propius
503 1211 638 1270 accessit.
669 1207 705 1271 m
721 1209 838 1284 licebat,
856 1211 881 1269 si
899 1209 983 1268 aliter
999 1209 1145 1284 sentirem,
1161 1208 1264 1269 lortius
1272 1223 1305 1276 21

265 1294 296 1352 id
318 1293 494 1372 liberiusque
516 1292 684 1354 defendere.
716 1292 762 1353 An
782 1310 854 1353 vero
875 1291 1266 1352 marcodunanetus

267 1395 302 1436 se
318 1379 409 1436 visum
425 1378 627 1454 eloquentem,
646 1377 723 1455 quod
738 1385 817 1436 tanto
833 1378 923 1436 minus
940 1385 1018 1451 erat,
1034 1375 1186 1454 professus
1205 1384 1264 1442 est;

264 1463 332 1538 ipse
351 1463 434 1520 etiam
452 1460 489 1521 nl.
507 1461 617 1523 Tullius
639 1461 751 1538 quaerit
771 1461 865 1521 adhuc
889 1478 968 1534 eum,
993 1469 1022 1520 et
1043 1469 1149 1520 tantum
1165 1459 1265 1535 imagi·

266 1553 350 1603 natur
366 1562 400 1604 ac
418 1546 513 1621 lingit:
533 1562 589 1622 ego
605 1561 663 1604 non
678 1545 797 1604 audeam
813 1545 923 1620 dicere,
940 1544 1046 1621 aliquid
1063 1545 1092 1602 in
1105 1542 1172 1619 hac,
1190 1559 1265 1621 quae

265 1637 419 1705 superest,
444 1631 613 1689 aeternitate
637 1630 757 1688 inveniri
772 1645 862 1706 posse
885 1645 938 1704 eo,
967 1628 1044 1706 quod
1067 1627 1170 1703 luerit,
1197 1644 1263 1705 per·

264 1709 394 1772 fectius‘l
428 1712 557 1772 Transeo
577 1713 661 1788 illos,
687 1716 735 1790 qui
758 1709 894 1773 Ciceroni
917 1730 952 1772 ac
968 1711 1155 1771 Demostheni
1178 1729 1214 1769 ne
1236 1710 1306 1770 init

266 1795 435 1872 eloquentia
451 1797 565 1873 quidem
582 1798 652 1855 satis
668 1795 808 1865 tribuunt;
824 1813 984 1874 quanquam
998 1813 1093 1874 neque
1109 1796 1164 1873 ipsi
1180 1792 1263 1854 Cice·

264 1881 332 1938 roni
351 1878 564 1940 Demosthenes
583 1880 714 1941 videatur
729 1880 799 1940 satis
820 1898 887 1939 esse
906 1880 1072 1958 perlectus,
1095 1897 1180 1957 quem
1198 1877 1264 1937 dor·

261 1964 369 2022 ,mitare
390 1965 501 2023 interim
517 1963 601 2038 dicit,
624 1981 680 2023 nec
696 1960 802 2023 cicero
819 1963 908 2023 Bruto
925 1962 1091 2042 Caluoque,
1116 1964 1163 2040 qui
1184 1970 1265 2022 certe

246 2048 508 2124 compositionem
532 2046 609 2107 illins
635 2049 720 2106 ctiam
743 2047 820 2124 apud
840 2049 933 2127 ipsum
952 2046 1182 2125 reprehendunt,
1210 2063 1265 2104 nec

264 2129 369 2190 Asinio
394 2133 522 2210 utrique,
550 2132 597 2208 qui
614 2132 682 2190 vitia
705 2132 844 2191 orationis
861 2132 922 2191 eius
940 2133 1026 2191 ctiam
1047 2131 1160 2190 inimice
1175 2127 1264 2206 pluri·

265 2213 322 2274 bus
338 2214 412 2274 locis
427 2215 623 2292 insequuntur.

354 2295 554 2358 Concedamus
573 2316 660 2374 sane,
683 2298 760 2377 quod
774 2298 888 2358 minime
902 2307 1002 2359 natura
1018 2301 1141 2378 patitur,
1164 2303 1307 2376 repar-23

265 2391 325 2441 tum
341 2400 408 2441 esse
430 2383 556 2460 aliquem
581 2383 684 2442 malum
702 2383 792 2442 virum
808 2401 917 2443 summe
940 2383 1093 2443 disertum:
1120 2381 1208 2441 nihilo
1224 2388 1264 2440 ta·

265 2484 333 2525 men
348 2467 439 2524 minus
456 2475 601 2525 oratorem
618 2483 682 2525 eum
697 2466 822 2544 negabo.
854 2467 918 2527 Nec
933 2466 1081 2544 omnibus,
1098 2468 1145 2545 qui
1161 2465 1266 2524 luerint

265 2567 350 2610 manu
368 2550 504 2627 prompti,
521 2550 576 2608 viri
593 2550 676 2610 fortis
693 2567 799 2610 nomen
814 2552 1027 2626 concesserim,
1045 2553 1111 2629 quia
1129 2552 1191 2610 sine
1207 2549 1265 2608 vir·

266 2643 327 2693 tute
343 2633 464 2709 intelligi
479 2651 536 2693 non
551 2641 650 2712 potest
665 2633 813 2694 fortitudo.
839 2634 886 2695 An
901 2636 939 2711 ei,
954 2636 1003 2712 qui
1018 2635 1054 2695 ad
1069 2633 1308 2695 defendendashl

267 2735 372 2778 causas
397 2717 571 2793 advocatur,
593 2735 650 2777 nou
673 2726 718 2778 est
742 2736 816 2798 opus
838 2719 911 2794 fide,
942 2737 1025 2796 quam
1046 2737 1102 2779 nec
1125 2718 1266 2797 cupiditas

268 2810 434 2882 corrumpat
450 2820 505 2862 uec
526 2803 619 2879 gratia
634 2811 746 2862 avertat
762 2821 818 2864 nec
832 2812 924 2863 metus
947 2804 1075 2881 frangam
1100 2803 1153 2865 sed
1168 2802 1266 2881 prodi·

266 2895 377 2961 torem,
400 2886 594 2964 transfugam,
610 2889 875 2964 praevaricatorem
890 2887 1058 2948 donabimus
1073 2888 1197 2948 oratoris
1214 2885 1265 2944 illo

268 2985 353 3027 sacro
368 2967 504 3030 nomine?
535 2970 646 3045 Quodsi
667 2971 862 3040 mediocribus
883 2975 968 3033 etiam
988 2973 1116 3050 patronis
1132 2970 1267 3029 convenit

267 3051 357 3128 haec,
374 3071 448 3131 quae
463 3055 553 3132 vulgo
570 3055 693 3131 dicitur,
705 3053 834 3116 bonitas:
864 3075 915 3115 cur
930 3073 987 3115 non
1009 3065 1108 3114 orator
1124 3052 1192 3128 iile,
1218 3054 1266 3129 qui

267 3135 392 3195 nondum
405 3136 458 3197 fuit
479 3139 533 3199 sed
555 3147 654 3218 potest
675 3157 760 3215 esse,
784 3149 841 3199 tam
857 3141 894 3199 sit
908 3138 1036 3199 moribus
1052 3155 1136 3215 quam
1151 3136 1266 3196 dicendi

267 3219 373 3280 virtute
387 3220 557 3298 perfectus?
589 3222 654 3282 Non
674 3223 750 3283 enlm
773 3223 921 3283 sorensem
942 3223 1081 3302 quandam
1095 3221 1265 3279 instituimus
1273 3223 1308 3276 25

269 3319 390 3383 operam
406 3322 461 3364 neo
476 3308 684 3366 mercenariam
701 3323 806 3366 rocem
820 3325 893 3381 nec,
909 3315 939 3365 ut
954 3304 1151 3384 asperioribus
1165 3303 1265 3363 verbis
1299 3342 1305 3359 ,

268 3403 431 3466 parcamus,
447 3405 505 3447 non
515 3391 644 3451 inutilem
656 3407 725 3450 sane
738 3390 827 3450 litium
843 3391 1023 3464 advocatum,
1041 3406 1124 3466 quem
1140 3388 1265 3465 denique

269 3470 444 3530 causidicum
456 3472 545 3549 vulgo
560 3482 680 3542 vocant;
697 3473 749 3533 sed
764 3475 855 3533 virum
870 3491 933 3532 cum
946 3473 1052 3550 ingenii
1067 3481 1164 3532 natura
1180 3489 1265 3550 prae-

269 3563 392 3615 stantem
406 3564 465 3614 tum
480 3573 550 3616 vero
566 3566 609 3619 tot
623 3557 927 3649 pulcherrimaqartes
943 3558 1056 3635 penitus
1073 3564 1169 3615 mente
1187 3572 1264 3615 com-

268 3638 396 3718 plexum,
413 3637 508 3698 datum
522 3641 636 3701 taudem
647 3640 736 3728 rebus
751 3641 890 3715 hannonis,
907 3641 1020 3718 qualem
1030 3641 1108 3701 nulla
1120 3649 1204 3700 antea
1214 3657 1264 3696 ve·

268 3730 359 3783 tustas
376 3724 557 3800 cognouerit,
574 3725 747 3809 singularem
762 3725 981 3806 perlectumque
996 3725 1138 3803 undique,
1159 3724 1265 3800 optima

311 3829 339 3880 ru,
350 3829 373 3865 r.
388 3828 501 3877 oumrm.
512 3812 545 3873 11.
1062 3807 1100 3871 16
