3184 4409
349 473 391 538 58
656 489 693 537 nr.
710 488 789 537 nnn.
808 487 1028 550 qomrmmur

347 662 399 704 ves
412 643 461 701 vel
487 651 568 720 aptas
588 642 768 720 opinionibus
792 641 935 702 bominum
959 659 994 701 ac
1017 641 1155 703 moribus.
1192 643 1245 704 llis
1268 645 1337 706 enirn

348 728 436 787 salvis
452 727 520 785 licet
536 744 682 785 assumere
697 744 741 802 ea,
759 725 861 804 quibus
878 726 1019 787 illustrem
1034 726 1099 801 lieri
1114 729 1276 789 orationem
1290 749 1336 808 pu·

347 820 406 886 tat,
422 810 552 884 delecta,
570 811 724 885 translata,
744 810 900 889 superlata,
918 808 1072 869 adnomen
1086 809 1232 888 adiuncta,
1250 813 1335 891 dupli·

348 897 392 954 oia
408 903 437 952 et
453 894 527 953 idem
544 894 749 970 significantia,
766 891 802 952 ab
817 895 880 973 ipsa
896 894 1010 952 actione
1027 902 1114 971 atque
1129 893 1166 954 ab
1183 896 1334 957 imitatione

238 1052 239 1055 Ἴ
346 994 513 1038 rerumnon
528 975 721 1036 abhorrentia.

304 1072 339 1126 44
428 1061 486 1120 Sed
509 1061 640 1138 quoniam
659 1062 727 1119 vitia
747 1059 827 1138 prius
849 1058 1048 1120 demonstrare
1071 1061 1207 1137 aggressi
1231 1080 1332 1138 snmus,

346 1145 394 1205 uel
407 1144 464 1204 boc
479 1145 577 1203 vitium
593 1146 639 1218 sit,
657 1143 733 1220 quod
751 1140 998 1220 κακέμφατον
1018 1153 1156 1204 vocatur:
1178 1145 1244 1204 sive
1265 1147 1331 1205 mala
1356 1217 1359 1222 Ι

348 1227 552 1288 consuetudine
574 1228 602 1285 in
628 1226 784 1287 obscenum
811 1227 989 1286 intellectum
1013 1244 1108 1286 sermo
1130 1226 1263 1288 detortus
1283 1237 1331 1304 cst,

347 1313 393 1389 (ut
407 1314 537 1372 ductare
551 1312 704 1371 exercitas
720 1319 749 1368 et
762 1318 892 1388 patrare
906 1311 1000 1384 dello,
1021 1310 1096 1388 apud
1115 1310 1284 1371 Sallustium
1297 1313 1330 1372 di·

347 1406 392 1455 cta
413 1403 511 1454 sancte
536 1403 565 1453 et
590 1396 723 1472 antique,
746 1393 919 1469 ridentibus,
940 1395 964 1452 si
980 1393 1022 1453 dis
1040 1394 1153 1471 plaeet;
1176 1413 1263 1472 quam
1279 1396 1330 1456 eul-

305 1490 411 1558 ospam
430 1495 488 1537 non
509 1477 691 1537 scribentium
717 1477 831 1554 quidem
851 1477 946 1536 indico
967 1476 1019 1537 sed
1042 1477 1216 1552 legentium
1243 1489 1331 1539 tamen

345 1563 469 1637 vitanda,
489 1571 627 1638 quatenus
641 1560 731 1619 verba
745 1560 867 1620 honesta
881 1560 1008 1620 moribus
1022 1561 1213 1638 perdidimus,
1234 1572 1264 1622 et
1277 1565 1329 1622 vin·

347 1645 476 1706 centibus
497 1647 581 1704 etiam
600 1645 675 1703 vitiis
699 1644 858 1704 cedendam
880 1645 946 1723 est)
968 1645 1030 1704 sive
1050 1645 1179 1704 iunctura
1202 1645 1330 1706 deformi·

345 1738 390 1789 ter
405 1737 498 1804 sonat,
514 1737 553 1803 ut,
569 1728 593 1786 si
610 1747 677 1788 curn
691 1728 858 1789 bominibus
871 1730 949 1790 notis
962 1729 1043 1805 ioqui
1057 1745 1110 1786 nos
1128 1728 1266 1806 dicimus,
1284 1730 1345 1789 nisi·

345 1814 401 1873 hoc
418 1814 510 1889 ipsum
531 1812 697 1872 bominibus
710 1811 833 1871 medinm
848 1812 901 1888 sit,
921 1812 950 1871 in
970 1811 1125 1889 praefanda
1144 1812 1276 1873 videmur
1295 1815 1331 1872 in·

347 1897 459 1962 cidere;
489 1895 553 1972 quia
578 1895 674 1955 ultima
694 1897 797 1973 prioris
830 1893 961 1969 syllabae
981 1895 1093 1970 littera,
1115 1913 1190 1972 quae
1215 1897 1331 1977 exprimi

278 2012 280 2017 <
346 1981 400 2039 nisi
418 1979 505 2039 labris
522 1978 689 2038 coeuntibus
706 1996 763 2037 non
777 1987 890 2057 potest,
912 1987 960 2039 aut
979 1979 1159 2038 intersistere
1178 1997 1235 2039 nos
1256 1980 1330 2041 inde·

347 2064 511 2123 centissime
532 2064 611 2139 cogit
634 2071 682 2121 aut
705 2065 867 2122 continuata
888 2080 952 2122 enm
976 2063 1144 2140 insequente
1162 2064 1330 2123 intraturam

302 2149 406 2211 tocius
423 2147 621 2224 corrumpitur.
658 2145 800 2223 Aliaeque
821 2147 1037 2205 coniunctiones
1059 2146 1165 2223 aliquid
1180 2147 1275 2207 simile
1293 2148 1329 2206 ia·

345 2233 431 2306 ciunt,
449 2248 519 2307 quas
536 2230 672 2308 persequi
686 2229 803 2306 longum
820 2238 881 2304 est,
897 2231 925 2288 iu
943 2246 978 2289 eo
993 2231 1080 2305 vitio,
1099 2229 1175 2307 quod
1191 2232 1329 2292 vitandum

344 2315 473 2389 dicimus,
491 2322 710 2372 commorantes.
742 2313 800 2373 Sed
812 2313 913 2372 divisio
930 2331 1044 2391 quoque
1060 2313 1144 2373 aliert
1158 2315 1280 2374 eandem
1292 2316 1328 2373 in·

344 2400 443 2456 iuriam
464 2398 581 2475 pudori,
611 2407 640 2455 ut
668 2397 693 2455 si
719 2399 960 2475 intercapedinis
980 2398 1152 2456 nominativo
1179 2416 1250 2457 casn
1271 2397 1328 2475 quis

302 2488 336 2544 47
343 2490 445 2540 utatur.
478 2479 540 2539 Nec
563 2482 671 2558 scripto
687 2482 772 2539 modo
788 2480 817 2541 id
831 2480 950 2557 accidit,
973 2481 1025 2540 sed
1041 2482 1124 2539 etiam
1140 2497 1230 2540 sensu
1246 2481 1328 2559 pleri·

344 2583 400 2642 que
418 2563 545 2624 obscene
557 2564 738 2640 intelligere,
757 2565 811 2623 nisi
829 2565 956 2640 caveris,
979 2565 1094 2642 cupiunt
1111 2563 1157 2640 (ut
1174 2564 1252 2642 apud
1267 2563 1328 2623 ovi·

344 2648 418 2706 dium
445 2645 590 2724 Quaeque
611 2649 703 2708 intent
729 2649 855 2710 meliora
872 2648 982 2726 putat)
1005 2656 1034 2706 et
1055 2665 1092 2707 ex
1113 2647 1229 2723 verbis,
1259 2665 1328 2725 quae

343 2731 510 2806 longissime
531 2730 566 2789 ab
594 2730 772 2791 obscenitate
795 2731 913 2807 absunt,
940 2732 1124 2790 occasionem
1150 2731 1327 2808 turpitudinis

342 2831 456 2892 rapere.
488 2814 631 2891 Siquidem
648 2812 750 2873 Celsus
772 2813 960 2892 κακέμφατον
974 2814 1049 2894 apud
1062 2813 1223 2891 Vergilium
1234 2823 1327 2892 putat:

596 2897 749 2975 Incipiunt
763 2902 880 2976 opilata
895 2907 1071 2959 tumescere.

343 2981 427 3055 Quod
443 2983 467 3039 si
483 2982 621 3058 recipias:
637 2982 705 3039 nihil
723 2981 803 3059 loqui
817 2990 907 3042 tutum
922 2990 977 3040 est.

300 3075 335 3128 48
427 3066 608 3127 Deformitati
623 3066 782 3143 proximum
798 3075 843 3124 est
864 3065 1082 3124 humilitatis
1102 3064 1217 3138 vitium,
1234 3067 1326 3123 ταπεί-

342 3167 433 3210 νωσιν
454 3159 573 3223 vocant,
598 3166 653 3226 qua
670 3151 713 3207 rei
733 3149 896 3225 magnitudo
917 3148 964 3207 vel
990 3148 1112 3224 dignitas
1132 3148 1280 3206 minuitur:
1301 3154 1328 3204 ut

342 3231 449 3294 Sncen
469 3242 512 3295 est
532 3251 665 3315 serraco
679 3234 712 3293 in
737 3251 852 3295 summo
872 3234 980 3293 montis
997 3232 1120 3292 uertice·
1155 3228 1208 3290 Gui
1232 3239 1327 3289 natura

344 3318 514 3375 contrarium
533 3318 585 3376 sed
607 3334 707 3375 errore
727 3333 780 3394 par
801 3325 860 3391 est,
883 3317 979 3392 parvis
995 3316 1064 3373 dare
1081 3313 1254 3373 excedentia
1271 3329 1326 3372 mo·

344 3397 409 3456 dum
424 3402 550 3475 nomina,
574 3400 627 3458 nisi
645 3418 708 3458 curn
726 3417 763 3457 ex
779 3398 916 3458 industria
930 3401 1003 3457 risus
1018 3398 1084 3457 inde
1100 3405 1241 3475 captatur.
1274 3395 1326 3456 lta·

343 3498 398 3558 qne
421 3500 476 3540 nec
497 3484 665 3560 parricidam
685 3497 815 3560 nequam
837 3482 943 3541 dixeris
964 3481 1106 3541 hominem
1127 3498 1183 3539 neo
1205 3480 1327 3540 deditum

342 3564 418 3624 forte
435 3567 578 3624 meretrici
597 3568 766 3645 nefariam
791 3565 867 3642 quod
888 3565 1009 3624 alterum
1028 3583 1127 3643 parurn
1147 3564 1269 3623 altcmm
1288 3563 1325 3620 ni·

301 3651 425 3712 49mium
443 3657 496 3706 est.
529 3648 650 3708 Proinde
667 3649 804 3727 quaedam
821 3648 929 3724 hebes,
944 3649 1080 3724 sordida,
1100 3649 1211 3723 ieiuna,
1228 3645 1324 3717 tristis,

339 3734 464 3812 ingrata,
481 3734 546 3794 vilis
562 3735 653 3793 oratio
672 3742 725 3792 est.
761 3731 842 3805 Quae
857 3733 924 3792 vitia
941 3731 1077 3793 facillime
1094 3731 1164 3792 liunt
1177 3729 1325 3790 manifesta
