<?xml version="1.0" encoding="UTF-8"?>
<!DOCTYPE html PUBLIC "-//W3C//DTD XHTML 1.0 Transitional//EN"
    "http://www.w3.org/TR/xhtml1/DTD/xhtml1-transitional.dtd">
<html xmlns="http://www.w3.org/1999/xhtml" xml:lang="en" lang="en">
 <head>
  <title>
</title>
<meta http-equiv="Content-Type" content="text/html;charset=utf-8" />
  <meta name='ocr-system' content='tesseract 3.04.00' />
  <meta name='ocr-capabilities' content='ocr_page ocr_carea ocr_par ocr_line ocrx_word'/>
</head>
<body>
  <div class='ocr_page' id='page_1' title='image "./mfabiiquintilia02quingoog_0496.png"; bbox 0 0 3184 4409; ppageno 0'>
   <div class='ocr_carea' id='block_1_1' title="bbox 348 481 1069 551">
    <p class='ocr_par' dir='ltr' id='par_1_1' title="bbox 348 481 1069 551">
     <span class='ocr_line' id='line_1_1' title="bbox 348 481 1069 551; baseline -0.004 -12"><span class='ocrx_word' id='word_1_1' title='bbox 348 481 406 541; x_wconf 83' lang='grc'>164</span> <span class='ocrx_word' id='word_1_2' title='bbox 660 493 695 540; x_wconf 88' lang='grc' dir='ltr'>ιι.</span> <span class='ocrx_word' id='word_1_3' title='bbox 708 491 786 541; x_wconf 81' lang='lat' dir='ltr'>nna.</span> <span class='ocrx_word' id='word_1_4' title='bbox 801 489 1020 551; x_wconf 79' lang='lat' dir='ltr'>onmnrnrnrn</span> <span class='ocrx_word' id='word_1_5' title='bbox 1066 523 1069 530; x_wconf 93' lang='lat'>.</span> 
     </span>
    </p>
   </div>
   <div class='ocr_carea' id='block_1_2' title="bbox 287 645 1359 3826">
    <p class='ocr_par' dir='ltr' id='par_1_2' title="bbox 287 645 1359 3826">
     <span class='ocr_line' id='line_1_2' title="bbox 345 645 1341 726; baseline 0 -18"><span class='ocrx_word' id='word_1_6' title='bbox 345 649 488 708; x_wconf 78' lang='lat' dir='ltr'>astrictius</span> <span class='ocrx_word' id='word_1_7' title='bbox 505 647 551 707; x_wconf 87' lang='lat' dir='ltr'>hio</span> <span class='ocrx_word' id='word_1_8' title='bbox 567 648 660 722; x_wconf 80' lang='lat' dir='ltr'>latius,</span> <span class='ocrx_word' id='word_1_9' title='bbox 676 654 784 724; x_wconf 80' lang='lat' dir='ltr'>pugnat</span> <span class='ocrx_word' id='word_1_10' title='bbox 800 646 849 704; x_wconf 92' lang='lat' dir='ltr'>ille</span> <span class='ocrx_word' id='word_1_11' title='bbox 867 647 995 707; x_wconf 80' lang='lat' dir='ltr'>acumine</span> <span class='ocrx_word' id='word_1_12' title='bbox 1015 663 1131 722; x_wconf 80' lang='lat' dir='ltr'>semper</span> <span class='ocrx_word' id='word_1_13' title='bbox 1147 645 1194 705; x_wconf 90' lang='lat' dir='ltr'>hic</span> <span class='ocrx_word' id='word_1_14' title='bbox 1208 647 1341 726; x_wconf 79' lang='lat' dir='ltr'>trequen-</span> 
     </span>
     <span class='ocr_line' id='line_1_3' title="bbox 288 728 1342 808; baseline 0 -15"><span class='ocrx_word' id='word_1_15' title='bbox 288 784 292 794; x_wconf 87' lang='lat'>.</span> <span class='ocrx_word' id='word_1_16' title='bbox 345 742 389 790; x_wconf 91' lang='lat' dir='ltr'>ter</span> <span class='ocrx_word' id='word_1_17' title='bbox 405 741 434 790; x_wconf 92' lang='lat' dir='ltr'>et</span> <span class='ocrx_word' id='word_1_18' title='bbox 450 732 589 808; x_wconf 89' lang='lat' dir='ltr'>pondere,</span> <span class='ocrx_word' id='word_1_19' title='bbox 605 732 645 790; x_wconf 93' lang='lat' dir='ltr'>illi</span> <span class='ocrx_word' id='word_1_20' title='bbox 661 732 728 789; x_wconf 91' lang='lat' dir='ltr'>nihil</span> <span class='ocrx_word' id='word_1_21' title='bbox 745 729 856 789; x_wconf 84' lang='lat' dir='ltr'>detrahi</span> <span class='ocrx_word' id='word_1_22' title='bbox 868 738 968 808; x_wconf 89' lang='lat' dir='ltr'>potest</span> <span class='ocrx_word' id='word_1_23' title='bbox 983 729 1049 788; x_wconf 92' lang='lat' dir='ltr'>hnic</span> <span class='ocrx_word' id='word_1_24' title='bbox 1061 728 1129 787; x_wconf 94' lang='lat' dir='ltr'>nihil</span> <span class='ocrx_word' id='word_1_25' title='bbox 1142 731 1243 805; x_wconf 86' lang='lat' dir='ltr'>adiici,</span> <span class='ocrx_word' id='word_1_26' title='bbox 1264 750 1342 792; x_wconf 86' lang='lat' dir='ltr'>curae</span> 
     </span>
     <span class='ocr_line' id='line_1_4' title="bbox 287 813 1344 893; baseline 0.002 -19"><span class='ocrx_word' id='word_1_27' title='bbox 287 827 336 880; x_wconf 80' lang='lat'>107</span> <span class='ocrx_word' id='word_1_28' title='bbox 347 816 411 893; x_wconf 92' lang='lat' dir='ltr'>plus</span> <span class='ocrx_word' id='word_1_29' title='bbox 431 816 458 872; x_wconf 95' lang='lat' dir='ltr'>in</span> <span class='ocrx_word' id='word_1_30' title='bbox 474 815 524 874; x_wconf 94' lang='lat' dir='ltr'>illo</span> <span class='ocrx_word' id='word_1_31' title='bbox 541 817 568 873; x_wconf 92' lang='lat' dir='ltr'>in</span> <span class='ocrx_word' id='word_1_32' title='bbox 585 815 640 873; x_wconf 90' lang='lat' dir='ltr'>hoc</span> <span class='ocrx_word' id='word_1_33' title='bbox 656 825 782 874; x_wconf 87' lang='lat' dir='ltr'>naturae.</span> <span class='ocrx_word' id='word_1_34' title='bbox 816 813 930 873; x_wconf 89' lang='lat' dir='ltr'>Salibus</span> <span class='ocrx_word' id='word_1_35' title='bbox 944 822 1023 872; x_wconf 89' lang='lat' dir='ltr'>certe</span> <span class='ocrx_word' id='word_1_36' title='bbox 1040 821 1069 871; x_wconf 94' lang='lat' dir='ltr'>et</span> <span class='ocrx_word' id='word_1_37' title='bbox 1081 816 1344 890; x_wconf 82' lang='lat' dir='ltr'>commiseratione,</span> 
     </span>
     <span class='ocr_line' id='line_1_5' title="bbox 345 896 1341 977; baseline 0.003 -21"><span class='ocrx_word' id='word_1_38' title='bbox 345 900 393 976; x_wconf 91' lang='lat' dir='ltr'>qui</span> <span class='ocrx_word' id='word_1_39' title='bbox 414 899 470 958; x_wconf 93' lang='lat' dir='ltr'>duo</span> <span class='ocrx_word' id='word_1_40' title='bbox 497 899 648 977; x_wconf 90' lang='lat' dir='ltr'>plurimum</span> <span class='ocrx_word' id='word_1_41' title='bbox 678 899 800 956; x_wconf 88' lang='lat' dir='ltr'>allectus</span> <span class='ocrx_word' id='word_1_42' title='bbox 826 897 939 971; x_wconf 86' lang='lat' dir='ltr'>valent,</span> <span class='ocrx_word' id='word_1_43' title='bbox 964 897 1113 954; x_wconf 88' lang='lat' dir='ltr'>vincimus.</span> <span class='ocrx_word' id='word_1_44' title='bbox 1154 896 1192 956; x_wconf 82' lang='lat' dir='ltr'>Et</span> <span class='ocrx_word' id='word_1_45' title='bbox 1223 899 1341 959; x_wconf 82' lang='lat' dir='ltr'>fortasse</span> 
     </span>
     <span class='ocr_line' id='line_1_6' title="bbox 346 980 1340 1060; baseline 0.002 -19"><span class='ocrx_word' id='word_1_46' title='bbox 346 983 479 1060; x_wconf 81' lang='lat' dir='ltr'>epilogos</span> <span class='ocrx_word' id='word_1_47' title='bbox 508 982 550 1042; x_wconf 96' lang='lat' dir='ltr'>illi</span> <span class='ocrx_word' id='word_1_48' title='bbox 576 1000 638 1041; x_wconf 90' lang='lat' dir='ltr'>mos</span> <span class='ocrx_word' id='word_1_49' title='bbox 667 984 788 1041; x_wconf 90' lang='lat' dir='ltr'>civitatis</span> <span class='ocrx_word' id='word_1_50' title='bbox 822 981 985 1047; x_wconf 80' lang='lat' dir='ltr'>abstulerit:</span> <span class='ocrx_word' id='word_1_51' title='bbox 1021 980 1074 1040; x_wconf 90' lang='lat' dir='ltr'>sed</span> <span class='ocrx_word' id='word_1_52' title='bbox 1105 989 1134 1038; x_wconf 95' lang='lat' dir='ltr'>et</span> <span class='ocrx_word' id='word_1_53' title='bbox 1167 981 1257 1041; x_wconf 91' lang='lat' dir='ltr'>nobis</span> <span class='ocrx_word' id='word_1_54' title='bbox 1289 984 1340 1057; x_wconf 91' lang='lat' dir='ltr'>illa,</span> 
     </span>
     <span class='ocr_line' id='line_1_7' title="bbox 346 1064 1340 1143; baseline 0.003 -19"><span class='ocrx_word' id='word_1_55' title='bbox 346 1084 418 1143; x_wconf 85' lang='lat' dir='ltr'>quae</span> <span class='ocrx_word' id='word_1_56' title='bbox 442 1067 529 1126; x_wconf 85' lang='lat' dir='ltr'>Attici</span> <span class='ocrx_word' id='word_1_57' title='bbox 552 1069 702 1140; x_wconf 90' lang='lat' dir='ltr'>mirantur,</span> <span class='ocrx_word' id='word_1_58' title='bbox 729 1065 842 1123; x_wconf 90' lang='lat' dir='ltr'>diversa</span> <span class='ocrx_word' id='word_1_59' title='bbox 865 1064 955 1123; x_wconf 86' lang='lat' dir='ltr'>Latini</span> <span class='ocrx_word' id='word_1_60' title='bbox 986 1066 1127 1123; x_wconf 87' lang='lat' dir='ltr'>sermonis</span> <span class='ocrx_word' id='word_1_61' title='bbox 1153 1067 1231 1124; x_wconf 89' lang='lat' dir='ltr'>ratio</span> <span class='ocrx_word' id='word_1_62' title='bbox 1260 1071 1340 1127; x_wconf 89' lang='lat' dir='ltr'>minus</span> 
     </span>
     <span class='ocr_line' id='line_1_8' title="bbox 345 1147 1340 1230; baseline 0.001 -22"><span class='ocrx_word' id='word_1_63' title='bbox 345 1151 517 1228; x_wconf 79' lang='lat' dir='ltr'>permiserit.</span> <span class='ocrx_word' id='word_1_64' title='bbox 554 1150 584 1208; x_wconf 95' lang='lat' dir='ltr'>ln</span> <span class='ocrx_word' id='word_1_65' title='bbox 606 1148 738 1227; x_wconf 92' lang='lat' dir='ltr'>epistolis</span> <span class='ocrx_word' id='word_1_66' title='bbox 760 1147 891 1225; x_wconf 90' lang='lat' dir='ltr'>quidem,</span> <span class='ocrx_word' id='word_1_67' title='bbox 913 1165 1073 1225; x_wconf 87' lang='lat' dir='ltr'>quanquam</span> <span class='ocrx_word' id='word_1_68' title='bbox 1093 1157 1160 1205; x_wconf 89' lang='lat' dir='ltr'>sunt</span> <span class='ocrx_word' id='word_1_69' title='bbox 1183 1152 1340 1230; x_wconf 83' lang='lat' dir='ltr'>utriusque,</span> 
     </span>
     <span class='ocr_line' id='line_1_9' title="bbox 288 1230 1341 1310; baseline 0 -18"><span class='ocrx_word' id='word_1_70' title='bbox 288 1235 523 1310; x_wconf 81' lang='lat' dir='ltr'>108dialogisve,</span> <span class='ocrx_word' id='word_1_71' title='bbox 541 1233 644 1310; x_wconf 91' lang='lat' dir='ltr'>quibus</span> <span class='ocrx_word' id='word_1_72' title='bbox 662 1233 730 1292; x_wconf 91' lang='lat' dir='ltr'>nihil</span> <span class='ocrx_word' id='word_1_73' title='bbox 748 1233 817 1306; x_wconf 89' lang='lat' dir='ltr'>ille,</span> <span class='ocrx_word' id='word_1_74' title='bbox 833 1231 911 1291; x_wconf 91' lang='lat' dir='ltr'>nulla</span> <span class='ocrx_word' id='word_1_75' title='bbox 928 1235 1074 1291; x_wconf 88' lang='lat' dir='ltr'>contentio</span> <span class='ocrx_word' id='word_1_76' title='bbox 1090 1239 1144 1290; x_wconf 88' lang='lat' dir='ltr'>est.</span> <span class='ocrx_word' id='word_1_77' title='bbox 1180 1230 1341 1295; x_wconf 83' lang='lat' dir='ltr'>Cedendum</span> 
     </span>
     <span class='ocr_line' id='line_1_10' title="bbox 344 1313 1341 1395; baseline 0.003 -20"><span class='ocrx_word' id='word_1_78' title='bbox 344 1335 414 1376; x_wconf 87' lang='lat' dir='ltr'>vero</span> <span class='ocrx_word' id='word_1_79' title='bbox 430 1320 458 1376; x_wconf 93' lang='lat' dir='ltr'>in</span> <span class='ocrx_word' id='word_1_80' title='bbox 473 1317 539 1392; x_wconf 88' lang='lat' dir='ltr'>hoc,</span> <span class='ocrx_word' id='word_1_81' title='bbox 559 1318 635 1395; x_wconf 91' lang='lat' dir='ltr'>quod</span> <span class='ocrx_word' id='word_1_82' title='bbox 651 1327 680 1376; x_wconf 91' lang='lat' dir='ltr'>et</span> <span class='ocrx_word' id='word_1_83' title='bbox 698 1317 776 1394; x_wconf 93' lang='lat' dir='ltr'>prior</span> <span class='ocrx_word' id='word_1_84' title='bbox 788 1316 840 1374; x_wconf 89' lang='lat' dir='ltr'>luit</span> <span class='ocrx_word' id='word_1_85' title='bbox 855 1325 884 1374; x_wconf 90' lang='lat' dir='ltr'>et</span> <span class='ocrx_word' id='word_1_86' title='bbox 900 1333 936 1374; x_wconf 84' lang='lat' dir='ltr'>ex</span> <span class='ocrx_word' id='word_1_87' title='bbox 951 1334 1053 1392; x_wconf 84' lang='lat' dir='ltr'>magna</span> <span class='ocrx_word' id='word_1_88' title='bbox 1065 1324 1147 1392; x_wconf 88' lang='lat' dir='ltr'>parte</span> <span class='ocrx_word' id='word_1_89' title='bbox 1162 1313 1341 1391; x_wconf 79' lang='lat' dir='ltr'>Ciceronem,</span> 
     </span>
     <span class='ocr_line' id='line_1_11' title="bbox 347 1398 1342 1480; baseline 0.001 -21"><span class='ocrx_word' id='word_1_90' title='bbox 347 1405 466 1478; x_wconf 89' lang='lat' dir='ltr'>quantus</span> <span class='ocrx_word' id='word_1_91' title='bbox 481 1412 535 1476; x_wconf 88' lang='lat' dir='ltr'>est,</span> <span class='ocrx_word' id='word_1_92' title='bbox 551 1401 628 1459; x_wconf 87' lang='lat' dir='ltr'>iecit.</span> <span class='ocrx_word' id='word_1_93' title='bbox 651 1401 722 1460; x_wconf 91' lang='lat' dir='ltr'>Nam</span> <span class='ocrx_word' id='word_1_94' title='bbox 734 1400 800 1459; x_wconf 92' lang='lat' dir='ltr'>mihi</span> <span class='ocrx_word' id='word_1_95' title='bbox 815 1400 929 1459; x_wconf 90' lang='lat' dir='ltr'>videtur</span> <span class='ocrx_word' id='word_1_96' title='bbox 939 1398 977 1480; x_wconf 94' lang='grc' dir='ltr'>Μ.</span> <span class='ocrx_word' id='word_1_97' title='bbox 990 1399 1112 1474; x_wconf 83' lang='lat' dir='ltr'>Tullius,</span> <span class='ocrx_word' id='word_1_98' title='bbox 1130 1418 1195 1458; x_wconf 91' lang='lat' dir='ltr'>cum</span> <span class='ocrx_word' id='word_1_99' title='bbox 1210 1420 1245 1460; x_wconf 88' lang='lat' dir='ltr'>se</span> <span class='ocrx_word' id='word_1_100' title='bbox 1262 1413 1342 1462; x_wconf 90' lang='lat' dir='ltr'>toturn</span> 
     </span>
     <span class='ocr_line' id='line_1_12' title="bbox 347 1483 1342 1558; baseline 0.002 -14"><span class='ocrx_word' id='word_1_101' title='bbox 347 1486 379 1544; x_wconf 91' lang='lat' dir='ltr'>ad</span> <span class='ocrx_word' id='word_1_102' title='bbox 396 1487 580 1545; x_wconf 90' lang='lat' dir='ltr'>imitationem</span> <span class='ocrx_word' id='word_1_103' title='bbox 596 1485 770 1544; x_wconf 86' lang='lat' dir='ltr'>Graecorum</span> <span class='ocrx_word' id='word_1_104' title='bbox 787 1484 973 1558; x_wconf 87' lang='lat' dir='ltr'>contulisset,</span> <span class='ocrx_word' id='word_1_105' title='bbox 1000 1483 1149 1542; x_wconf 83' lang='lat' dir='ltr'>effinxisse</span> <span class='ocrx_word' id='word_1_106' title='bbox 1165 1485 1226 1542; x_wconf 86' lang='lat' dir='ltr'>vim</span> <span class='ocrx_word' id='word_1_107' title='bbox 1243 1486 1342 1546; x_wconf 88' lang='lat' dir='ltr'>Demo·</span> 
     </span>
     <span class='ocr_line' id='line_1_13' title="bbox 288 1567 1359 1646; baseline 0.005 -20"><span class='ocrx_word' id='word_1_108' title='bbox 288 1569 471 1644; x_wconf 83' lang='lat' dir='ltr'>109sthenis,</span> <span class='ocrx_word' id='word_1_109' title='bbox 495 1571 607 1646; x_wconf 91' lang='lat' dir='ltr'>copiam</span> <span class='ocrx_word' id='word_1_110' title='bbox 621 1568 764 1643; x_wconf 89' lang='lat' dir='ltr'>Platonis,</span> <span class='ocrx_word' id='word_1_111' title='bbox 784 1568 987 1627; x_wconf 91' lang='lat' dir='ltr'>iucunditatem</span> <span class='ocrx_word' id='word_1_112' title='bbox 1004 1567 1150 1626; x_wconf 89' lang='lat' dir='ltr'>Isocratis.</span> <span class='ocrx_word' id='word_1_113' title='bbox 1191 1568 1260 1629; x_wconf 89' lang='lat' dir='ltr'>Nec</span> <span class='ocrx_word' id='word_1_114' title='bbox 1280 1570 1359 1630; x_wconf 68' lang='lat' dir='ltr'>rett‘</span> 
     </span>
     <span class='ocr_line' id='line_1_14' title="bbox 347 1651 1342 1730; baseline 0.004 -21"><span class='ocrx_word' id='word_1_115' title='bbox 347 1654 423 1730; x_wconf 91' lang='lat' dir='ltr'>qnod</span> <span class='ocrx_word' id='word_1_116' title='bbox 439 1655 467 1711; x_wconf 89' lang='lat' dir='ltr'>in</span> <span class='ocrx_word' id='word_1_117' title='bbox 483 1669 599 1730; x_wconf 92' lang='lat' dir='ltr'>quoque</span> <span class='ocrx_word' id='word_1_118' title='bbox 615 1654 750 1730; x_wconf 91' lang='lat' dir='ltr'>optimum</span> <span class='ocrx_word' id='word_1_119' title='bbox 767 1653 836 1725; x_wconf 86' lang='lat' dir='ltr'>luit,</span> <span class='ocrx_word' id='word_1_120' title='bbox 861 1651 955 1711; x_wconf 90' lang='lat' dir='ltr'>studio</span> <span class='ocrx_word' id='word_1_121' title='bbox 972 1660 1146 1710; x_wconf 87' lang='lat' dir='ltr'>consecutus</span> <span class='ocrx_word' id='word_1_122' title='bbox 1163 1661 1211 1711; x_wconf 92' lang='lat' dir='ltr'>est</span> <span class='ocrx_word' id='word_1_123' title='bbox 1228 1663 1342 1719; x_wconf 78' lang='lat' dir='ltr'>tantun:</span> 
     </span>
     <span class='ocr_line' id='line_1_15' title="bbox 346 1736 1343 1814; baseline 0.002 -20"><span class='ocrx_word' id='word_1_124' title='bbox 346 1737 399 1795; x_wconf 88' lang='lat' dir='ltr'>sed</span> <span class='ocrx_word' id='word_1_125' title='bbox 416 1737 553 1814; x_wconf 92' lang='lat' dir='ltr'>plurimas</span> <span class='ocrx_word' id='word_1_126' title='bbox 570 1736 618 1794; x_wconf 93' lang='lat' dir='ltr'>vel</span> <span class='ocrx_word' id='word_1_127' title='bbox 634 1738 729 1812; x_wconf 90' lang='lat' dir='ltr'>potius</span> <span class='ocrx_word' id='word_1_128' title='bbox 747 1753 845 1794; x_wconf 88' lang='lat' dir='ltr'>omnes</span> <span class='ocrx_word' id='word_1_129' title='bbox 866 1754 904 1794; x_wconf 87' lang='lat' dir='ltr'>ex</span> <span class='ocrx_word' id='word_1_130' title='bbox 918 1754 950 1794; x_wconf 89' lang='lat' dir='ltr'>se</span> <span class='ocrx_word' id='word_1_131' title='bbox 966 1737 1031 1812; x_wconf 92' lang='lat' dir='ltr'>ipso</span> <span class='ocrx_word' id='word_1_132' title='bbox 1045 1736 1287 1798; x_wconf 83' lang='lat' dir='ltr'>virtutesextulit</span> <span class='ocrx_word' id='word_1_133' title='bbox 1302 1740 1343 1796; x_wconf 89' lang='lat' dir='ltr'>in·</span> 
     </span>
     <span class='ocr_line' id='line_1_16' title="bbox 345 1818 1344 1897; baseline 0.001 -20"><span class='ocrx_word' id='word_1_134' title='bbox 345 1820 473 1880; x_wconf 90' lang='lat' dir='ltr'>mortalis</span> <span class='ocrx_word' id='word_1_135' title='bbox 495 1821 601 1896; x_wconf 86' lang='lat' dir='ltr'>ingenii</span> <span class='ocrx_word' id='word_1_136' title='bbox 623 1819 788 1879; x_wconf 89' lang='lat' dir='ltr'>beatissima</span> <span class='ocrx_word' id='word_1_137' title='bbox 808 1818 935 1878; x_wconf 88' lang='lat' dir='ltr'>ubertas.</span> <span class='ocrx_word' id='word_1_138' title='bbox 975 1818 1040 1878; x_wconf 89' lang='lat' dir='ltr'>Non</span> <span class='ocrx_word' id='word_1_139' title='bbox 1063 1819 1136 1877; x_wconf 91' lang='lat' dir='ltr'>enirn</span> <span class='ocrx_word' id='word_1_140' title='bbox 1157 1821 1303 1897; x_wconf 71' lang='lat' dir='ltr'>pluvios,</span> <span class='ocrx_word' id='word_1_141' title='bbox 1320 1829 1344 1879; x_wconf 89' lang='lat' dir='ltr'>nt</span> 
     </span>
     <span class='ocr_line' id='line_1_17' title="bbox 346 1904 1343 1982; baseline 0.002 -22"><span class='ocrx_word' id='word_1_142' title='bbox 346 1905 383 1962; x_wconf 90' lang='lat' dir='ltr'>ait</span> <span class='ocrx_word' id='word_1_143' title='bbox 398 1904 551 1979; x_wconf 80' lang='lat' dir='ltr'>Pindarus,</span> <span class='ocrx_word' id='word_1_144' title='bbox 569 1920 668 1981; x_wconf 76' lang='lat' dir='ltr'>optior</span> <span class='ocrx_word' id='word_1_145' title='bbox 686 1906 795 1982; x_wconf 81' lang='lat' dir='ltr'>collipit</span> <span class='ocrx_word' id='word_1_146' title='bbox 817 1906 873 1964; x_wconf 81' lang='lat' dir='ltr'>scd</span> <span class='ocrx_word' id='word_1_147' title='bbox 886 1905 954 1965; x_wconf 82' lang='lat' dir='ltr'>civo</span> <span class='ocrx_word' id='word_1_148' title='bbox 967 1904 1088 1982; x_wconf 82' lang='lat' dir='ltr'>purpite</span> <span class='ocrx_word' id='word_1_149' title='bbox 1102 1907 1257 1981; x_wconf 71' lang='lat' dir='ltr'>contradat,</span> <span class='ocrx_word' id='word_1_150' title='bbox 1274 1906 1343 1967; x_wconf 88' lang='lat' dir='ltr'>dono</span> 
     </span>
     <span class='ocr_line' id='line_1_18' title="bbox 348 1987 1343 2068; baseline 0.004 -24"><span class='ocrx_word' id='word_1_151' title='bbox 348 1988 469 2063; x_wconf 90' lang='lat' dir='ltr'>quodam</span> <span class='ocrx_word' id='word_1_152' title='bbox 488 1988 686 2066; x_wconf 85' lang='lat' dir='ltr'>providentiae</span> <span class='ocrx_word' id='word_1_153' title='bbox 703 1990 834 2065; x_wconf 83' lang='lat' dir='ltr'>genitus,</span> <span class='ocrx_word' id='word_1_154' title='bbox 856 1989 884 2046; x_wconf 91' lang='lat' dir='ltr'>in</span> <span class='ocrx_word' id='word_1_155' title='bbox 908 2005 965 2065; x_wconf 93' lang='lat' dir='ltr'>quo</span> <span class='ocrx_word' id='word_1_156' title='bbox 992 1995 1068 2068; x_wconf 84' lang='lat' dir='ltr'>totas</span> <span class='ocrx_word' id='word_1_157' title='bbox 1089 1987 1168 2044; x_wconf 77' lang='lat' dir='ltr'>vir&#39;es</span> <span class='ocrx_word' id='word_1_158' title='bbox 1189 2006 1261 2048; x_wconf 91' lang='lat' dir='ltr'>suas</span> <span class='ocrx_word' id='word_1_159' title='bbox 1289 1990 1343 2048; x_wconf 90' lang='lat' dir='ltr'>elo·</span> 
     </span>
     <span class='ocr_line' id='line_1_19' title="bbox 290 2071 1343 2150; baseline 0.001 -21"><span class='ocrx_word' id='word_1_160' title='bbox 290 2074 461 2146; x_wconf 87' lang='lat' dir='ltr'>lloquentia</span> <span class='ocrx_word' id='word_1_161' title='bbox 483 2075 673 2150; x_wconf 78' lang='lat' dir='ltr'>experiretur.</span> <span class='ocrx_word' id='word_1_162' title='bbox 712 2072 783 2130; x_wconf 90' lang='lat' dir='ltr'>Nam</span> <span class='ocrx_word' id='word_1_163' title='bbox 804 2072 867 2149; x_wconf 92' lang='lat' dir='ltr'>quis</span> <span class='ocrx_word' id='word_1_164' title='bbox 890 2071 998 2131; x_wconf 90' lang='lat' dir='ltr'>docere</span> <span class='ocrx_word' id='word_1_165' title='bbox 1019 2071 1201 2147; x_wconf 82' lang='lat' dir='ltr'>diligentius,</span> <span class='ocrx_word' id='word_1_166' title='bbox 1229 2090 1343 2132; x_wconf 89' lang='lat' dir='ltr'>movere</span> 
     </span>
     <span class='ocr_line' id='line_1_20' title="bbox 347 2151 1343 2233; baseline 0 -20"><span class='ocrx_word' id='word_1_167' title='bbox 347 2156 544 2215; x_wconf 89' lang='lat' dir='ltr'>vehementius</span> <span class='ocrx_word' id='word_1_168' title='bbox 565 2153 683 2233; x_wconf 87' lang='lat' dir='ltr'>potest?</span> <span class='ocrx_word' id='word_1_169' title='bbox 725 2153 776 2214; x_wconf 93' lang='lat' dir='ltr'>Cui</span> <span class='ocrx_word' id='word_1_170' title='bbox 805 2164 882 2214; x_wconf 89' lang='lat' dir='ltr'>tanta</span> <span class='ocrx_word' id='word_1_171' title='bbox 907 2173 1030 2233; x_wconf 91' lang='lat' dir='ltr'>unquam</span> <span class='ocrx_word' id='word_1_172' title='bbox 1056 2155 1220 2216; x_wconf 89' lang='lat' dir='ltr'>iucunditas</span> <span class='ocrx_word' id='word_1_173' title='bbox 1247 2151 1343 2218; x_wconf 76' lang='lat' dir='ltr'>alluit?</span> 
     </span>
     <span class='ocr_line' id='line_1_21' title="bbox 347 2238 1342 2318; baseline -0.001 -20"><span class='ocrx_word' id='word_1_174' title='bbox 347 2249 377 2299; x_wconf 97' lang='lat' dir='ltr'>ut</span> <span class='ocrx_word' id='word_1_175' title='bbox 394 2242 456 2318; x_wconf 91' lang='lat' dir='ltr'>ipsa</span> <span class='ocrx_word' id='word_1_176' title='bbox 474 2242 536 2315; x_wconf 90' lang='lat' dir='ltr'>illa,</span> <span class='ocrx_word' id='word_1_177' title='bbox 554 2259 627 2317; x_wconf 90' lang='lat' dir='ltr'>quae</span> <span class='ocrx_word' id='word_1_178' title='bbox 644 2248 815 2316; x_wconf 80' lang='lat' dir='ltr'>extorquet,</span> <span class='ocrx_word' id='word_1_179' title='bbox 833 2240 989 2315; x_wconf 87' lang='lat' dir='ltr'>impetrare</span> <span class='ocrx_word' id='word_1_180' title='bbox 1007 2257 1070 2297; x_wconf 91' lang='lat' dir='ltr'>eum</span> <span class='ocrx_word' id='word_1_181' title='bbox 1087 2238 1211 2315; x_wconf 86' lang='lat' dir='ltr'>credas,</span> <span class='ocrx_word' id='word_1_182' title='bbox 1237 2251 1267 2300; x_wconf 90' lang='lat' dir='ltr'>et</span> <span class='ocrx_word' id='word_1_183' title='bbox 1288 2256 1342 2300; x_wconf 93' lang='lat' dir='ltr'>cnn</span> 
     </span>
     <span class='ocr_line' id='line_1_22' title="bbox 347 2323 1341 2402; baseline 0.001 -21"><span class='ocrx_word' id='word_1_184' title='bbox 347 2332 539 2383; x_wconf 85' lang='lat' dir='ltr'>transversum</span> <span class='ocrx_word' id='word_1_185' title='bbox 555 2327 582 2383; x_wconf 92' lang='lat' dir='ltr'>vi</span> <span class='ocrx_word' id='word_1_186' title='bbox 600 2343 651 2383; x_wconf 90' lang='lat' dir='ltr'>sua</span> <span class='ocrx_word' id='word_1_187' title='bbox 671 2324 792 2383; x_wconf 89' lang='lat' dir='ltr'>iudicem</span> <span class='ocrx_word' id='word_1_188' title='bbox 808 2323 896 2383; x_wconf 85' lang='lat' dir='ltr'>ierat:</span> <span class='ocrx_word' id='word_1_189' title='bbox 918 2332 1013 2382; x_wconf 88' lang='lat' dir='ltr'>tamen</span> <span class='ocrx_word' id='word_1_190' title='bbox 1030 2323 1080 2399; x_wconf 91' lang='lat' dir='ltr'>ille</span> <span class='ocrx_word' id='word_1_191' title='bbox 1098 2339 1155 2380; x_wconf 94' lang='lat' dir='ltr'>non</span> <span class='ocrx_word' id='word_1_192' title='bbox 1171 2326 1239 2402; x_wconf 89' lang='lat' dir='ltr'>rapi</span> <span class='ocrx_word' id='word_1_193' title='bbox 1254 2326 1341 2385; x_wconf 87' lang='lat' dir='ltr'>videa·</span> 
     </span>
     <span class='ocr_line' id='line_1_23' title="bbox 291 2406 1342 2487; baseline 0 -23"><span class='ocrx_word' id='word_1_194' title='bbox 291 2413 338 2464; x_wconf 87' lang='grc'>111</span> <span class='ocrx_word' id='word_1_195' title='bbox 348 2417 392 2466; x_wconf 91' lang='lat' dir='ltr'>tur</span> <span class='ocrx_word' id='word_1_196' title='bbox 409 2409 461 2468; x_wconf 90' lang='lat' dir='ltr'>sed</span> <span class='ocrx_word' id='word_1_197' title='bbox 477 2409 569 2485; x_wconf 90' lang='lat' dir='ltr'>sequi.</span> <span class='ocrx_word' id='word_1_198' title='bbox 604 2409 662 2467; x_wconf 90' lang='lat' dir='ltr'>lam</span> <span class='ocrx_word' id='word_1_199' title='bbox 685 2409 713 2466; x_wconf 93' lang='lat' dir='ltr'>in</span> <span class='ocrx_word' id='word_1_200' title='bbox 729 2406 870 2487; x_wconf 88' lang='lat' dir='ltr'>omnihus,</span> <span class='ocrx_word' id='word_1_201' title='bbox 892 2425 966 2484; x_wconf 90' lang='lat' dir='ltr'>quae</span> <span class='ocrx_word' id='word_1_202' title='bbox 982 2408 1066 2481; x_wconf 89' lang='lat' dir='ltr'>dicit,</span> <span class='ocrx_word' id='word_1_203' title='bbox 1089 2415 1165 2465; x_wconf 90' lang='lat' dir='ltr'>tanta</span> <span class='ocrx_word' id='word_1_204' title='bbox 1189 2411 1342 2468; x_wconf 86' lang='lat' dir='ltr'>auctoritas</span> 
     </span>
     <span class='ocr_line' id='line_1_24' title="bbox 348 2491 1342 2569; baseline 0 -21"><span class='ocrx_word' id='word_1_205' title='bbox 348 2494 438 2567; x_wconf 84' lang='lat' dir='ltr'>inest,</span> <span class='ocrx_word' id='word_1_206' title='bbox 462 2501 491 2551; x_wconf 94' lang='lat' dir='ltr'>ut</span> <span class='ocrx_word' id='word_1_207' title='bbox 512 2493 664 2550; x_wconf 89' lang='lat' dir='ltr'>dissentire</span> <span class='ocrx_word' id='word_1_208' title='bbox 684 2491 811 2569; x_wconf 84' lang='lat' dir='ltr'>pudeat,</span> <span class='ocrx_word' id='word_1_209' title='bbox 829 2509 883 2550; x_wconf 90' lang='lat' dir='ltr'>neo</span> <span class='ocrx_word' id='word_1_210' title='bbox 905 2492 1036 2550; x_wconf 89' lang='lat' dir='ltr'>advocati</span> <span class='ocrx_word' id='word_1_211' title='bbox 1059 2491 1181 2550; x_wconf 90' lang='lat' dir='ltr'>studium</span> <span class='ocrx_word' id='word_1_212' title='bbox 1199 2493 1255 2553; x_wconf 85' lang='lat' dir='ltr'>sed</span> <span class='ocrx_word' id='word_1_213' title='bbox 1268 2493 1342 2552; x_wconf 89' lang='lat' dir='ltr'>testis</span> 
     </span>
     <span class='ocr_line' id='line_1_25' title="bbox 348 2574 1343 2655; baseline 0.001 -22"><span class='ocrx_word' id='word_1_214' title='bbox 348 2584 395 2633; x_wconf 91' lang='lat' dir='ltr'>aut</span> <span class='ocrx_word' id='word_1_215' title='bbox 410 2576 509 2634; x_wconf 90' lang='lat' dir='ltr'>iudicis</span> <span class='ocrx_word' id='word_1_216' title='bbox 526 2577 627 2634; x_wconf 84' lang='lat' dir='ltr'>alterat</span> <span class='ocrx_word' id='word_1_217' title='bbox 644 2576 743 2641; x_wconf 75' lang='lat' dir='ltr'>tidem:</span> <span class='ocrx_word' id='word_1_218' title='bbox 771 2594 834 2634; x_wconf 90' lang='lat' dir='ltr'>curn</span> <span class='ocrx_word' id='word_1_219' title='bbox 858 2577 968 2634; x_wconf 90' lang='lat' dir='ltr'>interim</span> <span class='ocrx_word' id='word_1_220' title='bbox 990 2574 1188 2648; x_wconf 85' lang='lat' dir='ltr'>haecomnia,</span> <span class='ocrx_word' id='word_1_221' title='bbox 1210 2577 1343 2655; x_wconf 77' lang='lat' dir='ltr'>quaevis</span> 
     </span>
     <span class='ocr_line' id='line_1_26' title="bbox 347 2659 1344 2737; baseline -0.001 -21"><span class='ocrx_word' id='word_1_222' title='bbox 347 2659 459 2734; x_wconf 75' lang='lat' dir='ltr'>singula</span> <span class='ocrx_word' id='word_1_223' title='bbox 482 2661 628 2736; x_wconf 89' lang='lat' dir='ltr'>quisquam</span> <span class='ocrx_word' id='word_1_224' title='bbox 652 2660 839 2718; x_wconf 89' lang='lat' dir='ltr'>intentissima</span> <span class='ocrx_word' id='word_1_225' title='bbox 863 2676 930 2718; x_wconf 91' lang='lat' dir='ltr'>cura</span> <span class='ocrx_word' id='word_1_226' title='bbox 953 2660 1093 2734; x_wconf 86' lang='lat' dir='ltr'>consequi</span> <span class='ocrx_word' id='word_1_227' title='bbox 1115 2669 1237 2737; x_wconf 85' lang='lat' dir='ltr'>posset,</span> <span class='ocrx_word' id='word_1_228' title='bbox 1262 2661 1344 2721; x_wconf 89' lang='lat' dir='ltr'>llunnt</span> 
     </span>
     <span class='ocr_line' id='line_1_27' title="bbox 347 2741 1343 2822; baseline 0 -22"><span class='ocrx_word' id='word_1_229' title='bbox 347 2741 508 2816; x_wconf 74' lang='lat' dir='ltr'>illaborata,</span> <span class='ocrx_word' id='word_1_230' title='bbox 525 2753 553 2801; x_wconf 90' lang='lat' dir='ltr'>et</span> <span class='ocrx_word' id='word_1_231' title='bbox 568 2743 628 2814; x_wconf 85' lang='lat' dir='ltr'>illa,¹</span> <span class='ocrx_word' id='word_1_232' title='bbox 645 2761 698 2820; x_wconf 88' lang='lat' dir='ltr'>qua</span> <span class='ocrx_word' id='word_1_233' title='bbox 711 2743 778 2802; x_wconf 91' lang='lat' dir='ltr'>nihil</span> <span class='ocrx_word' id='word_1_234' title='bbox 790 2742 937 2821; x_wconf 89' lang='lat' dir='ltr'>pulchrius</span> <span class='ocrx_word' id='word_1_235' title='bbox 953 2742 1076 2802; x_wconf 88' lang='lat' dir='ltr'>auditum</span> <span class='ocrx_word' id='word_1_236' title='bbox 1091 2751 1146 2816; x_wconf 89' lang='lat' dir='ltr'>est,</span> <span class='ocrx_word' id='word_1_237' title='bbox 1165 2747 1263 2804; x_wconf 91' lang='lat' dir='ltr'>oratio</span> <span class='ocrx_word' id='word_1_238' title='bbox 1280 2760 1343 2822; x_wconf 86' lang='lat' dir='ltr'>prae</span> 
     </span>
     <span class='ocr_line' id='line_1_28' title="bbox 291 2826 1343 2899; baseline -0.009 -7"><span class='ocrx_word' id='word_1_239' title='bbox 291 2840 379 2892; x_wconf 76' lang='lat' dir='ltr'>naso</span> <span class='ocrx_word' id='word_1_240' title='bbox 395 2827 450 2885; x_wconf 88' lang='lat' dir='ltr'>lert</span> <span class='ocrx_word' id='word_1_241' title='bbox 466 2837 560 2885; x_wconf 87' lang='lat' dir='ltr'>tamen</span> <span class='ocrx_word' id='word_1_242' title='bbox 584 2827 777 2885; x_wconf 84' lang='lat' dir='ltr'>felicissimam</span> <span class='ocrx_word' id='word_1_243' title='bbox 797 2826 975 2886; x_wconf 84' lang='lat' dir='ltr'>facilitatem.</span> <span class='ocrx_word' id='word_1_244' title='bbox 1012 2826 1108 2899; x_wconf 79' lang='lat' dir='ltr'>Quare</span> <span class='ocrx_word' id='word_1_245' title='bbox 1125 2843 1183 2885; x_wconf 89' lang='lat' dir='ltr'>non</span> <span class='ocrx_word' id='word_1_246' title='bbox 1207 2829 1343 2888; x_wconf 88' lang='lat' dir='ltr'>immerito</span> 
     </span>
     <span class='ocr_line' id='line_1_29' title="bbox 349 2909 1343 2989; baseline -0.001 -20"><span class='ocrx_word' id='word_1_247' title='bbox 349 2910 384 2969; x_wconf 78' lang='lat' dir='ltr'>alt</span> <span class='ocrx_word' id='word_1_248' title='bbox 411 2909 568 2969; x_wconf 84' lang='lat' dir='ltr'>hominibus</span> <span class='ocrx_word' id='word_1_249' title='bbox 598 2914 698 2969; x_wconf 88' lang='lat' dir='ltr'>aetatis</span> <span class='ocrx_word' id='word_1_250' title='bbox 724 2929 793 2970; x_wconf 91' lang='lat' dir='ltr'>suae</span> <span class='ocrx_word' id='word_1_251' title='bbox 819 2929 951 2989; x_wconf 74' lang='lat' dir='ltr'>reparare</span> <span class='ocrx_word' id='word_1_252' title='bbox 972 2913 1004 2970; x_wconf 80' lang='lat' dir='ltr'>ic</span> <span class='ocrx_word' id='word_1_253' title='bbox 1023 2912 1147 2970; x_wconf 82' lang='lat' dir='ltr'>iudiciis</span> <span class='ocrx_word' id='word_1_254' title='bbox 1173 2911 1270 2972; x_wconf 90' lang='lat' dir='ltr'>dictus</span> <span class='ocrx_word' id='word_1_255' title='bbox 1295 2919 1343 2982; x_wconf 88' lang='lat' dir='ltr'>est,</span> 
     </span>
     <span class='ocr_line' id='line_1_30' title="bbox 348 2991 1345 3072; baseline -0.002 -19"><span class='ocrx_word' id='word_1_256' title='bbox 348 2995 422 3072; x_wconf 90' lang='lat' dir='ltr'>apud</span> <span class='ocrx_word' id='word_1_257' title='bbox 439 3004 572 3072; x_wconf 89' lang='lat' dir='ltr'>posteros</span> <span class='ocrx_word' id='word_1_258' title='bbox 591 3011 660 3053; x_wconf 90' lang='lat' dir='ltr'>vero</span> <span class='ocrx_word' id='word_1_259' title='bbox 677 2994 704 3053; x_wconf 96' lang='lat' dir='ltr'>id</span> <span class='ocrx_word' id='word_1_260' title='bbox 720 3003 905 3070; x_wconf 87' lang='lat' dir='ltr'>consecutus,</span> <span class='ocrx_word' id='word_1_261' title='bbox 919 3002 950 3053; x_wconf 90' lang='lat' dir='ltr'>ut</span> <span class='ocrx_word' id='word_1_262' title='bbox 965 2991 1069 3053; x_wconf 88' lang='lat' dir='ltr'>Cicero</span> <span class='ocrx_word' id='word_1_263' title='bbox 1085 2996 1140 3052; x_wconf 91' lang='lat' dir='ltr'>iam</span> <span class='ocrx_word' id='word_1_264' title='bbox 1155 3011 1216 3054; x_wconf 90' lang='lat' dir='ltr'>non</span> <span class='ocrx_word' id='word_1_265' title='bbox 1228 2996 1345 3055; x_wconf 90' lang='lat' dir='ltr'>hominis</span> 
     </span>
     <span class='ocr_line' id='line_1_31' title="bbox 348 3077 1344 3156; baseline -0.001 -19"><span class='ocrx_word' id='word_1_266' title='bbox 348 3095 452 3138; x_wconf 87' lang='lat' dir='ltr'>nomen</span> <span class='ocrx_word' id='word_1_267' title='bbox 480 3080 531 3138; x_wconf 93' lang='lat' dir='ltr'>sed</span> <span class='ocrx_word' id='word_1_268' title='bbox 552 3078 734 3156; x_wconf 88' lang='lat' dir='ltr'>eloquentiae</span> <span class='ocrx_word' id='word_1_269' title='bbox 756 3078 904 3138; x_wconf 86' lang='lat' dir='ltr'>habeatur.</span> <span class='ocrx_word' id='word_1_270' title='bbox 949 3077 1030 3137; x_wconf 90' lang='lat' dir='ltr'>Hunc</span> <span class='ocrx_word' id='word_1_271' title='bbox 1053 3079 1139 3154; x_wconf 85' lang='lat' dir='ltr'>igitur</span> <span class='ocrx_word' id='word_1_272' title='bbox 1169 3090 1344 3156; x_wconf 80' lang='lat' dir='ltr'>spectemus,</span> 
     </span>
     <span class='ocr_line' id='line_1_32' title="bbox 348 3161 1344 3240; baseline -0.002 -19"><span class='ocrx_word' id='word_1_273' title='bbox 348 3163 404 3221; x_wconf 89' lang='lat' dir='ltr'>hoc</span> <span class='ocrx_word' id='word_1_274' title='bbox 422 3165 599 3240; x_wconf 91' lang='lat' dir='ltr'>propositum</span> <span class='ocrx_word' id='word_1_275' title='bbox 613 3164 695 3221; x_wconf 88' lang='lat' dir='ltr'>nobis</span> <span class='ocrx_word' id='word_1_276' title='bbox 711 3166 747 3222; x_wconf 93' lang='lat' dir='ltr'>sit</span> <span class='ocrx_word' id='word_1_277' title='bbox 764 3161 942 3240; x_wconf 84' lang='lat' dir='ltr'>exemplum,</span> <span class='ocrx_word' id='word_1_278' title='bbox 965 3161 1015 3220; x_wconf 96' lang='lat' dir='ltr'>ille</span> <span class='ocrx_word' id='word_1_279' title='bbox 1033 3180 1065 3220; x_wconf 89' lang='lat' dir='ltr'>se</span> <span class='ocrx_word' id='word_1_280' title='bbox 1082 3163 1250 3239; x_wconf 87' lang='lat' dir='ltr'>proiecisse</span> <span class='ocrx_word' id='word_1_281' title='bbox 1267 3166 1344 3233; x_wconf 87' lang='lat' dir='ltr'>sciat,</span> 
     </span>
     <span class='ocr_line' id='line_1_33' title="bbox 291 3244 1345 3323; baseline 0.002 -21"><span class='ocrx_word' id='word_1_282' title='bbox 291 3248 393 3305; x_wconf 76' lang='lat' dir='ltr'>llitcui</span> <span class='ocrx_word' id='word_1_283' title='bbox 410 3244 514 3305; x_wconf 88' lang='lat' dir='ltr'>Cicero</span> <span class='ocrx_word' id='word_1_284' title='bbox 531 3246 616 3306; x_wconf 88' lang='lat' dir='ltr'>valde</span> <span class='ocrx_word' id='word_1_285' title='bbox 633 3247 768 3323; x_wconf 88' lang='lat' dir='ltr'>placebit.</span> <span class='ocrx_word' id='word_1_286' title='bbox 806 3246 894 3306; x_wconf 89' lang='lat' dir='ltr'>lllulta</span> <span class='ocrx_word' id='word_1_287' title='bbox 918 3248 946 3305; x_wconf 94' lang='lat' dir='ltr'>in</span> <span class='ocrx_word' id='word_1_288' title='bbox 968 3245 1097 3305; x_wconf 80' lang='lat' dir='ltr'>Asinio</span> <span class='ocrx_word' id='word_1_289' title='bbox 1114 3246 1291 3308; x_wconf 89' lang='lat' dir='ltr'>Pollione</span> <span class='ocrx_word' id='word_1_290' title='bbox 1310 3249 1345 3306; x_wconf 91' lang='lat' dir='ltr'>in·</span> 
     </span>
     <span class='ocr_line' id='line_1_34' title="bbox 349 3329 1345 3408; baseline 0.002 -22"><span class='ocrx_word' id='word_1_291' title='bbox 349 3331 461 3405; x_wconf 85' lang='lat' dir='ltr'>ventio,</span> <span class='ocrx_word' id='word_1_292' title='bbox 479 3349 582 3389; x_wconf 89' lang='lat' dir='ltr'>summa</span> <span class='ocrx_word' id='word_1_293' title='bbox 599 3331 761 3407; x_wconf 85' lang='lat' dir='ltr'>diligentia,</span> <span class='ocrx_word' id='word_1_294' title='bbox 783 3331 857 3389; x_wconf 90' lang='lat' dir='ltr'>adeo</span> <span class='ocrx_word' id='word_1_295' title='bbox 872 3340 904 3390; x_wconf 91' lang='lat' dir='ltr'>ut</span> <span class='ocrx_word' id='word_1_296' title='bbox 919 3329 1086 3408; x_wconf 90' lang='lat' dir='ltr'>quibusdam</span> <span class='ocrx_word' id='word_1_297' title='bbox 1101 3332 1187 3390; x_wconf 90' lang='lat' dir='ltr'>etiam</span> <span class='ocrx_word' id='word_1_298' title='bbox 1203 3334 1291 3392; x_wconf 88' lang='lat' dir='ltr'>nimia</span> <span class='ocrx_word' id='word_1_299' title='bbox 1309 3331 1345 3388; x_wconf 84' lang='lat' dir='ltr'>ri·</span> 
     </span>
     <span class='ocr_line' id='line_1_35' title="bbox 350 3413 1345 3486; baseline 0.001 -15"><span class='ocrx_word' id='word_1_300' title='bbox 350 3413 467 3486; x_wconf 88' lang='lat' dir='ltr'>deatur,</span> <span class='ocrx_word' id='word_1_301' title='bbox 492 3424 521 3472; x_wconf 90' lang='lat' dir='ltr'>et</span> <span class='ocrx_word' id='word_1_302' title='bbox 542 3413 655 3473; x_wconf 89' lang='lat' dir='ltr'>consilii</span> <span class='ocrx_word' id='word_1_303' title='bbox 673 3424 702 3472; x_wconf 90' lang='lat' dir='ltr'>et</span> <span class='ocrx_word' id='word_1_304' title='bbox 717 3416 800 3473; x_wconf 91' lang='lat' dir='ltr'>animi</span> <span class='ocrx_word' id='word_1_305' title='bbox 816 3415 902 3481; x_wconf 90' lang='lat' dir='ltr'>satis;</span> <span class='ocrx_word' id='word_1_306' title='bbox 925 3415 1050 3473; x_wconf 90' lang='lat' dir='ltr'>anitore</span> <span class='ocrx_word' id='word_1_307' title='bbox 1066 3423 1095 3472; x_wconf 92' lang='lat' dir='ltr'>et</span> <span class='ocrx_word' id='word_1_308' title='bbox 1110 3415 1289 3476; x_wconf 89' lang='lat' dir='ltr'>iucunditate</span> <span class='ocrx_word' id='word_1_309' title='bbox 1305 3413 1345 3474; x_wconf 89' lang='lat' dir='ltr'>Ci-</span> 
     </span>
     <span class='ocr_line' id='line_1_36' title="bbox 350 3496 1345 3577; baseline 0.002 -23"><span class='ocrx_word' id='word_1_310' title='bbox 350 3496 464 3554; x_wconf 89' lang='lat' dir='ltr'>ceronis</span> <span class='ocrx_word' id='word_1_311' title='bbox 483 3498 519 3555; x_wconf 86' lang='lat' dir='ltr'>ita</span> <span class='ocrx_word' id='word_1_312' title='bbox 536 3498 622 3573; x_wconf 84' lang='lat' dir='ltr'>longe</span> <span class='ocrx_word' id='word_1_313' title='bbox 641 3497 738 3571; x_wconf 85' lang='lat' dir='ltr'>abest,</span> <span class='ocrx_word' id='word_1_314' title='bbox 761 3507 791 3556; x_wconf 93' lang='lat' dir='ltr'>ut</span> <span class='ocrx_word' id='word_1_315' title='bbox 814 3499 905 3558; x_wconf 86' lang='lat' dir='ltr'>videri</span> <span class='ocrx_word' id='word_1_316' title='bbox 926 3499 1019 3576; x_wconf 88' lang='lat' dir='ltr'>possit</span> <span class='ocrx_word' id='word_1_317' title='bbox 1039 3498 1159 3558; x_wconf 87' lang='lat' dir='ltr'>saeculo</span> <span class='ocrx_word' id='word_1_318' title='bbox 1180 3502 1275 3577; x_wconf 87' lang='lat' dir='ltr'>prior.</span> <span class='ocrx_word' id='word_1_319' title='bbox 1312 3498 1345 3558; x_wconf 77' lang='lat' dir='ltr'>lt</span> 
     </span>
     <span class='ocr_line' id='line_1_37' title="bbox 349 3577 1345 3660; baseline 0.002 -23"><span class='ocrx_word' id='word_1_320' title='bbox 349 3577 510 3637; x_wconf 85' lang='lat' dir='ltr'>Messala</span> <span class='ocrx_word' id='word_1_321' title='bbox 530 3581 633 3639; x_wconf 91' lang='lat' dir='ltr'>nitidus</span> <span class='ocrx_word' id='word_1_322' title='bbox 660 3592 688 3640; x_wconf 93' lang='lat' dir='ltr'>et</span> <span class='ocrx_word' id='word_1_323' title='bbox 705 3582 841 3640; x_wconf 89' lang='lat' dir='ltr'>candidus</span> <span class='ocrx_word' id='word_1_324' title='bbox 865 3590 893 3640; x_wconf 91' lang='lat' dir='ltr'>et</span> <span class='ocrx_word' id='word_1_325' title='bbox 908 3582 1116 3659; x_wconf 88' lang='lat' dir='ltr'>quodammodo</span> <span class='ocrx_word' id='word_1_326' title='bbox 1133 3584 1308 3660; x_wconf 85' lang='lat' dir='ltr'>praeferens</span> <span class='ocrx_word' id='word_1_327' title='bbox 1322 3584 1345 3640; x_wconf 96' lang='lat' dir='ltr'>in</span> 
     </span>
     <span class='ocr_line' id='line_1_38' title="bbox 292 3662 1346 3739; baseline 0.001 -18"><span class='ocrx_word' id='word_1_328' title='bbox 292 3662 472 3722; x_wconf 75' lang='lat' dir='ltr'>llldicendo</span> <span class='ocrx_word' id='word_1_329' title='bbox 489 3664 664 3723; x_wconf 88' lang='lat' dir='ltr'>nobilitatem</span> <span class='ocrx_word' id='word_1_330' title='bbox 681 3685 774 3739; x_wconf 86' lang='lat' dir='ltr'>suam,</span> <span class='ocrx_word' id='word_1_331' title='bbox 797 3665 905 3725; x_wconf 90' lang='lat' dir='ltr'>viribus</span> <span class='ocrx_word' id='word_1_332' title='bbox 920 3668 1021 3724; x_wconf 89' lang='lat' dir='ltr'>minor.</span> <span class='ocrx_word' id='word_1_333' title='bbox 1059 3663 1091 3724; x_wconf 91' lang='lat' dir='ltr'>C.</span> <span class='ocrx_word' id='word_1_334' title='bbox 1112 3684 1185 3725; x_wconf 89' lang='lat' dir='ltr'>vero</span> <span class='ocrx_word' id='word_1_335' title='bbox 1212 3671 1346 3730; x_wconf 86' lang='lat' dir='ltr'>Caesar</span> 
     </span>
     <span class='ocr_line' id='line_1_39' title="bbox 347 3746 1346 3826; baseline -0.002 -16"><span class='ocrx_word' id='word_1_336' title='bbox 347 3749 375 3810; x_wconf 89' lang='lat' dir='ltr'>si</span> <span class='ocrx_word' id='word_1_337' title='bbox 388 3746 454 3807; x_wconf 83' lang='lat' dir='ltr'>loro</span> <span class='ocrx_word' id='word_1_338' title='bbox 468 3755 573 3808; x_wconf 90' lang='lat' dir='ltr'>tantum</span> <span class='ocrx_word' id='word_1_339' title='bbox 583 3759 728 3826; x_wconf 79' lang='lat' dir='ltr'>vacasset,</span> <span class='ocrx_word' id='word_1_340' title='bbox 745 3766 802 3808; x_wconf 90' lang='lat' dir='ltr'>non</span> <span class='ocrx_word' id='word_1_341' title='bbox 813 3748 886 3810; x_wconf 91' lang='lat' dir='ltr'>alius</span> <span class='ocrx_word' id='word_1_342' title='bbox 899 3769 935 3811; x_wconf 84' lang='lat' dir='ltr'>ex</span> <span class='ocrx_word' id='word_1_343' title='bbox 946 3750 1052 3810; x_wconf 88' lang='lat' dir='ltr'>nostris</span> <span class='ocrx_word' id='word_1_344' title='bbox 1064 3758 1165 3811; x_wconf 87' lang='lat' dir='ltr'>contra</span> <span class='ocrx_word' id='word_1_345' title='bbox 1177 3749 1346 3814; x_wconf 82' lang='lat' dir='ltr'>Ciceronem</span> 
     </span>
    </p>
   </div>
   <div class='ocr_carea' id='block_1_3' title="bbox 267 3870 305 3896">
    <p class='ocr_par' dir='ltr' id='par_1_3' title="bbox 267 3870 305 3896">
     <span class='ocr_line' id='line_1_40' title="bbox 267 3870 305 3896; baseline 0 0"><span class='ocrx_word' id='word_1_346' title='bbox 267 3870 305 3896; x_wconf 56' lang='lat' dir='ltr'>k</span> 
     </span>
    </p>
   </div>
   <div class='ocr_carea' id='block_1_4' title="bbox 0 0 1601 4409">
    <p class='ocr_par' dir='ltr' id='par_1_4' title="bbox 0 0 1601 4409">
     <span class='ocr_line' id='line_1_41' title="bbox 0 0 1601 4409; baseline 0 0"><span class='ocrx_word' id='word_1_347' title='bbox 0 0 1601 4409; x_wconf 95' lang='lat' dir='ltr'> </span> 
     </span>
    </p>
   </div>
  </div>
 </body>
</html>
