3184 4409
336 469 376 534 84
651 485 688 535 n.
704 484 781 532 unu.
798 483 1017 545 oumrmmnr

335 640 453 715 labore,
469 639 585 700 assiduo
601 639 713 715 studio,
732 640 813 700 varia
828 640 1048 716 exercitatione,
1069 638 1198 718 plurimis
1214 640 1331 716 experi-

270 790 273 797 ,
335 726 454 799 mentis,
476 724 613 784 altissima
632 724 798 802 prudentia,
819 726 1054 803 praesentissimo
1075 725 1197 787 consilio
1218 733 1334 784 constat

295 819 381 873 liars
400 807 524 868 dicendi.
568 808 627 869 Sed
654 809 803 868 adiuvatur
828 809 872 867 his
899 826 1032 887 qnoque,
1058 809 1083 866 si
1103 816 1198 867 tamen
1222 818 1333 868 rectam

334 895 418 967 viam,
435 909 492 952 non
507 909 589 951 unam
605 892 726 953 orbitam
740 901 915 959 monstrent;
938 911 994 971 qua
1009 893 1157 953 declinare
1173 895 1221 971 qni
1238 892 1331 951 credi·

335 977 409 1037 derit
425 978 524 1052 nefas,
546 979 669 1054 patiatur
692 995 817 1036 necesse
841 985 886 1036 est
907 977 987 1036 illam
1000 995 1054 1054 per
1068 976 1152 1036 funes
1167 976 1332 1053 ingredien-

335 1063 403 1120 tium
418 1061 589 1121 tarditatem.
634 1060 734 1139 ltaque
751 1070 780 1120 et
794 1068 913 1120 stratum
928 1061 1041 1120 militari
1054 1061 1155 1120 labore
1170 1062 1226 1120 iter
1241 1078 1333 1137 saepe

334 1145 493 1205 deserimus
510 1145 681 1224 compendio
698 1145 789 1213 ducti;
815 1146 908 1219 et„si
923 1153 1033 1204 rectum
1048 1145 1166 1204 limitem
1181 1146 1258 1222 rupti
1273 1153 1332 1202 tor·

334 1229 462 1288 rentibus
484 1239 590 1308 pontes
611 1229 779 1304 inciderint,
797 1231 948 1289 circumire
974 1247 1127 1307 cogemur,
1144 1238 1190 1304 et,
1206 1231 1231 1287 si
1249 1230 1332 1288 ianua

293 1324 326 1379 17
334 1313 477 1373 tenebitur
491 1314 636 1389 incendio,
653 1331 707 1392 per
721 1316 862 1390 parietem
878 1312 1027 1372 exibimus.
1057 1313 1127 1372 Late
1147 1314 1242 1374 iusum
1258 1329 1332 1390 opus

335 1408 380 1457 est
396 1408 425 1457 et
439 1397 590 1476 multiplex
606 1407 635 1456 et
650 1415 743 1475 prope
760 1398 866 1457 cotidie
882 1414 996 1471 novum,
1016 1406 1046 1456 et
1062 1397 1098 1458 de
1118 1414 1333 1476 quorumquam

335 1482 412 1542 dicta
427 1491 509 1540 erunt
525 1483 627 1541 omnia.
659 1481 741 1554 Quae
757 1484 813 1541 sint
825 1491 920 1542 tamen
931 1482 1045 1556 tradita,
1065 1482 1132 1560 quid
1147 1500 1184 1540 ex
1196 1481 1241 1540 his
1257 1482 1331 1558 opti·

334 1584 424 1640 mum,
442 1574 471 1624 et
487 1567 511 1625 si
526 1582 581 1643 qua
597 1567 715 1642 mutari,
740 1565 842 1642 adiici,
859 1566 985 1643 detrahi,
1001 1566 1104 1626 melius
1119 1565 1275 1641 ridebitur,
1292 1565 1332 1624 di·

335 1668 404 1710 cere
420 1651 564 1728 experiar.

635 1790 756 1842 DIVISIO
776 1792 890 1844 Torius
910 1793 1030 1844 OPERIS.

416 1890 492 1952 xlv.
523 1891 755 1952 Rhetoricen
770 1892 799 1951 iu
816 1891 943 1952 Latinum
957 1890 1166 1970 transferentes
1184 1898 1243 1948 tum
1258 1909 1332 1951 oro·

334 1979 444 2039 loriam
466 1985 524 2037 tum
545 1979 710 2038 oratricem
738 1978 963 2037 nominaverunt.
1009 1973 1089 2048 Quos
1116 1973 1251 2051 equidem
1274 1992 1332 2033 non

333 2062 525 2124 fraudaverim
541 2060 638 2120 debita
654 2060 751 2135 laude,
768 2059 846 2140 quod
862 2061 974 2138 copiam
989 2058 1108 2117 Romani
1124 2060 1266 2117 sermonis
1284 2076 1331 2118 au-

333 2164 405 2225 gere
428 2147 601 2224 temptarint.
645 2145 705 2205 Sed
726 2162 783 2204 non
806 2146 899 2205 omnia
922 2161 975 2203 nos
999 2143 1138 2204 ducentes
1158 2160 1196 2201 ex
1217 2141 1333 2215 Graeco

333 2238 492 2310 sequnntur
507 2231 632 2289 sicutne
650 2230 717 2289 illos
735 2230 867 2308 quidem,
894 2229 1028 2308 quotiens
1044 2229 1103 2286 suis
1118 2228 1217 2306 utique
1231 2227 1333 2287 verbis

304 2317 449 2393 isiguare
472 2323 570 2374 nostra
591 2314 753 2372 voluerunt.
797 2313 836 2372 Et
855 2313 929 2373 haec
949 2312 1147 2389 interpretatio
1168 2327 1226 2369 nou
1240 2313 1331 2370 minus

280 2395 284 2410 '
332 2399 402 2460 dura
419 2407 464 2458 est
479 2416 563 2475 quam
579 2396 628 2457 illa
642 2398 733 2457 Plauti
754 2400 886 2458 essenon
910 2397 1112 2475 atqueatoue,
1132 2394 1185 2454 sed
1207 2412 1244 2454 ne
1263 2413 1331 2474 pro·

332 2484 394 2562 pria
410 2482 538 2560 quidem;
555 2497 618 2539 nam
638 2483 775 2543 oratorio
796 2482 840 2540 sic
861 2481 981 2540 effertur
999 2489 1030 2539 ut
1049 2481 1236 2558 elocutorio,
1257 2498 1331 2541 oro-

332 2568 441 2628 trient
463 2566 633 2634 eiocntrim
655 2565 831 2639 limantem,
856 2564 893 2624 de
917 2583 973 2643 qua
995 2565 1154 2642 loquimur,
1179 2565 1332 2626 rhetorice

332 2651 398 2710 talis
415 2659 460 2709 est
475 2647 568 2727 qualis
584 2649 770 2727 eloquentia,
792 2666 848 2708 nec
869 2648 954 2708 dubie
975 2649 1050 2728 apud
1066 2647 1195 2707 Graecos
1213 2666 1331 2727 quoque

304 2734 477 2812 3duplicem
494 2732 671 2793 intellectum
686 2733 783 2794 habet.
829 2732 960 2812 Namque
979 2751 1035 2793 uuo
1059 2733 1144 2792 modo
1168 2732 1199 2793 lit
1214 2734 1330 2812 apposi-

332 2826 391 2878 tum
416 2837 471 2878 crs
499 2819 654 2880 rhetorico
675 2827 706 2878 ut
726 2819 818 2879 nocis
839 2819 994 2896 piratico,
1024 2818 1118 2879 altero
1143 2834 1249 2877 nomen
1275 2818 1330 2890 rei,

333 2902 425 2981 qualis
442 2909 487 2961 est
498 2903 707 2982 philosophia,
730 2903 876 2964 occidito.
920 2901 981 2962 Nos
1002 2903 1093 2980 ipsam
1107 2918 1183 2961 nunc
1196 2901 1331 2962 volumus

333 2986 496 3062 significare
513 2985 715 3059 substantiam,
738 2995 769 3046 ut
789 2988 975 3063 grammatice
992 2988 1165 3048 litteratore
1190 2994 1250 3060 est,
1272 3002 1332 3044 non

332 3071 498 3133 litteratrix
513 3072 747 3150 quemadmodum
760 3073 897 3147 oretria,
919 3089 974 3130 nec
996 3071 1178 3133 litteratoria
1193 3069 1331 3149 quemad·

305 3157 446 3216 amodum
465 3157 623 3225 oratoria·
646 3174 746 3215 verum
767 3156 795 3214 in
817 3154 965 3215 rhetorice
990 3172 1047 3215 non
1068 3155 1108 3214 lit.
1135 3153 1196 3213 ’Ne
1218 3172 1331 3232 pugne·

240 3280 241 3284 ,
332 3258 393 3298 mus
410 3240 505 3316 igitur,
523 3258 586 3300 cum
602 3242 772 3319 praesertim
790 3239 918 3318 plurimis
935 3240 1042 3318 alioqui
1059 3239 1179 3299 Graecis
1194 3239 1231 3297 sit
1247 3247 1330 3299 uten-

333 3322 407 3381 dum.
451 3323 524 3382 Nam
546 3334 627 3384 certe
650 3333 680 3384 et
703 3324 897 3403 pdiioaoplros
916 3333 945 3383 et
965 3327 1099 3385 musicos
1113 3332 1142 3382 et
1157 3330 1332 3402 peometros

333 3407 442 3482 dicam,
469 3426 523 3468 uec
537 3411 594 3468 rim
610 3409 727 3469 afferam
743 3408 903 3469 nominibus
926 3406 972 3467 his
996 3409 1134 3468 indecora
1157 3409 1185 3466 in
1201 3406 1330 3474 Latinum

332 3509 494 3551 sermonem
511 3496 676 3553 mutatione.
723 3492 875 3571 Denique,
898 3510 960 3552 curn
975 3491 1012 3551 Μ.
1030 3491 1140 3552 Tullius
1157 3493 1242 3551 etiam
1258 3492 1330 3569 ipsis

333 3576 488 3651 librorum,
512 3593 585 3654 quos
600 3577 655 3637 hac
676 3577 713 3637 de
728 3595 760 3636 re
775 3567 895 3655 primum
910 3577 1085 3655 scripserat,
1109 3575 1198 3634 titulis
1215 3575 1329 3636 Graeco

333 3664 447 3720 nomine
463 3669 571 3731 utatur:
588 3662 721 3738 proiecto
738 3678 795 3720 non
812 3668 857 3718 est
871 3660 1038 3734 verendum,
1055 3677 1091 3719 ne
1103 3668 1214 3719 temere
1229 3660 1329 3720 ridea-

330 3763 395 3808 mur
410 3747 518 3805 oratori
532 3748 654 3806 maximo
669 3744 705 3805 de
717 3747 831 3805 nomine
845 3746 914 3804 artis
932 3762 1003 3810 suae
1021 3744 1211 3825 credidisse,
