3184 4409
581 389 1026 459 mon.0uaron.c1n.vr1,a.
1260 381 1299 442 15

296 555 378 622 tem,
399 553 431 607 ut
447 543 539 621 dicat,
566 545 610 609 Tu
624 548 782 616 occidisti,·
802 553 830 605 at
847 547 894 623 qui
909 546 993 622 dicit,
1019 545 1064 607 Τιι
1082 550 1236 625 occidisti,
1253 567 1299 609 su·

296 630 478 710 pervacuum
497 630 583 690 habet
597 639 701 708 postea
717 630 832 704 dicere,
849 628 914 708 Epo
928 650 988 691 ooo
1004 633 1114 693 occidi.

294 743 297 751 ν
386 713 447 774 Hac
472 731 560 791 porro
586 716 716 773 actiones
745 721 876 772 constant
907 717 1204 813 comparatione;
1237 719 1341 823 ipsaup

295 799 479 876 comparatio
501 816 558 857 non
579 816 633 857 una
655 799 701 856 via
730 797 851 856 ducitur.
893 796 951 856 Aut
979 799 1052 857 enim
1074 808 1162 858 totam
1184 803 1337 860 causam

297 891 429 942 nostram
451 899 515 940 cum
537 890 597 941 tota
618 881 776 941 adversarii
794 897 881 939 causa
898 885 1094 980 componimus
1118 892 1166 941 aut
1186 878 1314 960 singula

299 974 470 1043 argumenta
488 983 551 1025 cum
565 965 695 1041 singulis.
732 964 860 1038 Quorum
876 972 968 1024 utrum
986 968 1024 1024 sit
1044 967 1223 1042 iaciendum,
1242 986 1300 1027 non

298 1057 400 1128 potest
414 1049 519 1108 nisiex
533 1050 622 1127 ipsius
638 1049 696 1108 litis
712 1047 834 1107 utilitate
849 1050 1004 1124 cognosci:
1022 1058 1053 1107 ut
1065 1048 1169 1109 Cicero
1187 1051 1299 1127 singula

295 1150 357 1212 pro
370 1131 485 1191 Vareno
508 1140 655 1210 comparat
679 1134 707 1190 in
728 1134 820 1210 primo
842 1132 975 1199 crimine;
1002 1142 1046 1192 est
1064 1135 1138 1192 enim
1155 1137 1299 1211 superior,

299 1234 368 1276 cum
389 1232 515 1293 persona
538 1216 623 1275 alieni
646 1234 709 1275 cum
729 1233 855 1293 persona
876 1217 973 1275 matris
993 1225 1103 1276 temere
1118 1235 1299 1295 comparare·

298 1309 357 1359 tur.
394 1298 491 1372 Quare
513 1301 648 1378 optimum
663 1308 723 1374 est,
746 1300 770 1357 si
789 1299 855 1365 'lieri
870 1301 993 1377 poterit,
1009 1309 1040 1359 ut
1055 1301 1167 1377 singula
1185 1303 1299 1360 vincan-

298 1393 379 1442 tura
405 1383 540 1459 singulis3
565 1382 617 1443 sed
639 1383 797 1462 siquando
819 1383 990 1461 inpartibus
1006 1384 1215 1443 laborabimus:
1239 1386 1299 1443 uni-

297 1467 441 1526 versitate
467 1469 649 1544 pugnandum
675 1476 729 1526 est.
755 1465 792 1525 Et
818 1468 880 1525 sive
906 1468 1027 1526 invicem
1055 1477 1208 1542 accusant,
1236 1471 1343 1532 sivett

298 1551 415 1610 crimen·
433 1569 501 1610 raus
527 1552 597 1610 citra
626 1552 841 1610 accusationem
865 1552 892 1608 in
917 1551 1113 1610 adversarium
1138 1554 1241 1627 vertit,
1269 1561 1300 1611 ut

298 1633 426 1693 Roscius
443 1635 471 1692 in
486 1644 672 1695 accusatores
687 1651 772 1708 suos,
789 1635 918 1712 quamvis
933 1653 1002 1693 reos
1016 1653 1074 1694 non
1088 1637 1223 1701 iecisset;
1237 1637 1300 1695 sive

298 1721 330 1778 in
341 1720 442 1796 ipsos,
456 1735 528 1796 quos
544 1737 596 1778 sna
607 1736 690 1777 manu
706 1718 829 1795 periisse
841 1719 984 1794 dicemus,
1000 1718 1105 1778 iactum
1120 1720 1299 1779 deilectitur·

297 1818 360 1861 non
371 1800 469 1877 aliter,
489 1820 573 1880 quam
588 1803 682 1875 iniis,
704 1819 778 1879 quae
795 1810 919 1860 mutuam
934 1805 1149 1862 accusationem
1164 1803 1299 1878 habeant,

298 1887 557 1963 utriusquepartis
581 1893 746 1963 argumenta
767 1886 841 1944 inter
862 1904 895 1944 se
911 1895 1122 1963 comparantur.
1155 1886 1187 1944 ld
1206 1896 1344 1950 autemut

297 1987 410 2045 genus,
431 1969 473 2028 'de
491 1987 548 2048 quo
572 1970 727 2029 novissime
744 1969 816 2043 dixi,
838 1985 895 2027 non
918 1969 1011 2028 solum
1031 1970 1059 2027 in
1080 1969 1188 2028 scholis
1210 1987 1301 2046 saepe

299 2061 440 2112 tractatur
467 2054 519 2112 sad
545 2055 629 2113 etiam
656 2054 684 2110 in
711 2052 785 2111 icro.
824 2051 895 2111 Nam
924 2053 1018 2111 idest
1042 2054 1070 2110 in
1092 2071 1179 2112 causa
1198 2052 1301 2112 Naevii

300 2135 451 2214 Arpiniani
472 2136 565 2196 solum
584 2139 761 2216 quaesitum,
787 2133 997 2213 Praecipitotu
1012 2147 1089 2196 essct
1108 2138 1148 2198 ob
1169 2155 1203 2197 eo
1221 2155 1301 2195 uxor

299 2238 344 2280 ao
361 2238 395 2280 ιι
414 2221 484 2297 ipsu
510 2240 568 2282 suo
582 2229 689 2299 sponte
709 2222 850 2288 iecisset?
882 2218 968 2278 Cuius
986 2216 1128 2278 actionem
1143 2219 1301 2298 etquidem

299 2302 394 2362 solam
410 2304 438 2362 in
459 2304 515 2363 hoc
530 2314 642 2382 tempus
659 2305 825 2378 emiseram,
850 2304 927 2381 quod
949 2305 1041 2381 ipsum
1062 2322 1107 2362 me
1124 2303 1233 2361 iecisse
1250 2304 1300 2362 du·

301 2395 378 2446 ctum
393 2388 510 2447 iuvenili
533 2388 689 2466 cupiditate
703 2388 817 2464 gloriae
838 2386 941 2446 iateor.
975 2386 1047 2446 Nam
1066 2396 1200 2461 ceterae,
1226 2404 1300 2464 quaa

299 2470 355 2530 sub
370 2472 484 2530 nomine
504 2489 569 2531 meo
586 2472 730 2546 ieruntur,
753 2469 930 2547 negligentia
946 2472 1149 2548 excipientium
1167 2472 1196 2529 in
1213 2488 1301 2549 quae·

300 2563 375 2614 stum
390 2557 566 2615 notariorum
582 2565 736 2633 corruptae
753 2556 893 2613 minimam
907 2563 1019 2653 partem
1036 2557 1093 2613 mei
1108 2553 1224 2614 babent

386 2636 439 2697 Est
457 2649 485 2697 et
500 2639 557 2698 ulia
572 2639 680 2717 duplex
696 2641 863 2698 coniectura
878 2629 981 2697 buic’
964 2639 1192 2721 αντικατηγορία
1207 2638 1301 2697 diver·
1308 2647 1344 2700 25

301 2740 353 2797 aa,
369 2720 406 2780 de
423 2725 617 2801 praemiis:
636 2733 666 2781 ut
681 2725 709 2781 in
724 2723 773 2782 illa
790 2723 1005 2797 controversia,
1024 2699 1185 2823 Tpronpns
1199 2723 1301 2799 cuspi-

301 2813 407 2875 catus
430 2823 452 2866 ιι
471 2808 589 2868 medico
610 2809 789 2868 enodatum
805 2807 864 2866 sibi
878 2825 1041 2876 aeneorum,
1065 2808 1150 2867 torsit
1169 2825 1261 2879 eum,
1273 2812 1302 2865 et

301 2908 372 2950 cum
386 2891 413 2950 ιί
435 2890 559 2952 dedisce
573 2910 608 2951 se
621 2897 822 2969 perocporct,
839 2892 970 2950 arcessit
984 2892 1113 2950 alterum
1129 2890 1302 2954 medicum,-

300 2974 352 3034 itle
366 2975 472 3035 dotum
486 2976 515 3036 ei
528 2993 675 3036 cenenum
691 2977 784 3049 dicit,
798 2976 855 3035 sed
868 2993 902 3034 sc
916 2975 1083 3036 antidotum
1098 2975 1257 3045 domuum,
1274 2979 1303 3031 et

301 3057 437 3118 dedit‘ei
453 3061 617 3136 potionem,
639 3076 700 3136 quo
715 3067 803 3138 epoto
819 3067 968 3135 tyrannus
983 3059 1120 3118 decessit.
1155 3054 1200 3114 De
1217 3071 1301 3132 prae-

300 3142 358 3200 mio
376 3141 432 3201 duo
455 3143 559 3203 medici
581 3142 765 3203 contendunt.
805 3141 877 3200 Nam
894 3149 924 3198 ut
944 3141 1004 3200 illic
1026 3141 1132 3200 iactum
1153 3139 1181 3197 in
1201 3138 1302 3198 adver·

300 3226 407 3284 sarium
432 3227 679 3286 transferentium:
706 3228 744 3286 ita
770 3226 818 3286 bic
842 3224 896 3284 sibi
920 3225 1121 3285 vindicantium
1145 3239 1302 3300 personae,

301 3326 425 3384 causae,
448 3309 619 3386 facultates,
643 3320 789 3389 tempora,
813 3311 1016 3383 instrumenta,
1039 3309 1201 3366 testimonia
1225 3323 1302 3365 com·

300 3401 446 3469 parantur.
475 3393 549 3453 lllud
562 3411 694 3473 quoqne,
709 3394 820 3454 etiamsi
832 3410 889 3452 non
906 3401 951 3451 est
966 3353 1201 3471 autumpno,
1218 3389 1345 3448 similitb

299 3484 396 3535 tamen
410 3479 521 3536 ratione
537 3487 692 3553 tractatur,
708 3480 736 3537 in
752 3495 809 3557 quo
826 3478 897 3537 citra
915 3477 1129 3536 accusationem
1145 3476 1302 3553 quaeritur,

301 3569 394 3619 utrum
423 3562 530 3621 lactum
562 3563 609 3620 sit
645 3561 774 3640 Utraque
796 3564 870 3620 enim
896 3579 964 3638 pars
989 3578 1068 3618 suam
1091 3559 1303 3636 expositionem

297 3640 390 3704 babet
412 3653 499 3722 atque
520 3663 584 3704 eam
606 3655 717 3705 tuetur:
746 3655 775 3703 ut
802 3648 829 3702 in
853 3645 903 3704 lite
919 3644 1071 3704 Urbiniana
1093 3645 1201 3723 petitor
1223 3640 1304 3712 dicit,
