3184 4409
325 446 387 508 258
654 448 1020 533 ermemmarus

325 631 408 690 uum,
429 612 495 691 quia
511 609 553 670 liti
567 608 632 690 ipse
648 627 706 670 non
723 606 846 684 suffieit,
861 613 910 667 aut
924 604 1032 684 aliquis
1049 620 1091 667 ex
1109 623 1154 667 eo
1172 624 1283 686 genere
1294 605 1324 667 tl·

324 705 505 771 vocatorum,
524 694 571 772 qui
584 710 617 753 se
628 711 686 754 uon
697 711 789 772 posse
801 708 892 769 agere
904 689 1097 760 confitentum
1117 691 1237 755 deiude
1247 693 1326 755 astu

325 782 354 842 id
369 781 446 860 quod
463 788 508 838 est
523 781 552 837 ia
569 778 683 855 agendo
701 776 910 838 diiiieillimum.
939 772 1012 834 Num
1028 776 1082 854 qui
1097 776 1264 855 mutuare,
1282 774 1327 857 d

325 864 489 940 dicendum,
505 862 574 942 quill
588 861 839 936 dissimulandum,
858 858 927 938 quitl
941 857 1159 921 declinandum
1175 862 1327 935 mutauit.

326 948 491 1026 lingentium
506 947 592 1007 etiam
603 947 650 1022 sit,
667 955 775 1026 potest,
792 962 846 1005 eur
856 959 914 1003 uon
925 942 962 1003 stt
976 950 1098 1005 orator:
1112 946 1260 1025 quando,
1271 942 1328 1029 apd

299 1033 472 1101 fidiiiieilius
490 1039 552 1107 est,
580 1039 727 1090 oratorem
747 1024 840 1090 iaoiti
870 1026 907 1092 lli
929 1042 1019 1107 porro
1040 1044 1104 1088 nou
1127 1038 1249 1092 mutum
1263 1046 1328 1093 uota

326 1126 406 1194 rent,
429 1118 454 1176 si
466 1117 560 1175 omnia
575 1115 755 1190 seriberent,
771 1114 813 1173 uti
829 1121 914 1190 gesta
930 1120 1004 1172 sunt.
1036 1110 1129 1175 Nune
1148 1116 1330 1179 consilini

327 1201 446 1262 colores
464 1199 600 1260 adiiciunt
618 1208 646 1259 et
664 1199 762 1276 aliqua
783 1197 886 1276 peiora
900 1197 998 1272 veris,
1022 1192 1103 1275 quiae
1121 1198 1272 1281 plerique
1285 1216 1330 1261 ιιι

326 1292 522 1365 aeceperunt,
544 1291 653 1342 mutare
668 1283 752 1342 nefas
769 1278 878 1341 habent
895 1289 926 1340 et
939 1279 1021 1341 velut
1035 1280 1178 1345 themata
1195 1288 1228 1346 iu
1243 1282 1332 1347 scioli

327 1371 422 1449 posita
438 1367 612 1429 custodiunt.
644 1365 758 1427 Deinde
775 1364 1030 1445 deprehenduntur
1045 1375 1078 1426 et
1093 1379 1245 1447 eausam,
1267 1384 1332 1451 gun

327 1454 442 1514 discere
460 1470 497 1511 ex
509 1453 569 1510 snis
580 1450 773 1530 litigatoribus
784 1451 950 1526 uoluerunt,
966 1467 1005 1510 ex
1019 1448 1333 1516 alsemannum

299 1537 459 1604 iliberum
474 1537 561 1612 igitur
575 1535 675 1595 demus
691 1544 757 1595 ante
774 1536 869 1596 omnia
885 1535 936 1608 iis,
957 1550 1083 1612 quorum
1102 1539 1269 1614 negotium
1284 1538 1334 1611 esi,

327 1631 491 1699 tempusue
509 1621 621 1695 locum,
643 1620 888 1698 exhortemurque
904 1617 997 1693 ultro,
1015 1626 1046 1676 ut
1064 1622 1172 1683 omnia
1192 1622 1335 1702 quamlibet

327 1705 455 1765 verbose
471 1713 500 1763 et
515 1704 591 1764 unde
605 1704 706 1764 volent
720 1705 847 1782 repetita
864 1721 903 1763 ex
922 1711 1056 1780 tempore
1080 1715 1255 1782 exponant
1285 1705 1335 1767 ln

285 1803 293 1819 ·
329 1790 403 1848 enim
424 1796 481 1848 tam
504 1787 589 1847 obest
611 1789 710 1849 audire
729 1805 912 1867 superuacua
930 1803 1013 1864 quam
1032 1786 1186 1863 ignorare
1210 1807 1335 1853 nepem¹

300 1875 381 1937 aria.
410 1869 592 1949 Frequenter
614 1881 707 1932 autem
730 1881 760 1932 et
780 1872 885 1934 vulnus
903 1881 933 1931 et
952 1869 1114 1931 remedium
1133 1874 1178 1933 in·
1191 1875 1230 1936 iis
1251 1884 1336 1937 onlot

328 1957 474 2031 inveniet,
491 1974 566 2034 quae
587 1956 726 2033 litigatori
747 1957 775 2015 in
795 1965 925 2017 neutram
940 1963 1053 2034 partem
1075 1955 1199 2018 babere
1221 1976 1335 2021 momn-

329 2050 387 2100 tum
404 2039 584 2101 videbantur.
614 2040 678 2100 Nee
701 2049 778 2100 tanta
799 2043 838 2101 sit
858 2049 959 2102 aeluro
977 2040 1144 2113 memoriae
1169 2042 1336 2122 lidueim

329 2125 515 2185 subscribere
532 2126 628 2186 audita
644 2127 753 2203 pigeat.

413 2209 477 2269 Nee
492 2210 584 2269 semel
599 2209 715 2269 audisse
730 2210 767 2268 sit
782 2209 870 2276 satis;
892 2207 1042 2287 cogendus
1058 2208 1172 2272 eadem
1191 2214 1299 2275 iterum
1310 2228 1336 2273 tt

331 2295 447 2372 saepius
462 2294 562 2354 dicere
576 2294 715 2370 litigator,
732 2310 790 2353 non
801 2293 896 2352 solum
906 2295 974 2373 quia
986 2292 1118 2370 elingere
1135 2296 1244 2376 aliqua
1258 2298 1335 2377 print

330 2380 513 2456 expositione
539 2386 713 2456 potnerunt,
747 2379 919 2458 praesertim
944 2375 1090 2436 bominem
1117 2379 1231 2460 (quoti
1257 2396 1335 2461 saepe

331 2464 441 2540 evenit)
465 2464 641 2541 imperitum,
663 2462 718 2522 sed
740 2463 825 2522 etiam
846 2470 878 2533 ut
900 2458 1040 2537 sei'amus,
1065 2478 1101 2521 au
1123 2466 1238 2527 eudem
1260 2467 1333 2528 dieat

300 2546 444 2608 9Plnrimi
470 2548 543 2606 enim
565 2549 737 2607 mentiuntur
759 2554 805 2622 et,
835 2555 968 2625 tanquam
991 2563 1048 2605 nou
1068 2546 1206 2610 doeeant
1229 2566 1335 2611 eausa!

330 2629 383 2688 sed
399 2639 499 2705 agant,
516 2648 573 2690 non
590 2640 621 2691 nt
637 2650 700 2691 eum
715 2641 840 2709 patrono
856 2632 910 2691 sed
924 2640 956 2690 ut
971 2648 1034 2690 eum
1052 2631 1152 2691 iudiee
1172 2633 1333 2714 loquuntur.

330 2712 515 2791 Quapropter
529 2734 672 2794 nunquam
687 2715 934 2776 satiseretlendum
946 2723 1001 2790 est,
1014 2714 1066 2774 sed
1079 2716 1244 2792 agitandus
1256 2717 1334 2779 omui·

288 2797 382 2860 lobus
405 2797 496 2856 modis
518 2809 547 2858 et
569 2799 725 2859 turbandus
744 2809 773 2859 et
790 2800 967 2860 evooanslus.
999 2797 1072 2859 Nam
1089 2809 1120 2859 ut
1136 2803 1270 2863 medicis
1286 2818 1335 2861 nou

329 2883 498 2960 apparentia
522 2885 608 2943 modo
636 2886 703 2943 vitia
726 2885 851 2944 curanda
878 2892 943 2944 suut
970 2883 1022 2943 sed
1046 2884 1133 2943 etiam
1164 2885 1335 2948 invenienda

329 2983 404 3043 quae
421 2966 528 3044 latent,
550 2985 640 3046 saepe
656 2969 727 3046 ipsis
744 2987 795 3043 ea,
817 2970 865 3047 qui
881 2967 998 3029 sanandi
1013 2976 1095 3044 sunt,
1114 2971 1334 3032 oeeuleutibus:

328 3053 367 3110 ita
389 3050 545 3110 advocatus
560 3053 659 3131 plura,
681 3070 765 3130 quam
781 3053 987 3128 ostenduntur,
1013 3053 1149 3130 aspieiat.
1183 3053 1261 3116 Nam
1278 3070 1334 3116 eun

329 3136 399 3193 satis
420 3137 449 3194 in
472 3136 613 3195 audiendo
635 3137 791 3214 patientiae
813 3137 1003 3216 impenderit:
1026 3140 1055 3197 in
1075 3136 1165 3197 aliam
1187 3156 1293 3200 rursus
1312 3138 1334 3197 ei

329 3236 484 3295 personam
499 3221 702 3285 transeundum
717 3230 778 3296 est,
799 3222 987 3300 agendusque
1002 3222 1210 3300 adversarius,
1229 3238 1333 3304 propo·
1349 3218 1352 3226 '

329 3303 452 3362 nendum
468 3305 605 3383 quidquid
621 3308 734 3364 omnino
758 3306 921 3382 excogitari
938 3315 1038 3365 eontra
1053 3313 1170 3384 potest,
1198 3304 1333 3387 quidquil

330 3388 435 3464 recipit
451 3389 480 3445 in
491 3389 631 3448 eiusmodi
646 3389 860 3468 disceptatione
872 3398 981 3449 natura.
1007 3388 1243 3466 interrogandus
1255 3406 1332 3472 qua·

290 3479 321 3530 ιι
331 3466 515 3531 infestissime
532 3491 567 3533 ae
581 3474 765 3551 premendus.
795 3472 868 3533 Nam
883 3474 949 3534 dum
962 3476 1055 3533 omnia
1071 3476 1263 3552 quaerimus,
1286 3475 1331 3536 ali-

332 3552 445 3630 quando
462 3555 497 3614 ad
512 3574 628 3633 uerum,
644 3557 692 3616 ubi
707 3559 820 3617 minime
836 3559 1071 3636 expectavimus,
1087 3560 1291 3636 pervenimus.

416 3635 448 3695 ln
468 3656 576 3699 summa
597 3643 720 3720 optimus
737 3651 782 3702 est
796 3643 825 3700 in
839 3642 978 3703 discendo
994 3651 1134 3720 patronus
1154 3643 1329 3705 incredulus.

332 3718 471 3783 Promittit
487 3725 561 3783 enim
577 3725 704 3802 litigator
721 3727 826 3804 omnia,
842 3734 949 3787 testem
963 3725 1114 3806 populum,
1134 3729 1330 3807 paramum
