3184 4409
569 463 1013 534 rrrsr.oauron.nm.x11,a.
1107 532 1110 538 ι
1229 458 1311 542 247Ι

246 670 262 720 ¹
293 639 388 766 titt
404 620 1291 785 tirttrtmttttttttirtlttt‘lttlttittttit

294 789 437 850 subantis.
468 787 505 846 Et
520 796 550 847 ut
564 787 731 866 palaestrici
746 786 883 848 doctores
901 789 984 865 illos,
1001 808 1074 868 quos
1090 808 1224 852 numeros
1237 811 1288 854 vo·
1298 799 1331 850 lt

246 851 260 889 ⁸
295 882 380 946 cant,
406 889 463 931 non
479 871 588 932 idcirco
609 872 783 932 discentibus
805 871 934 948 tradunt,
958 882 990 934 ut
1010 874 1054 933 bis
1073 875 1219 952 omnibus,
1242 879 1289 954 qui

246 935 258 975 ¹
293 957 472 1031 didicerunt,
494 957 605 1033 inipso
630 955 755 1015 luctandi
779 958 934 1016 certamine
956 966 1085 1034 utantur,
1112 958 1192 1036 (plus
1215 962 1290 1021 enim

246 1020 257 1146 ἰ
293 1040 425 1120 pondere
442 1047 472 1097 et
486 1039 617 1098 firmitate
639 1047 667 1098 et
687 1040 788 1117 spiritu
809 1041 917 1120 agitur)
943 1042 996 1100 sed
1016 1050 1047 1100 ut
1067 1044 1104 1102 sit
1124 1043 1208 1120 copia
1227 1043 1288 1118 illa,

294 1143 335 1201 ex
358 1141 414 1202 qua
433 1139 518 1181 unum
538 1132 586 1183 aut
612 1123 748 1198 alterum,
777 1125 857 1182 cuius
880 1142 913 1183 se
936 1127 1053 1184 occasio
1074 1125 1202 1201 dederit,
1227 1126 1288 1185 elli-

246 1191 253 1285 f
295 1211 389 1268 ciant:
416 1207 455 1267 ita
477 1205 550 1265 baec
567 1224 634 1284 pars
654 1206 874 1282 dialectica,
896 1209 958 1267 sive
983 1209 1059 1267 illam
1081 1210 1178 1268 dicere
1201 1210 1288 1273 malu·
1299 1217 1331 1270 13

246 1292 250 1312 ¹
294 1309 358 1351 mus
381 1290 683 1368 disputatricem,
708 1299 739 1350 ut
755 1298 799 1349 est
819 1291 895 1351 utilis
914 1310 1004 1370 saepe
1020 1301 1049 1351 et
1069 1292 1243 1352 finitionibus
1260 1302 1289 1352 et

295 1374 601 1452 comprehensionibus
623 1382 651 1433 et
672 1374 856 1451 separandis,
884 1385 1038 1452 quaesunt
1059 1376 1234 1452 differentia,
1260 1385 1289 1436 et

294 1457 470 1519 resolvenda
492 1458 676 1534 ambiguitate
697 1458 915 1535 distinguendo,
938 1459 1107 1535 dividendo,
1129 1459 1311 1536 illiciendo,

294 1541 484 1620 implicando:
510 1542 565 1616 ita,
586 1543 610 1600 si
627 1547 716 1601 toturn
731 1540 785 1601 sibi
802 1542 989 1602 vindicaverit
1003 1545 1032 1601 in
1048 1543 1114 1602 foro
1131 1553 1287 1619 certamen,

295 1624 421 1686 obstabit
443 1624 609 1685 melioribus
630 1634 659 1684 et
679 1634 775 1685 sectas
797 1625 834 1686 ad
848 1627 1014 1686 tenuitatem
1032 1645 1111 1688 suam
1125 1629 1203 1687 vires
1225 1630 1288 1705 ipsa

293 1709 452 1770 subtilitate
468 1718 626 1769 consumet.
657 1708 758 1787 ltaque
774 1712 905 1787 reperias
921 1711 1060 1789 quosdam
1074 1712 1103 1769 in
1117 1711 1287 1789 disputando
1296 1712 1330 1764 14

293 1795 367 1853 mire
382 1793 521 1868 callidos,
538 1811 602 1852 cum
618 1792 653 1852 ab
669 1793 719 1852 illa
736 1793 919 1853 cavillatione
937 1794 1141 1871 discesserint,
1157 1813 1215 1855 non
1229 1812 1287 1853 ma·

292 1879 340 1955 gis
358 1877 493 1936 sufficere
509 1878 544 1935 in
564 1877 661 1954 aliquo
685 1878 820 1953 graviore
843 1886 908 1937 actu
930 1896 1014 1954 quam
1034 1896 1123 1956 parva
1147 1881 1288 1958 quaedam

292 1960 442 2035 animalia,
463 1977 536 2037 quae
553 1961 581 2019 in
597 1962 736 2037 angustiis
752 1959 870 2020 mobilia
886 1978 987 2039 campo
1003 1962 1265 2039 deprehenduntur.

378 2042 437 2104 Iam
452 2045 566 2121 quidem
581 2062 648 2121 pars
668 2044 717 2103 illa
732 2039 903 2121 moralis,
927 2063 1001 2122 quae
1017 2047 1121 2106 dicitur
1135 2045 1267 2106 Etbice
1277 2091 1286 2122 ,
1296 2049 1328 2100 15

293 2136 375 2189 certe
391 2136 451 2187 tota
466 2129 573 2186 oratori
592 2137 637 2186 est
652 2127 876 2188 accommodata.
902 2126 974 2187 Nam
989 2131 1018 2188 in
1032 2137 1109 2188 tanta
1126 2147 1286 2204 cansarum,
1344 2162 1346 2165 ·

292 2213 368 2271 sicut
388 2212 585 2289 superioribus
606 2210 687 2271 libris
711 2212 848 2286 diximus,
871 2214 1027 2287 varietate,
1056 2231 1119 2271 cunr
1140 2213 1196 2273 alia
1218 2230 1286 2272 con·

291 2297 403 2354 iectura
425 2304 615 2372 quaerantur,
638 2294 694 2354 alia
709 2295 881 2355 finitionibus
899 2296 1122 2371 concludantur,
1143 2297 1202 2357 alia
1224 2297 1287 2356 iure

292 2387 525 2438 summoveantur
539 2378 588 2438 vel
604 2379 827 2455 transferantur,
845 2379 901 2440 alia
917 2379 1090 2456 colligantur
1103 2380 1152 2441 vel
1167 2381 1230 2459 ipsa
1245 2382 1286 2439 in·

292 2473 339 2522 ter
362 2480 396 2520 se
424 2466 596 2522 concurrant
621 2462 670 2522 vel
694 2464 723 2522 in
748 2461 893 2522 diversum
922 2461 1107 2539 ambiguitate
1132 2464 1286 2524 ducantur:

292 2544 372 2605 nulla
394 2545 457 2605 iere
478 2545 534 2605 dici
557 2554 672 2624 potest,
700 2547 780 2605 cuius
800 2562 858 2604 non
878 2545 975 2625 aliqua
995 2548 1024 2606 in
1045 2556 1127 2625 parte
1148 2556 1287 2608 tractatus

293 2630 380 2708 aequi
399 2647 433 2689 ac
455 2629 523 2688 boni
542 2631 720 2708 reperiatur,
747 2628 904 2708 plerasque
920 2647 992 2690 vero
1013 2648 1081 2690 esse
1102 2632 1166 2709 quis
1183 2633 1287 2706 nescit,

293 2730 368 2792 quae
393 2722 472 2773 totae
494 2715 523 2772 in
546 2714 610 2774 sola
635 2713 771 2792 qualitate
796 2709 975 2774 consistant?
1009 2712 1042 2775 ln
1065 2716 1194 2775 consiliis
1215 2731 1287 2775 vero
1296 2721 1329 2774 16
1351 2749 1353 2752 >

294 2815 369 2874 quae
381 2800 454 2857 ratio
469 2796 608 2858 suadendi
626 2805 671 2857 est
685 2796 721 2857 ab
730 2797 845 2858 bonesti
860 2799 1030 2876 quaestione
1045 2795 1196 2876 seposita?
1212 2797 1287 2871 Quid

293 2880 345 2940 illa
366 2883 451 2941 etiam
471 2899 538 2959 pars
557 2882 657 2957 tertia,
679 2899 754 2962 quae
775 2880 909 2942 laudandi
928 2900 964 2942 ac
979 2883 1159 2961 vituperandi
1183 2882 1287 2942 officiis

295 2962 476 3024 continetur?
507 2964 619 3043 Nempe
639 2966 803 3026 intractatu
823 2968 897 3026 recti
912 2968 1052 3045 pravique
1070 2975 1212 3025 versatur.
1242 2964 1328 3026 Anrt

295 3046 332 3106 de
347 3048 463 3122 iustitia,
479 3048 663 3126 fortitudine,
679 3048 866 3125 abstinentia,
883 3051 1089 3128 temperantia,
1105 3049 1214 3127 pietate
1230 3065 1288 3107 non

294 3130 415 3208 plurima
432 3133 511 3192 dicet
531 3130 650 3192 oratori
678 3133 736 3193 Sed
752 3133 807 3193 illa
817 3135 861 3192 vir
877 3133 986 3208 bonus,
1009 3133 1057 3210 qui
1073 3132 1148 3191 haec
1164 3148 1222 3191 non
1235 3149 1286 3191 vo·

296 3212 377 3271 cibus
393 3223 499 3274 tanturn
514 3217 569 3275 sibi
583 3225 651 3277 nota
667 3225 753 3294 atque
768 3216 929 3275 nominibus
944 3218 1052 3275 aurium
1065 3224 1148 3275 tenus
1163 3216 1192 3275 in
1206 3233 1287 3276 usum

294 3297 410 3372 linguae
428 3302 609 3377 perceperit,
633 3299 686 3358 sed
701 3300 749 3376 qui
767 3302 888 3359 virtutes
910 3301 988 3377 ipsas
1002 3308 1098 3357 mente
1115 3299 1285 3378 complexus

294 3382 333 3439 ita
355 3383 477 3455 sentiat,
497 3400 552 3442 nec
566 3385 594 3442 in
610 3382 763 3459 cogitando
778 3381 922 3443 laborabit
936 3391 983 3458 et,
1009 3383 1086 3460 quod
1103 3384 1192 3459 sciet,
1214 3400 1285 3443 vere

295 3464 382 3524 dicet.
414 3461 540 3524 comsit
561 3468 651 3525 omnis
672 3467 819 3543 generalis
835 3467 967 3543 quaestio
988 3461 1110 3544 speciali
1129 3469 1285 3545 potentior,
1295 3477 1328 3530 18

296 3549 362 3626 qnia
373 3548 508 3607 universo
520 3567 586 3626 pars
599 3552 778 3626 continetur,
794 3567 851 3609 non
866 3551 964 3626 utique
980 3549 1094 3611 accedit
1108 3551 1192 3628 parti,
1209 3549 1286 3628 quod

295 3633 459 3691 universum
476 3639 534 3690 est:
551 3634 685 3709 prolecto
701 3650 784 3693 nemo
802 3632 953 3708 dubitabit,
971 3633 1125 3710 generales
1141 3635 1285 3718 quaestio·

295 3733 348 3776 nes
362 3716 391 3775 in
405 3715 457 3776 illo
474 3715 596 3776 maximo
611 3717 768 3778 studiorum
785 3733 867 3777 more
886 3726 1027 3778 versatas.
1060 3716 1119 3778 lam
1135 3734 1207 3777 vero
1223 3725 1327 3780 cum19
1351 3724 1353 3731 ⁴
