3184 4409
304 428 364 491 154
622 435 990 497 us.rns.qu1ur1msn1

302 596 368 671 sint,
385 594 501 672 quaein
517 600 637 652 auctore
652 610 769 670 quoque
780 592 938 671 praecipue
952 593 1054 651 uirtus.
1089 592 1157 654 Sed
1172 596 1310 675 persequi

260 679 432 756 desingulos
453 678 551 736 infiniti
568 677 656 736 luerit
671 678 780 755 operis.
819 675 935 755 Quippe
952 693 1016 735 eum
1031 677 1060 735 in
1073 674 1172 737 Bruto
1188 677 1231 739 bl.
1248 679 1307 741 Tul·

300 764 355 824 lius
369 771 412 821 tot
433 761 547 820 milibus
572 779 706 820 versuum
727 759 763 820 de
784 759 920 820 Romanis
943 768 1051 820 lantum
1071 762 1251 823 oratoribus
1271 764 1307 825 lo·

301 855 404 925 quatur
424 854 453 904 et
468 855 561 904 tamen
576 843 613 904 de
630 844 760 905 omnibus
775 845 879 904 aetatis
895 861 976 920 suae,
989 843 1168 923 quibuscum
1179 847 1306 923 vivebat,

301 931 433 1008 exceptis
454 926 581 988 Caesare
595 938 682 1006 atque
698 927 856 1004 lllarcello,
872 927 1016 987 silentium
1032 929 1149 1006 egerit:
1172 933 1245 1009 quis
1261 933 1307 992 erit

300 1015 412 1089 modus,
435 1014 460 1072 si
478 1021 507 1072 et
521 1013 589 1071 illos
606 1021 634 1071 et
650 1012 698 1090 qui
716 1021 821 1090 postea
835 1012 950 1072 luemnt
965 1020 995 1071 et
1010 1010 1144 1073 Graecos
1161 1024 1306 1077 omneset

258 1096 512 1176 39pbil0sopbos?
547 1095 611 1155 Fuit
631 1097 717 1172 igitur
736 1095 865 1156 brevitas
881 1096 932 1157 illa
954 1097 1115 1173 tutissima,
1139 1116 1222 1176 quae
1238 1099 1305 1179 apud

298 1182 407 1243 livium
422 1182 450 1238 in
466 1180 590 1258 epistola
607 1180 642 1239 ad
658 1180 745 1238 ilium
760 1181 885 1258 scripta,
913 1181 1057 1260 lcpsssdos
1071 1178 1304 1247 Demosthenes

299 1274 390 1343 atque
405 1262 598 1339 Ciceronem,
620 1273 682 1325 tnnc
700 1264 760 1338 ito,
781 1266 955 1342 utquisque
969 1272 1047 1327 west
1059 1263 1268 1329 Demostheni
1281 1274 1305 1329 sl

256 1347 440 1413 loCt'ceroni
455 1349 636 1408 simillimus.
659 1344 725 1406 Non
740 1356 891 1408 esttamen
903 1347 1106 1409 dissimulanda
1123 1353 1224 1410 nostri
1238 1367 1302 1431 quo

300 1451 356 1510 que
371 1432 467 1492 iudicii
482 1448 599 1490 summa.
636 1428 748 1490 Paucos
765 1433 839 1491 enim
853 1431 902 1492 vel
917 1433 1014 1510 potius
1030 1432 1079 1491 uix
1096 1431 1192 1492 ullum
1208 1452 1250 1494 ex
1265 1434 1302 1495 bis

299 1518 347 1594 qni
358 1524 529 1574 vetustatem
545 1515 725 1593 pertulerunt
741 1517 874 1575 existimo
889 1532 981 1594 posse
996 1517 1132 1593 reperiri,
1148 1518 1222 1594 quin
1237 1518 1301 1578 iudi·

299 1601 373 1659 cium
386 1597 587 1658 adhibentibus
604 1598 742 1657 allaturus
763 1601 801 1658 sit
816 1599 945 1659 utilitatis
960 1597 1086 1677 aliquid,
1108 1617 1176 1660 cum
1203 1620 1240 1663 se
1261 1598 1300 1661 Gi·

299 1700 368 1742 cero
387 1681 421 1742 ab
437 1682 494 1741 illis
511 1698 626 1759 quoque
640 1684 842 1743 vetustissimis
856 1682 1038 1758 auctoribus,
1061 1684 1230 1759 ingeniosis
1246 1686 1300 1764 qui

299 1766 364 1825 dem
389 1765 440 1824 sed
464 1775 525 1824 arte
547 1765 727 1840 carentibus,
750 1766 900 1845 plurimum
920 1767 1045 1827 fateatur
1063 1766 1203 1828 adiutum.
1244 1768 1300 1829 Nec

257 1850 386 1912 elmulto
404 1849 481 1909 aliud
504 1848 540 1908 de
558 1851 640 1908 novis
662 1852 766 1909 sentio.
805 1849 917 1924 Quotus
939 1852 1013 1910 onim
1035 1852 1161 1929 quisque
1179 1852 1298 1913 inveniri

299 1943 356 1993 tam
377 1933 494 1992 demens
517 1942 630 2012 potest,
659 1935 707 2012 qui
734 1952 770 1993 ne
797 1935 910 1994 minima
934 1933 1047 2012 quidem
1068 1933 1195 1995 alicuius
1224 1944 1297 1997 certe

299 2017 403 2077 fiducia
418 2019 505 2095 partis
527 2019 692 2077 memoriam
706 2019 886 2096 posteritatis
901 2013 1082 2097 speraverit?
1118 2016 1176 2092 Qui
1197 2021 1225 2081 si
1241 2020 1297 2099 quis

300 2110 359 2161 est:
383 2103 455 2160 intra
475 2103 584 2180 primos
607 2103 700 2161 statim
720 2119 824 2161 versus
846 2101 1079 2181 deprehendetur
1098 2110 1130 2161 et
1148 2103 1236 2164 citius
1250 2120 1296 2163 uos

300 2186 429 2261 dimittet,
447 2203 531 2264 quarn
545 2195 576 2245 ut
592 2187 653 2244 eius
671 2185 754 2244 nobis
769 2203 874 2263 magno
890 2187 1028 2264 temporis
1041 2184 1219 2247 detrimento
1235 2204 1296 2248 con·

257 2278 353 2331 castet
375 2271 611 2348 experimentum.
655 2269 713 2329 Sed
734 2286 792 2327 non
813 2269 949 2347 quidquid
975 2268 1011 2329 ad
1035 2268 1163 2346 aliquam
1188 2281 1296 2349 partem

299 2356 437 2413 scientiae
454 2356 595 2432 pertinet,
618 2355 747 2431 protinus
773 2352 810 2414 ad
832 2353 992 2414 laciendam
1009 2353 1094 2413 etiam
1109 2353 1246 2433 phrasin,
1265 2355 1296 2415 de

299 2455 354 2515 qua
373 2438 532 2514 loquimur,
543 2436 803 2496 accommodatum.

381 2521 487 2580 Verum
505 2531 654 2598 antequam
667 2521 703 2580 de
719 2520 840 2597 singulis
856 2520 970 2600 loquar,
985 2538 1077 2600 pauca
1092 2522 1122 2582 in
1134 2523 1296 2583 universum

256 2602 333 2665 43dc
350 2606 489 2663 varietate
508 2606 671 2683 opinionum
686 2605 807 2665 dicenda
824 2615 897 2665 sunt.
933 2603 1005 2665 Nam
1020 2604 1134 2682 quidam
1150 2605 1238 2666 solos
1252 2624 1296 2666 ve·

298 2696 376 2745 teres
394 2687 535 2763 legendos
550 2698 649 2765 putant
664 2707 758 2767 neque
772 2690 802 2748 in
820 2688 887 2749 ullis
899 2688 963 2749 eliis
979 2707 1046 2749 esse
1061 2689 1225 2751 naturalem
1240 2691 1296 2751 elc-

299 2773 441 2848 quentiam
460 2780 488 2829 et
500 2771 588 2829 robur
603 2774 671 2830 viris
688 2772 802 2849 dignum
813 2772 999 2842 arbitrantur;
1015 2773 1089 2833 alios
1103 2790 1213 2833 recens
1229 2774 1297 2834 baec

299 2855 416 2914 lascivia
434 2854 615 2930 deliciaeque
637 2864 665 2914 et
689 2858 781 2915 omnia
804 2855 839 2916 ad
854 2856 1031 2935 voluptutem
1045 2855 1236 2918 multitudinis
1251 2860 1296 2918 im·

256 2941 409 3017 ceperitne
432 2940 593 3016 composita
619 2938 772 2999 delectant.
808 2938 941 3019 Ipsorum
962 2941 1047 3000 etiam
1064 2941 1111 3018 qui
1129 2949 1246 3001 rectum
1260 2941 1296 3002 dl·

299 3023 383 3082 cendi
398 3041 490 3099 genus
507 3024 589 3098 sequi
606 3022 705 3081 volunt
721 3023 768 3082 alii
783 3041 886 3102 pressa
900 3023 1012 3088 demum
1030 3032 1059 3084 et
1069 3026 1168 3084 tenuia
1184 3034 1215 3085 et
1227 3041 1297 3103 quae

297 3109 438 3165 minimum
455 3105 489 3166 ab
505 3125 558 3164 usu
576 3106 719 3166 cotidiano
736 3107 890 3183 recedant,
911 3124 980 3167 sana
998 3115 1028 3166 et
1045 3125 1117 3169 uere
1132 3107 1234 3171 Attica
1249 3126 1295 3187 pu·

297 3197 371 3258 tant;
389 3191 527 3267 quosdam
543 3190 647 3249 elatior
664 3192 770 3266 ingenii
788 3192 833 3249 vis
850 3199 880 3250 et
892 3192 984 3268 magis
1000 3193 1144 3252 concitata
1161 3201 1191 3252 et
1212 3192 1297 3271 plens

298 3275 414 3349 spiritus
433 3276 523 3353 capit;
541 3283 605 3333 sunt
626 3275 709 3332 etiam
726 3274 799 3332 lenis
817 3282 846 3333 et
860 3274 940 3335 nitidi
960 3283 990 3334 et
1004 3277 1160 3354 compositi
1180 3277 1296 3354 generis

297 3372 355 3414 non
371 3361 454 3434 pauci
470 3367 622 3417 amatores.
653 3357 698 3417 De
720 3376 775 3436 qna
789 3358 948 3418 differentia
962 3359 1101 3419 disseram
1117 3359 1295 3438 diligentius,

275 3471 279 3477 -
298 3456 363 3498 cum
378 3441 413 3499 de
429 3460 539 3516 genere
557 3442 670 3501 dicendi
685 3441 879 3520 quaerendum
895 3443 958 3502 erit.
992 3441 1110 3502 Interim
1126 3445 1295 3519 summatim,

299 3523 365 3600 quid
385 3533 413 3581 et
430 3542 445 3582 a
463 3542 517 3601 qua
534 3525 660 3584 lectione
683 3535 784 3603 petere
802 3527 930 3604 possint,
951 3526 999 3604 qui
1018 3528 1192 3589 confirmare
1207 3528 1296 3589 facul·

255 3614 384 3670 sbtatem
400 3606 512 3666 dicendi
527 3608 640 3684 volent,
663 3610 808 3686 attingam.
846 3608 957 3670 Paucos
982 3612 1057 3670 enim
1073 3611 1156 3688 (sunt
1171 3613 1295 3673 eminen-

297 3691 412 3771 tissimi)
432 3708 592 3771 excerpere
609 3694 637 3752 in
658 3694 750 3753 animo
771 3702 825 3754 est.
856 3692 955 3756 Facile
972 3703 1017 3756 est
1031 3703 1126 3757 numm
1147 3696 1296 3774 studiosis,
