3184 4409
313 457 371 519 162
613 472 650 518 ns.
671 471 750 518 rna.
773 469 993 530 ounrnnnnnnu

310 633 442 704 qnantum
462 623 496 682 ab
519 624 576 683 illis
596 634 702 684 tantum
722 623 757 682 ab
778 624 897 684 Horatio
917 624 1072 700 dissentio,
1099 627 1149 705 qui
1169 627 1307 690 Lucilium

307 708 404 787 fluere
424 710 599 769 lutulentum
621 718 650 767 et
670 728 736 768 esse
751 710 886 785 aliquid,
910 709 991 785 quod
1004 711 1109 770 toliere
1121 714 1243 788 possis,
1260 733 1306 792 pn-

307 803 358 852 tat.
398 793 468 851 Nam
484 791 605 851 eruditio
625 795 654 852 in
669 809 704 850 eo
717 793 786 849 mira
803 801 832 851 et
846 791 965 850 libertas
976 798 1063 869 atque
1078 792 1147 854 inde
1163 797 1306 856 acerbitas

308 887 337 935 et
361 876 530 936 abundantia
555 875 633 934 salis.
680 874 797 934 blultum
827 883 872 934 est
896 876 1004 934 tersior
1029 893 1065 934 ac
1094 895 1188 954 purus
1219 883 1305 957 magis

306 961 479 1020 Horatius
507 969 551 1033 et,
572 977 629 1017 non
650 958 733 1017 labor
755 961 818 1017 cius
836 975 949 1033 amore,
970 960 1158 1037 praecipuus.
1191 961 1305 1024 llnltnm
1358 957 1359 963 ἵ

307 1054 336 1104 et
351 1043 567 1119 veraegloriae
588 1045 716 1119 quamvis
738 1059 794 1101 uno
818 1041 892 1102 libro
911 1042 1063 1102 Persius
1082 1047 1202 1104 meruit.
1240 1050 1304 1107 Sunt

263 1129 377 1192 soctan
396 1128 539 1204 hodieque
556 1136 584 1184 et
601 1128 648 1204 qui
665 1126 732 1184 olim
743 1125 970 1185 nominabuntur.
996 1124 1127 1186 Alterum
1140 1128 1215 1189 illud
1227 1133 1305 1191 etiam

306 1215 384 1291 prius
403 1213 507 1289 satirae
523 1229 615 1286 genus
631 1210 682 1269 sed
705 1227 761 1268 non
777 1208 841 1269 sola
862 1211 1016 1268 carminum
1031 1208 1175 1271 varietate
1193 1216 1305 1273 mixtum

306 1296 432 1356 condidit
448 1294 647 1353 Terentius
661 1293 793 1367 Varro,
818 1295 863 1351 rir
879 1292 1071 1352 Romanorum
1087 1295 1303 1357 eruditissimus.

305 1379 445 1438 Plurimos
466 1378 513 1436 bic
536 1379 627 1437 libros
651 1386 680 1436 et
704 1377 887 1436 doctissimos
915 1379 1094 1455 composuit,
1115 1381 1304 1456 peritissimus

305 1464 419 1538 linguae
446 1462 560 1521 Latinae
585 1472 614 1520 ct
643 1463 733 1520 omnis
760 1460 934 1538 antiquitatis
960 1468 990 1518 et
1013 1478 1111 1520 rerum
1132 1461 1304 1525 Graecarum

305 1556 533 1622 nostrarumque,
552 1546 616 1623 plus
633 1554 727 1603 tamen
741 1545 880 1603 scientiae
892 1544 1050 1603 collaturus
1066 1563 1152 1622 quam
1169 1547 1303 1626 eloqnen

263 1633 371 1696 attiae.
409 1628 552 1687 Iambus
575 1645 632 1688 non
656 1647 725 1688 sane
748 1646 764 1687 a
785 1627 920 1687 Romanis
942 1627 1107 1688 celebratus
1129 1638 1179 1689 est
1196 1641 1227 1691 ut
1244 1649 1303 1711 pro·

304 1717 396 1792 prium
416 1730 505 1789 opus,
529 1712 695 1790 quibusdam
717 1713 921 1790 interpositus;
942 1713 1022 1771 cuius
1038 1711 1187 1773 acerbitas
1201 1717 1232 1774 in
1247 1714 1303 1776 Ga·
1358 1721 1359 1737 ³

304 1797 418 1871 tullo,
439 1796 635 1871 Bibaculo,
651 1795 825 1870 Horatio,
849 1812 1010 1873 quanquam
1029 1795 1070 1855 illi
1088 1798 1206 1874 epodos
1223 1801 1302 1859 inter

303 1883 416 1954 veniat,
440 1882 611 1957 reperietur.
649 1879 686 1938 At
707 1879 922 1953 Lyricorum
943 1879 1018 1938 idem
1040 1879 1226 1940 Horatius
1247 1883 1303 1943 lere

304 1965 384 2024 solus
402 1963 460 2040 legi
478 1963 589 2039 dignus.
627 1963 698 2022 Nam
720 1973 749 2021 et
771 1964 893 2038 insurgit
915 1961 1068 2040 aliquando
1096 1973 1125 2021 et
1141 1965 1250 2041 plenus
1265 1975 1303 2025 est

304 2048 484 2108 iucunditatis
508 2058 536 2107 et
556 2050 665 2124 gratiae
688 2056 717 2105 et
736 2048 825 2106 variis
847 2047 946 2122 liguris
968 2055 997 2104 et
1022 2045 1119 2105 verbis
1136 2048 1303 2109 felicissime

304 2133 406 2192 audax.
446 2133 476 2191 si
500 2150 583 2209 quem
605 2133 730 2191 adiicere
747 2131 838 2203 velis,
861 2132 885 2188 is
902 2131 956 2189 erit
972 2127 1128 2189 Caesius
1148 2130 1300 2208 Bassus,

305 2235 388 2295 quem
404 2234 496 2293 nuper
508 2216 642 2281 vidimns;
666 2214 718 2273 sed
743 2232 807 2272 enm
829 2213 918 2290 longe
933 2213 1118 2291 praecedunt
1135 2216 1253 2292 ingenia
1266 2218 1300 2275 ri·

261 2303 436 2360 direntium.
471 2299 709 2374 Tragoediac
731 2300 893 2375 scriptores
912 2306 1043 2355 veterum
1061 2296 1196 2358 Attius
1223 2311 1300 2378 atquc

303 2385 479 2444 Pacuvius
501 2384 650 2441 clarissimi
665 2384 807 2458 gravitate
822 2381 1041 2455 sententiarum,
1062 2381 1223 2443 verborum
1238 2402 1299 2463 pon·

303 2469 388 2535 dere,
413 2470 583 2525 auctoritate
605 2482 802 2544 personarum.
838 2461 972 2523 Ceterum
992 2466 1067 2523 nitor
1092 2474 1121 2523 ct
1146 2485 1256 2527 summa
1277 2469 1300 2525 in

304 2552 473 2611 excolendis
498 2550 634 2627 operibns
661 2568 759 2607 manns
780 2550 871 2624 magis
894 2549 985 2607 videri
1007 2557 1105 2627 potest
1124 2552 1298 2628 temporibus

304 2653 387 2712 quarn
400 2635 471 2711 ipsis
489 2635 627 2693 doluisse.
666 2633 774 2692 Vinium
796 2641 890 2691 tamen
906 2632 984 2691 Attio
1001 2632 1066 2710 plus
1081 2631 1236 2702 tribuitnr;
1255 2635 1298 2695 Pa·

303 2722 415 2777 cuvium
435 2720 526 2777 videri
550 2718 724 2790 doctiorem,
751 2718 887 2793 quiesse
911 2716 988 2776 docti
1010 2715 1166 2791 affectant,
1194 2719 1297 2778 volunt

260 2803 359 2863 981am
380 2803 483 2860 'Varii
508 2801 650 2875 Thyestes
673 2799 790 2859 cuilibet
817 2799 989 2859 Graecarum
1009 2803 1174 2877 comparari
1196 2810 1297 2879 potest.

303 2886 423 2946 Ovidii
440 2885 542 2944 bledea
558 2885 669 2943 videtur
681 2884 747 2942 mihi
761 2883 926 2957 ostendere,
946 2891 1079 2960 quantum
1092 2883 1144 2942 ille
1160 2886 1205 2943 vir
1223 2904 1298 2964 prae·

302 2980 380 3029 stare
398 2971 540 3048 potuerit,
564 2972 587 3026 si
610 2970 725 3044 ingenio
746 2985 798 3026 suo
821 2968 964 3044 imperare
980 2984 1062 3044 quam
1078 2966 1235 3045 indulgere
1249 2986 1298 3028 tna·

302 3055 412 3114 luisset.
450 3052 556 3112 Eorum
579 3071 651 3130 quos
671 3052 790 3110 viderim
813 3050 901 3127 longe
924 3051 1060 3128 princeps
1081 3049 1298 3130 Pomponius

303 3137 510 3211 Secundus,
531 3155 615 3213 quem
634 3154 720 3194 senes
742 3135 855 3212 quidem
875 3152 973 3213 parum
997 3135 1139 3210 tragicum
1155 3137 1307 3214 putabant·

260 3228 294 3284 99
303 3224 462 3281 eruditione
478 3239 511 3280 ac
526 3224 619 3279 nitore
634 3228 783 3298 praestare
800 3218 1017 3277 confitebantur,
1053 3216 1084 3276 ln
1111 3221 1298 3281 comoedia

304 3308 425 3364 manime
449 3305 652 3378 claudicamus,
670 3302 738 3361 licet
752 3301 845 3360 Varro
862 3300 983 3377 Munus,
1004 3300 1081 3360 Aelii
1100 3302 1226 3363 Stilonis
1240 3321 1297 3363 sen

303 3390 406 3463 tentia,
430 3387 567 3448 Plautino
590 3389 664 3446 dicat
677 3405 815 3447 sermone
833 3388 989 3448 locuturas
1007 3385 1121 3464 fuisse,
1150 3385 1297 3462 sidolt'ac

303 3473 384 3549 loqui
410 3473 535 3545 uellent,
564 3471 632 3530 licet
659 3469 860 3549 Caecilium
891 3478 1009 3528 veteres
1037 3468 1170 3528 laudibus
1199 3472 1295 3542 lerant,

305 3556 373 3614 licet
391 3554 556 3613 Terentii
579 3557 685 3631 scripta
708 3554 742 3612 ad
758 3554 923 3631 Scipionem
938 3552 1105 3613 Africanum
1119 3554 1295 3621 reserantnrt

304 3657 376 3717 quae
394 3649 487 3697 tamen
509 3647 572 3696 sunt
592 3640 619 3695 in
644 3639 699 3696 hoo
717 3655 826 3712 genere
848 3637 1061 3713 elegantissima
1082 3644 1112 3694 et
1127 3637 1196 3714 plus
1212 3638 1296 3701 adbuc

251 3724 446 3790 noolabitnra
467 3722 596 3805 gratiae,
620 3724 645 3782 si
671 3724 741 3782 iutra
759 3739 861 3780 versus
882 3722 1027 3782 trimetros
1048 3722 1213 3782 stetissent
1247 3720 1297 3801 llis
