3184 4409
342 461 401 522 124
497 521 500 532 ,
645 476 682 525 u.
699 475 778 524 aaa.
797 476 1015 536 namurcum

338 630 466 696 decante
485 646 558 702 ooo,
581 631 662 707 qood
679 632 735 692 solt
755 633 941 708 accepimus,
960 633 993 691 io
1012 649 1113 693 omnes
1139 638 1247 695 terras
1267 633 1328 694 dia·

294 713 503 777 &trituramus
545 710 590 771 un
610 715 694 773 etiam
716 723 860 792 assumpta
881 715 930 773 ilia
952 715 1058 790 figura,
1084 732 1140 792 qua
1161 715 1256 776 verba
1282 716 1317 776 dc

337 795 441 854 clinata
457 803 634 873 repetuntur,
648 797 724 874 quod
740 787 948 877 ἆντιμεταβοὶὴ
959 798 1076 857 dicitur:
1092 796 1171 874 Noa,
1183 808 1220 860 ut
1230 801 1328 875 edam,

336 881 422 946 oica·
442 881 514 955 sed,
536 887 569 940 at
588 881 700 950 cicaro,
723 883 792 942 edo.
828 879 866 940 Et
884 881 961 958 quod
977 881 1052 959 apud
1066 879 1243 942 Ciceronem
1263 900 1328 943 con·

336 981 451 1022 versum
475 964 513 1022 ita
539 971 598 1039 est,
623 972 671 1039 ut,
696 983 759 1024 cum
781 965 966 1024 mutationem
987 983 1071 1027 casus
1095 964 1221 1042 habeat,
1247 968 1328 1030 euru

337 1047 467 1109 similiter
494 1047 620 1106 desinat:
653 1045 690 1108 Ut
720 1056 749 1108 et
773 1051 841 1111 mae
864 1050 982 1110 invidio
1010 1049 1101 1126 ocdpo
1123 1051 1329 1126 plectatur-ct

294 1133 400 1194 &aaa
415 1131 507 1208 calpa
519 1132 637 1192 invidio
649 1140 790 1208 ponatur.
820 1131 904 1204 Quod
920 1140 949 1190 et
966 1132 1069 1192 eodem
1083 1131 1208 1192 cluditur
1222 1133 1327 1194 verbo:

336 1224 366 1272 ut
382 1214 458 1292 quod
472 1215 540 1274 dicit
556 1214 592 1273 de
610 1213 729 1290 Roscio,
745 1212 874 1292 Etersim,
895 1234 964 1276 cum
983 1219 1096 1296 artifex
1117 1218 1269 1279 eiusmodi
1283 1218 1329 1293 ait,

334 1306 368 1357 ot
387 1299 469 1359 sotus
491 1299 601 1376 dipnao
618 1299 761 1360 videatur
782 1317 860 1376 esec,
881 1301 934 1377 qai
952 1317 1077 1362 scenam
1095 1300 1229 1362 introeat
1234 1323 1249 1370 ,·
1271 1309 1331 1362 otas

335 1384 385 1441 oc'r·
407 1383 551 1442 musmodc‘
577 1389 635 1458 est,
664 1391 695 1442 at
713 1385 796 1444 sotor
812 1385 955 1445 videatur
973 1385 1101 1463 dipsas,
1128 1385 1181 1463 qui
1209 1405 1246 1447 eo
1272 1404 1330 1447 nos

336 1467 475 1526 accedat.
502 1463 556 1524 Est
570 1473 598 1523 et
607 1466 636 1524 in
647 1467 807 1526 nominibus
818 1484 856 1526 ex
867 1467 982 1527 diverso
994 1468 1146 1528 collocatis
1157 1485 1211 1528 sua
1222 1470 1328 1545 gratia:

336 1547 372 1609 st
402 1547 514 1610 Omont
540 1545 704 1610 Aotorcioa:
730 1548 845 1612 Brontes
871 1551 981 1620 hostiae
1005 1554 1034 1613 si
1059 1561 1260 1614 coacervator
1286 1553 1330 1613 να·

335 1632 477 1710 publicae
498 1629 631 1693 Budua.-
650 1635 741 1695 donis
762 1632 918 1696 Aotoaim.

294 1727 328 1783 87
420 1714 494 1775 Olim
511 1716 593 1793 plura
608 1716 645 1776 de
661 1718 760 1794 figuris
776 1737 859 1796 qnam
874 1736 998 1777 necesse
1014 1726 1093 1794 erat,
1109 1726 1138 1777 et
1153 1717 1250 1779 adhuc
1266 1721 1328 1794 erit,

338 1800 385 1878 qui
399 1808 480 1878 putet
496 1817 562 1858 esse
578 1799 711 1877 figuram:
727 1800 915 1864 Incredibile
935 1810 989 1878 cot,
1010 1805 1092 1880 qood
1103 1804 1182 1877 dieo,
1204 1804 1265 1864 sed
1280 1822 1329 1864 oe·

337 1903 425 1955 rum,·
457 1873 676 1965 ἆνθυποφορὰν
700 1895 820 1954 vocant;
850 1895 879 1945 et
913 1883 1030 1964 Aliquis
1046 1885 1107 1946 ¹ltoc
1131 1888 1230 1948 semel
1252 1888 1326 1961 tulit,

338 1987 392 2045 epo
413 1969 475 2044 dis,
501 1986 555 2045 epo
574 1976 637 2064 tpr,
663 1967 811 2044 διὲξοὸονς
837 1978 867 2028 et
895 1967 1024 2048 Lonpias
1044 1975 1165 2031 coactas
1181 1989 1255 2030 oum
1274 1971 1327 2033 aad

293 2053 430 2115 88rede0
450 2053 494 2113 od
512 2054 710 2130 propositum,
728 2047 852 2130 ἄφοδον.
888 2053 1034 2127 Quaedam
1049 2051 1205 2112 verborum
1221 2054 1327 2132 figurae

337 2136 452 2214 paulum
474 2135 572 2212 figuris
596 2138 798 2198 sententiarum
818 2136 1012 2213 declinantur,
1029 2146 1060 2196 nt
1074 2135 1225 2197 dubitatio.
1261 2137 1327 2198 Nam

338 2239 401 2279 oum
419 2230 463 2279 est
478 2221 506 2278 in
521 2238 569 2296 re,
590 2222 679 2299 priori
695 2223 768 2299 parti
784 2220 953 2298 assignanda
969 2218 1025 2288 est;
1042 2238 1105 2279 cum
1118 2221 1145 2278 in
1159 2220 1267 2298 verbo,
1285 2240 1326 2282 se·

338 2306 450 2386 quenti.
479 2303 551 2367 Siue
572 2325 618 2367 me
639 2308 783 2368 molitiem
806 2308 872 2366 sice
897 2307 1051 2367 stultitiam
1071 2306 1176 2365 dicere
1203 2313 1326 2384 oportet

295 2391 409 2454 89Itcm
432 2392 621 2450 correctionis
643 2390 743 2449 eadem
765 2391 840 2449 ratio
863 2398 916 2448 est.
953 2387 1024 2449 Nam
1039 2388 1115 2467 quod
1131 2388 1192 2447 illic
1209 2389 1326 2464 dubitat,

337 2477 383 2535 hic
404 2475 545 2534 emendat.
589 2472 681 2533 Etiam
701 2475 730 2532 in
756 2491 901 2552 personae
921 2473 1037 2532 fictione
1058 2472 1192 2532 accidere
1218 2474 1328 2550 quidam

337 2559 411 2618 idem
427 2567 607 2637 putaverunt,
624 2568 654 2617 ut
668 2560 696 2616 in
711 2558 809 2617 verbis
827 2566 907 2617 esset
923 2557 996 2616 haec
1011 2557 1115 2633 figura:
1133 2553 1329 2631 Crodetitotia

337 2650 434 2704 mater
455 2650 498 2703 cst
519 2644 671 2711 oooritio,·
700 2650 729 2701 et
755 2641 830 2720 apud
851 2640 1033 2705 Menandrum
1063 2638 1199 2716 Oedipus
1225 2639 1329 2701 Thrio-

335 2727 409 2785 siuo.
441 2725 521 2784 Haec
534 2727 626 2784 omnia
645 2727 793 2804 copiosius
817 2735 882 2784 sunt
896 2726 1021 2798 executi,
1037 2725 1085 2802 qui
1099 2740 1156 2781 non
1172 2732 1204 2782 nt
1219 2734 1329 2802 partem

337 2811 435 2886 operis
451 2818 680 2868 transcurrerunt
695 2809 745 2868 sed
761 2811 880 2888 proprie
895 2809 985 2868 libros
996 2808 1063 2867 huic
1079 2807 1161 2885 operi
1176 2806 1329 2867 dedicave-

337 2902 411 2968 runt,
423 2894 497 2952 sicut
509 2889 664 2968 Caecilius,
677 2891 843 2968 Dionysius,
856 2889 1183 2968 Rutilius-cornificius,
1189 2889 1331 2951 Visellius

337 2977 444 3054 aliique
467 2993 524 3034 non
546 2977 630 3053 pauci
638 2998 645 3045 ;
669 2977 721 3037 sed
744 2994 802 3035 non
822 2978 913 3036 minor
934 2977 989 3035 erit
1013 2991 1129 3048 eornm,
1150 2975 1198 3051 qui
1221 2977 1330 3048 vivunt,

295 3061 438 3137 sagione.
473 3059 511 3120 Ut
533 3060 628 3120 fateor
648 3070 757 3135 autem,
785 3061 940 3120 verbomm
968 3076 1084 3137 quoque
1110 3059 1216 3134 tiguras
1241 3076 1330 3137 posse

337 3144 437 3222 plures
452 3145 575 3221 reperiri
592 3161 608 3202 a
629 3143 813 3222 quibusdam:
829 3145 867 3203 ita
881 3145 926 3220 iis,
943 3161 1017 3222 quae
1033 3143 1068 3202 ab
1088 3139 1254 3201 auctoribus
1273 3141 1329 3202 cla·

337 3230 377 3285 ris
403 3228 550 3287 traduntur
576 3228 730 3304 meliores,
757 3244 815 3287 non
841 3229 994 3287 assentior.
1030 3225 1101 3286 Nam
1121 3227 1149 3283 in
1169 3226 1271 3303 primis
1293 3223 1329 3284 Μ.

337 3309 447 3370 Tullius
462 3312 565 3370 multas
581 3313 609 3370 in
625 3313 709 3370 tertio
726 3311 762 3371 de
780 3320 897 3371 oratore
914 3310 988 3370 libro
1002 3312 1108 3388 posuit,
1125 3325 1196 3386 quas
1216 3311 1247 3368 in
1262 3308 1330 3368 Ora·

337 3401 402 3452 tore
419 3404 522 3470 postea
544 3396 653 3473 scripto
672 3395 847 3454 transeundo
863 3395 977 3454 videtur
995 3396 1059 3472 ipse
1076 3393 1244 3461 damnasse;
1263 3410 1331 3471 qua·

336 3495 398 3536 rum
415 3487 560 3554 pareest,
578 3497 652 3556 quae
668 3479 871 3538 sententiarum
890 3481 986 3557 potius
1004 3495 1087 3555 quam
1101 3474 1260 3536 verborum
1277 3478 1330 3536 sit:

337 3569 368 3618 ut
382 3561 547 3634 imminutio,
565 3563 759 3640 improvisum,
776 3563 882 3639 imago,
899 3563 1023 3640 sibiipsi
1038 3561 1203 3638 responsio,
1219 3560 1332 3636 digres-

338 3645 399 3719 sio,
425 3646 593 3722 permissio,
625 3647 813 3721 contrarium,
840 3646 919 3723 (hoc
940 3647 1114 3724 enimputo,
1137 3643 1214 3721 quod
1230 3644 1335 3703 dicitnr

297 3736 330 3791 91
339 3722 524 3808 ἐναντιότης)
547 3737 657 3808 sumpta
679 3747 716 3789 ex
732 3730 856 3789 adverso
873 3729 1014 3808 probatio.
1053 3727 1201 3802 Quaedam
1217 3729 1335 3789 omnino
