3184 4409
534 489 623 538 msc.
640 489 788 539 cunnos.
807 490 875 538 ma.
891 490 945 556 rx,
961 485 987 538 4.
1198 475 1257 536 135

259 646 383 706 eflicitur
400 636 567 724 cpedibus,
586 635 734 705 conclusio
750 661 854 710 nomen
869 643 985 720 aliquod
1001 641 1155 716 desiderat.
1183 642 1258 716 Quid

258 732 397 805 sitigitur
416 730 612 806 potiusquam
633 747 821 804 numerus,
847 736 876 787 et
899 727 1041 786 oratorius
1061 745 1210 804 numerus,
1229 736 1260 786 ut

259 814 440 888 enthymema
459 812 622 872 rhetoricus
644 808 852 889 syllogismus?
896 809 961 887 Ego
985 819 1082 886 certe,
1105 829 1140 869 ne
1162 814 1190 870 in
1212 830 1258 871 ca-

258 899 391 958 lumniam
406 897 521 970 cadam,
538 914 594 972 qua
609 914 645 955 ne
660 895 698 955 Μ.
715 897 831 973 quidem
845 895 955 955 Tullius
972 895 1079 969 caruit,
1095 912 1187 972 posco
1202 895 1260 954 hoc

257 982 341 1055 mihi,
362 989 407 1057 ut,
431 997 564 1057 cumpro
587 981 749 1058 composito
771 980 872 1039 dixero
889 996 1035 1052 numerum
1051 987 1081 1037 et
1096 978 1260 1058 ubicunque

257 1068 315 1124 iam
330 1064 404 1138 dixi,
428 1065 632 1141 oratorium
652 1064 750 1123 dicere
766 1059 922 1140 intelligar.

345 1146 509 1207 Collocatio
531 1156 624 1208 autem
646 1147 736 1207 verba
756 1148 812 1207 iam
829 1148 998 1225 probata·et
1020 1145 1115 1204 electa
1132 1153 1160 1204 ει
1180 1144 1260 1204 velut
1268 1156 1302 1208 58

257 1232 404 1307 assignata
420 1231 474 1290 sibi
490 1231 579 1292 debet
594 1241 787 1300 connectere;
811 1231 938 1291 namuel
954 1231 1024 1290 dure
1043 1230 1118 1288 iuter
1133 1247 1165 1287 se
1183 1245 1258 1287 com·

256 1318 346 1376 missa
366 1317 481 1394 potiora
502 1324 567 1376 runt
589 1315 745 1376 inutilibus.
791 1315 898 1375 'lamen
922 1322 951 1373 et
972 1314 1084 1391 eligere
1108 1312 1259 1390 quaedam,

257 1399 325 1458 dum
346 1417 383 1458 ex
402 1400 452 1476 iis,
477 1418 552 1478 quae
569 1399 644 1460 idem
663 1400 827 1477 significent
846 1408 933 1479 atque
955 1399 1030 1458 idem
1044 1397 1175 1472 valeant,
1193 1413 1259 1474 per-

256 1485 401 1560 miserim,
425 1493 455 1543 et
476 1483 602 1544 adiicere
617 1484 682 1544 dum
697 1501 755 1543 non
770 1486 882 1559 otiosa,
905 1492 934 1543 et
949 1481 1101 1543 detrahere
1117 1481 1183 1540 dum
1203 1497 1260 1540 non

256 1569 435 1627 necessaria.
479 1568 537 1627 Sed
553 1568 657 1644 liguris*
672 1577 782 1628 mutare
800 1586 885 1628 casus
907 1576 994 1645 atque
1015 1581 1168 1642 numeros,
1188 1581 1259 1643 quo·

257 1669 322 1710 rum
338 1653 463 1710 varietas
487 1651 656 1730 frequenter
677 1654 769 1729 gratia
793 1652 1012 1730 compositionis
1036 1652 1143 1725 ascita,
1174 1651 1259 1708 etiam

259 1752 314 1794 suo
332 1736 445 1794 nomine
462 1734 538 1795 solet
553 1754 621 1795 esse
636 1736 796 1795 iucundum.
835 1735 927 1795 Etiam
942 1735 991 1794 ubi
1006 1734 1083 1795 aliud
1096 1734 1169 1794 ratio
1185 1732 1302 1794 aliudttt

259 1819 440 1878 consuetodo
462 1828 581 1896 poscet:
610 1828 702 1878 utrum
721 1812 819 1895 volet,
847 1827 939 1879 sumat
960 1819 1152 1901 compositio,
1176 1815 1261 1878 Vitat

257 1905 339 1963 visae
353 1904 402 1962 vel
423 1905 553 1980 citasse,
579 1903 781 1981 Deprendere
800 1902 849 1962 rel
873 1903 1113 1981 deprehendere.
1160 1899 1260 1961 Goitus

258 1988 345 2045 etiam
363 1986 539 2061 syllabarum
553 2003 612 2046 non
625 1987 757 2064 negabo,
774 1994 804 2046 et
818 1987 955 2065 quidquid
970 1988 1119 2045 sententiis
1135 1994 1182 2045 aut
1198 1986 1259 2046 elo·

258 2071 366 2130 cutioni
388 2088 444 2129 non
472 2071 599 2130 nocebit.
642 2071 830 2148 Praecipuum
852 2080 948 2131 tamen
972 2070 1000 2128 in
1027 2070 1084 2129 boc
1108 2086 1182 2147 opus
1204 2078 1303 2144 est,oo

258 2155 336 2213 scire
358 2154 436 2231 quod
453 2154 658 2235 quoque-loco
674 2154 828 2214 verborum
843 2157 965 2214 maxime
988 2155 1118 2231 quadret.
1162 2152 1260 2231 Atque

257 2240 283 2296 is
300 2239 408 2315 optime
428 2248 599 2317 componet,
622 2240 670 2317 qui
694 2238 751 2297 boc
770 2256 829 2298 non
847 2239 939 2298 solum
957 2237 1150 2316 componendi
1166 2238 1260 2314 gratia

257 2321 339 2380 lacit.
990 2374 993 2381 .

343 2404 427 2465 Ratio
451 2423 523 2465 vero
544 2406 650 2485 pedum
663 2407 692 2465 in
708 2407 839 2467 oratione
855 2414 901 2465 εει
914 2405 1003 2465 multo
1023 2423 1107 2484 quam
1128 2405 1157 2464 in
1172 2421 1260 2464 versu

259 2487 421 2548 difficilior:
439 2491 560 2568 primum
576 2489 653 2567 quod
664 2507 767 2549 versus
781 2491 881 2568 paucis
898 2492 1075 2565 continetur,
1089 2489 1181 2547 oratio
1197 2489 1258 2548 lon·

258 2574 359 2649 giores
374 2573 461 2634 habet
476 2592 566 2652 saepe
582 2575 731 2642 circuitus;
755 2573 858 2634 deinde
878 2573 955 2653 qnod
969 2591 1073 2633 versus
1088 2590 1206 2651 semper
1221 2573 1258 2631 si·

258 2656 334 2715 milis
354 2657 408 2717 sibi
429 2666 474 2717 est
498 2667 527 2717 ει
548 2675 603 2717 una
622 2659 734 2717 ratione
751 2658 893 2734 decurrit,
920 2658 1059 2717 orationis
1075 2657 1258 2736 compositio,

258 2741 313 2799 nisi
331 2743 411 2801 varia
434 2751 495 2818 est,
520 2751 549 2801 et
569 2742 687 2802 offendit
704 2742 886 2802 similitudine
909 2751 939 2802 et
958 2744 987 2801 in
1004 2743 1188 2802 affectatione
1210 2740 1259 2800 de·

259 2823 456 2903 prehenditur.
506 2825 543 2884 Et
566 2827 594 2884 in
615 2827 690 2886 omni
717 2826 832 2904 quidem
853 2843 979 2905 corpore
1006 2835 1127 2904 totoque
1154 2826 1200 2904 (ut
1221 2825 1301 2884 ita61

259 2909 397 2987 dixerim)
414 2918 505 2970 tractu
520 2927 653 2969 numerus
669 2912 793 2970 insertus
810 2919 864 2970 est.
891 2909 993 2989 Neque
1007 2912 1081 2970 enim
1096 2910 1176 2988 loqui
1191 2923 1259 2986 pos-

259 3010 356 3051 sumus
375 2994 428 3051 nisi
445 2993 564 3068 syllabis
581 2993 718 3053 breuibus
734 2994 896 3072 colongis,
913 3014 951 3055 cx
962 2995 1064 3073 quibus
1075 2993 1167 3072 pedes
1180 2991 1258 3049 liunt.

259 3074 352 3153 lllagis
368 3085 463 3136 tamen
484 3085 513 3136 et
530 3076 710 3138 desideratur
727 3079 755 3136 in
772 3078 911 3138 clausulis
935 3087 964 3138 et
985 3085 1121 3157 apparet:
1141 3075 1260 3154 primum

259 3162 327 3239 quia
343 3178 445 3220 seusus
461 3162 551 3221 omnis
564 3160 651 3220 babet
665 3179 746 3220 suurn
761 3161 846 3221 finem
860 3164 1014 3240 poscitque
1029 3159 1157 3220 naturale
1172 3159 1259 3217 inter·

258 3244 382 3321 vallum,
400 3262 456 3323 quo
482 3262 498 3304 a
515 3246 664 3323 sequentis
681 3246 760 3304 initio
776 3245 932 3315 dividatun;
956 3244 1060 3305 deinde
1077 3243 1155 3322 quod
1174 3260 1259 3303 aures

260 3330 422 3387 continuam
440 3345 544 3389 vocem
566 3338 685 3388 secutae
708 3328 871 3408 ductaeque
890 3328 971 3388 velut
990 3344 1083 3407 prono
1105 3328 1259 3388 decurren-

259 3412 297 3470 tis
319 3414 457 3472 orationis
483 3413 597 3473 llumine
618 3421 676 3473 tum
697 3415 788 3491 magis
810 3413 951 3488 iudicant,
979 3431 1049 3482 cum,
1063 3412 1114 3472 ille
1136 3414 1259 3491 impetus

260 3497 341 3554 stetit
363 3504 393 3555 et
412 3496 540 3556 intuendi
557 3505 669 3576 tempus
688 3496 776 3556 dedit.
820 3496 886 3556 Non
899 3498 987 3574 igitur
1001 3496 1100 3556 durum
1116 3498 1153 3556 sit
1167 3499 1302 3572 nequeda

259 3577 428 3657 abruptum,
458 3596 514 3657 quo
535 3582 619 3639 animi
639 3579 720 3639 velut
738 3581 882 3659 respirant
904 3598 939 3640 ac
960 3580 1136 3641 reficiuntur.
1179 3575 1260 3638 llaec

261 3671 308 3720 cst
330 3662 417 3721 sedes
440 3663 593 3741 orationis,
621 3664 679 3723 boc
700 3663 813 3724 auditor
839 3673 990 3743 expectat,
1018 3666 1065 3724 bic
1087 3665 1150 3725 laus
1168 3663 1259 3722 omnis

259 3745 413 3807 declamat.
459 3747 618 3808 Proximam
639 3747 776 3808 clausulis
797 3747 973 3827 diligentiam
999 3749 1146 3830 postulant
1169 3747 1258 3820 initia,
