3184 4409
504 517 506 521 .
548 487 636 535 rusa.
651 486 799 535 unsrun.
814 489 882 536 nra.
898 488 964 555 vn,
979 488 1005 539 a.
1243 484 1280 542 17

277 654 339 716 tas,
355 642 515 716 humilitas,
538 657 627 718 opes,
649 650 679 700 ut
695 642 797 719 cuique
813 644 930 718 iugenio
945 645 989 701 vis
1007 653 1070 719 est,
1093 648 1121 704 in
1137 647 1280 707 diversum

276 728 435 787 trahuntur.
480 725 565 784 Probi
589 743 659 784 vero
688 742 783 785 mores
813 736 842 785 et
863 721 1012 785 anteactae
1033 730 1109 787 vitae
1131 734 1323 808 integritas33

277 827 420 888 nunquam
440 825 497 865 nun
518 810 668 886 plurimum
692 810 860 886 profuerint.
898 812 928 870 Si
952 811 1022 870 nihil
1038 812 1205 872 obiiciatur:
1230 835 1280 893 pa·

277 905 377 953 tronus
396 893 509 970 quidem
524 895 551 950 in
567 893 623 951 hoc
637 893 825 953 vehementer
840 895 999 961 incumbet;
1017 908 1281 957 accusator-autem

278 979 313 1038 ad
330 986 511 1056 praesentem
528 978 741 1055 quaestionem,
758 978 793 1036 de
811 997 866 1055 qua
881 979 945 1037 sula
960 980 1092 1038 iudicium
1108 983 1163 1056 sit,
1181 986 1280 1059 cugni-

277 1065 384 1121 tionem
411 1061 541 1137 alligabit
571 1061 688 1136 dicens,
717 1063 858 1120 neminem
878 1079 934 1120 non
962 1063 1115 1139 aliquando
1145 1071 1281 1143 coepisse

277 1162 420 1224 peccare,
442 1162 496 1203 nec
517 1162 570 1222 pro
592 1146 722 1204 encomio
743 1147 902 1204 ducendum
920 1147 1017 1204 scelus
1033 1149 1164 1223 primum.
1200 1151 1323 1214 Haecal

276 1233 304 1288 in
321 1229 534 1306 respondendo.
572 1229 627 1288 Sic.
642 1239 736 1288 autem
758 1230 943 1307 praeparabit
964 1232 1077 1289 actione
1097 1235 1188 1309 prima
1209 1235 1279 1294 iudi·

277 1333 341 1373 cum
361 1313 486 1386 animos,
509 1321 540 1371 ut
561 1313 689 1372 noluisse
706 1316 802 1391 potius
819 1313 947 1372 obiicere
964 1333 1047 1391 quam
1068 1333 1125 1374 non
1149 1319 1280 1393 putuisse

278 1399 420 1457 credatur.
458 1395 561 1474 quue
585 1398 673 1456 satius
697 1407 756 1472 est,
782 1415 865 1456 omne
881 1416 914 1456 se
930 1407 1080 1457 anteactae
1096 1402 1173 1459 vitae
1193 1400 1280 1459 absti-

276 1500 346 1540 nere
369 1482 500 1540 convicio
524 1498 605 1558 quam
623 1481 735 1539 levibus
752 1490 799 1540 aut
821 1483 932 1540 frivolis
954 1492 1001 1540 aut
1022 1483 1174 1542 manifesto
1198 1485 1281 1543 ialsis

276 1584 356 1624 reum
371 1567 535 1640 incessere,
553 1567 617 1642 quia
634 1565 704 1623 lides
722 1567 828 1624 ceteris
845 1563 1018 1641 detrahitur,
1036 1569 1126 1645 etqui
1145 1569 1213 1626 nihil
1229 1569 1280 1626 ob·

276 1650 350 1724 iicit,
375 1650 508 1708 omisisse
531 1649 610 1707 credi
632 1657 731 1726 potest
750 1649 903 1709 maledicta
927 1660 1060 1727 tanquam
1083 1670 1280 1729 supervacua;

276 1733 324 1811 qui
336 1751 407 1792 vana
420 1735 567 1808 congerit,
585 1733 738 1792 confitetur
752 1752 855 1791 vanum
871 1735 898 1791 in
912 1736 1052 1793 anteactis
1071 1745 1279 1811 argumentum,

274 1817 423 1895 inquibus
444 1819 519 1875 vinci
539 1834 622 1894 quam
639 1826 738 1876 tacere
759 1818 901 1877 maluerit.
937 1816 1061 1894 Cetera,
1085 1837 1159 1898 quae
1179 1838 1277 1898 aper·
1288 1831 1322 1886 35

274 1903 354 1960 sonis
371 1901 435 1960 duci
451 1901 561 1976 solent,
578 1901 606 1958 in
621 1910 851 1977 argumentorum
867 1903 942 1961 loeis
957 1903 1155 1979 exposuimus.

358 1985 490 2044 Proxima
507 1994 551 2042 est
567 2003 604 2043 ex
623 1988 748 2044 causis
766 1984 917 2062 probatio,
935 1986 963 2043 in
981 1986 1084 2062 quibus
1099 1985 1173 2045 baec
1190 1986 1279 2045 maxi·

273 2088 319 2127 me
343 2078 526 2146 spectantur,
552 2071 611 2143 ira,
641 2069 750 2142 odium,
777 2078 886 2144 metus,
915 2069 1072 2146 cupiditas,
1100 2075 1185 2146 spes;
1214 2087 1278 2128 nam

272 2153 385 2232 reliqua
408 2155 436 2211 in
456 2153 556 2212 horum
578 2155 694 2230 species
716 2152 828 2211 cadunt.
866 2152 993 2225 Quorum
1015 2154 1039 2210 si
1061 2153 1128 2230 quid
1149 2154 1176 2211 in
1198 2171 1277 2211 reum

273 2239 443 2296 conveniet:
466 2239 643 2296 accusatoris
668 2245 712 2295 est
734 2236 871 2312 eiicere,
900 2237 935 2295 ad
957 2231 1093 2313 quidquid
1115 2236 1276 2316 iaciendum

273 2338 379 2380 causae
391 2321 491 2380 valere
506 2321 674 2396 videantur,
691 2339 815 2397 easque,
828 2338 899 2397 quas
915 2322 943 2378 in
958 2329 1155 2396 argumentum
1172 2329 1275 2393 sumet,

273 2423 398 2481 augere;
423 2407 447 2462 si
473 2407 577 2464 minus:
601 2405 670 2464 illua
694 2404 869 2464 conferenda
892 2413 937 2462 est
959 2406 1070 2478 oratio,
1094 2413 1142 2463 aut
1166 2403 1320 2480 aliquas36

271 2490 399 2548 fortasse
416 2489 538 2548 latentes
556 2489 661 2564 fuisse,
679 2497 727 2548 aut
741 2489 810 2547 nibil
824 2489 859 2548 ad
875 2507 936 2547 rem
951 2489 1115 2566 pertinere,
1133 2506 1184 2547 cur
1196 2487 1276 2546 iece-

270 2575 324 2646 rit,
350 2574 374 2630 si
394 2573 479 2648 iecit,
502 2581 550 2633 aut
573 2575 657 2632 etiam
675 2573 786 2649 dignius
808 2591 875 2631 esse
899 2572 966 2631 odio
985 2572 1102 2646 scelus,
1127 2572 1204 2650 quod
1219 2589 1278 2629 non

270 2656 404 2715 babuerit
426 2672 550 2715 causam.
587 2656 726 2716 Patronus
748 2674 838 2732 vero,
860 2659 993 2735 quotiens
1009 2657 1133 2734 poterit,
1160 2655 1279 2714 instabit

269 2741 338 2799 huic
355 2740 438 2815 loco,
454 2750 484 2798 ut
499 2740 568 2799 nibil
581 2741 721 2800 credibile
737 2743 774 2800 sit
790 2740 896 2800 iactum
912 2759 978 2800 esse
991 2743 1052 2800 siue
1065 2758 1164 2799 causa.
1191 2738 1276 2811 Quod

271 2822 377 2882 Cicero
398 2824 650 2883 vehementissime
671 2826 765 2885 multis
782 2825 959 2884 orationibus
974 2833 1095 2899 tractat,
1118 2825 1276 2901 praecipue

269 2917 366 2966 tamen
390 2925 443 2985 pro
459 2908 592 2984 Vareno,
614 2911 662 2987 qui
691 2908 821 2968 omnibus
843 2909 906 2967 aliis
930 2908 1130 2986 premebatur;
1159 2925 1222 2966 nam
1248 2915 1277 2965 et

269 2991 418 3050 damnatus
435 3002 489 3051 est.
529 2992 588 3074 At,
603 2995 626 3050 si
641 2993 829 3070 proponitur,
852 3011 904 3051 cur
917 2992 1025 3051 iactum
1041 2993 1092 3050 sit:
1110 2999 1157 3049 aut
1173 2989 1276 3048 falsam
1285 2993 1321 3047 at

269 3093 386 3135 causam
402 3085 449 3134 aut
461 3078 555 3134 levem
567 3086 614 3135 aut
630 3079 756 3152 ignotam
771 3094 823 3134 reo
841 3076 927 3135 dicet.
962 3077 1087 3135 Possunt
1099 3082 1193 3133 autem
1210 3090 1277 3130 esse

268 3159 385 3236 aliquae
401 3161 513 3218 interim
535 3162 667 3237 ignotae,
685 3159 730 3218 An
746 3161 884 3219 heredem
897 3159 1049 3232 babuerit,
1074 3175 1110 3216 au
1126 3166 1277 3215 accusatu·

267 3262 319 3301 rus
335 3243 421 3302 luerit
437 3263 517 3319 eum,
534 3263 550 3303 a
567 3261 623 3322 quo
636 3244 739 3303 dicitur
756 3241 895 3303 occisus?
917 3244 947 3303 Si
962 3243 1018 3304 alia
1034 3241 1207 3313 defecerint,
1220 3257 1278 3298 non

266 3328 369 3404 utique
393 3329 564 3404 spectandas
591 3346 658 3387 esse
687 3345 804 3393 causas:
831 3345 898 3386 nam
917 3344 1002 3405 quem
1026 3341 1120 3403 posse
1140 3324 1276 3401 reperiri,

267 3413 317 3487 qui
335 3429 391 3469 non
411 3421 532 3487 metuat,
552 3413 661 3486 oderit,
685 3409 816 3491 spereti,
830 3411 969 3489 plurimos
987 3418 1083 3467 tamen
1100 3408 1175 3467 baec
1197 3407 1277 3466 salva

265 3497 433 3554 innocentia
453 3497 561 3555 lacere.
600 3495 702 3575 Neque
725 3495 795 3554 illud
820 3504 865 3564 est
881 3493 1083 3567 omittendum,
1102 3509 1160 3550 non
1177 3498 1320 3552 umnes38

267 3597 373 3638 causas
391 3581 417 3637 in
434 3580 562 3639 omnibus
579 3582 712 3658 personis
727 3579 838 3638 valere.
872 3577 943 3636 Nam
958 3585 989 3636 ut
1006 3577 1094 3636 alicui
1110 3577 1147 3634 sit
1163 3574 1276 3655 iurandi

266 3681 358 3723 causa
385 3673 556 3741 paupertas,
581 3681 638 3723 nun
660 3666 714 3722 erit
738 3663 812 3722 idem
838 3664 866 3721 iu
889 3660 975 3720 Curio
998 3661 1193 3736 Fabricioque
1215 3674 1274 3715 mo-

264 3756 402 3807 mentum.

327 3852 355 3888 m.
365 3852 388 3888 r,
403 3851 514 3896 oururrn
526 3834 558 3893 Π.
1107 3825 1136 3883 ‘2
