3184 4409
678 279 686 290 .
700 279 779 290 ......
799 279 1016 302 „-...........

333 403 402 462 dice
415 417 580 460 sermonem
594 400 677 476 arcipi
692 405 783 476 utque
796 396 877 458 donc
897 398 1068 476 opinionem
1084 401 1204 476 populi
1218 398 1333 460 Βοηιαπι

330 485 438 564 facisse.
463 481 521 541 Cur
535 484 625 543 docco
640 485 735 560 potius
754 480 838 559 quam
858 482 933 543 dos?
962 480 1066 558 Neque
1082 483 1164 542 enim
1181 491 1247 544 erat
1265 501 1332 562 aspe

332 585 404 627 rum.
449 566 600 626 Rationem
618 567 744 626 fortasse
765 582 823 624 non
843 564 977 640 reddam,
998 567 1125 625 sentiam
1143 585 1217 628 esse
1234 569 1329 628 melius

334 649 392 711 Gur
406 667 464 710 non
478 651 546 710 satis
558 653 610 724 sit,
626 669 794 711 sermonem
807 650 891 728 culpi
903 650 1022 726 seduc?
1065 646 1261 730 Compositio
1275 653 1347 727 eric

333 733 504 813 patiebatur.
549 732 708 810 lgnouabo;
727 733 779 794 sed
794 741 826 792 ut
841 732 925 793 audio
937 731 1010 809 hoc,
1023 734 1143 793 animus
1160 736 1273 814 accipit
1285 734 1328 815 ple

274 829 326 883 120
335 836 399 878 num
421 821 484 878 sine
505 817 560 877 hac
574 819 768 895 geminatione
784 833 842 877 non
859 834 937 876 esse.
980 815 1027 877 Ad
1048 834 1173 879 sensum
1195 821 1287 898 igitur
1299 836 1327 879 re

333 902 454 962 ferenda
470 908 544 960 sunt.
589 901 695 980 Nequi
711 902 780 961 satis
794 901 888 977 forte,
906 899 973 979 quid
984 917 1140 978 severum,
1161 904 1236 981 quid
1252 905 1327 963 incur

333 986 398 1045 dum
410 987 464 1060 sit,
481 984 658 1062 intelligant:
678 985 785 1045 facient
800 984 914 1062 quidem
928 994 1028 1044 nature
1044 984 1121 1045 duce
1137 986 1251 1047 melius
1267 1002 1326 1067 qun
1344 1020 1346 1029 ·

332 1079 409 1137 arte;
433 1069 486 1128 sed
501 1078 618 1128 naturae
634 1070 689 1146 ipsi
706 1087 753 1127 ars
769 1069 863 1128 inerit.

275 1164 324 1217 121
416 1151 490 1212 Illud
506 1169 626 1230 prorsus
643 1153 784 1227 oratoris,
801 1148 878 1212 s'cire
893 1150 942 1211 ubi
958 1167 1075 1230 quoque
1089 1169 1211 1228 genere
1229 1169 1326 1232 conpr

330 1238 442 1296 sitionis
458 1238 496 1295 sit
509 1237 653 1296 utendum.
695 1235 738 1295 Ea
753 1236 863 1315 duplex
877 1234 1061 1295 observatio:
1083 1234 1201 1314 altera,
1220 1232 1325 1317 quaed

333 1321 424 1400 pedes
439 1319 580 1388 refertur:
602 1321 710 1397 altera,
727 1337 801 1399 quae
818 1320 853 1381 ad
873 1318 1170 1399 comprehensiones,
1188 1338 1270 1400 quae
1285 1320 1325 1381 eo

332 1408 443 1465 ciuntur
459 1422 496 1463 ex
512 1403 645 1482 pedibus.

276 1499 325 1552 122
416 1488 462 1548 Ac
484 1487 520 1547 de
541 1487 585 1547 his
606 1488 696 1566 prius.
732 1485 863 1547 Diximus
880 1489 967 1564 igitur
983 1486 1179 1565 munim,
1205 1489 1325 1563 member.

334 1574 479 1634 circuitus.
517 1571 554 1631 lu
564 1590 580 1631 c
591 1574 681 1631 lsum
703 1572 855 1650 (quantum
869 1589 934 1631 mea
948 1570 1006 1631 lert
1019 1566 1138 1651 opinio)
1163 1575 1222 1633 erit
1242 1588 1326 1635 senso

333 1674 390 1716 non
406 1656 524 1734 expleto
536 1673 655 1715 numero
668 1655 842 1730 conclusus,
861 1656 1010 1734 plerisque
1022 1672 1089 1734 pars
1100 1656 1241 1717 membri.
1275 1655 1326 1723 tut

334 1750 379 1800 est
394 1743 486 1815 enim,
509 1757 565 1818 quo
581 1738 686 1800 Cicero
708 1741 809 1799 utitur:
831 1736 947 1801 Domus
966 1740 1020 1801 tibi
1039 1740 1175 1801 deerat?
1196 1749 1233 1803 ot
1254 1742 1327 1804 tute

332 1827 398 1889 doe.
442 1823 578 1886 Pecunia
596 1825 785 1902 superabat?
812 1832 845 1885 ct
864 1824 985 1903 epodos.
1028 1821 1112 1883 Fiunt
1133 1832 1238 1885 autem
1262 1828 1327 1887 ein

332 1909 452 1986 singulis
468 1907 566 1969 verbis
581 1909 686 1968 incisa:
710 1906 871 1983 Dicimus,
887 1916 978 1969 testea
993 1907 1072 1969 dore
1090 1909 1258 1980 colunum·
1276 1908 1326 1970 ind

275 2004 326 2058 123
335 2013 396 2052 sum
417 2003 461 2052 est
486 1995 628 2055 dicimus.
679 1990 869 2051 Membrum
893 2001 987 2052 autem
1013 2000 1058 2051 est
1083 2008 1192 2052 sensus
1219 1992 1327 2055 numeri

335 2077 489 2137 conclusus
511 2077 563 2136 sed
589 2095 605 2136 a
628 2085 689 2135 toto
711 2091 837 2154 corpore
853 2074 990 2154 abruptus
1013 2083 1042 2134 el
1057 2093 1111 2153 per
1135 2094 1171 2135 se
1186 2078 1262 2139 nihil
1283 2075 1327 2137 eo

334 2165 424 2222 ciens.
470 2159 496 2221 0
516 2163 645 2222 callidos
660 2161 811 2235 domines,
830 2159 993 2238 perlectum
1007 2168 1070 2234 est,
1094 2159 1150 2219 sed
1166 2171 1328 2223 remotunr

334 2247 440 2305 ceteris
455 2246 512 2303 vim
528 2263 584 2304 non
600 2244 704 2321 habet,
729 2253 759 2303 ut
780 2262 834 2322 per
852 2260 998 2303 semanno
1014 2253 1043 2303 et
1058 2260 1112 2320 pes
1136 2253 1168 2303 et
1184 2255 1291 2325 caput;
1310 2248 1329 2303 el

336 2327 361 2389 0
374 2348 439 2388 rem
453 2332 665 2407 excopitatom.
707 2327 827 2402 Quando
840 2344 912 2404 ergo
928 2328 1027 2406 incipit
1042 2344 1152 2405 corpus
1169 2326 1267 2389 esse?
1282 2342 1330 2389 cm

333 2414 411 2470 venit
433 2421 560 2473 extrema
583 2413 750 2473 conclusio:
781 2410 892 2487 Quem
911 2429 1040 2489 pumen,
1063 2419 1206 2472 nostram
1225 2413 1330 2493 fefelli,

333 2498 367 2556 id
382 2514 436 2556 coe
449 2499 493 2556 ito
509 2515 576 2557 ease
594 2498 756 2575 facturos?
799 2494 890 2569 Quum
906 2494 1011 2556 Cicero
1028 2495 1237 2571 breuissimum
1254 2502 1330 2576 putat

333 2579 434 2657 ltaque
449 2579 512 2638 lere
529 2582 619 2639 incisa
637 2590 666 2640 et
681 2578 809 2640 membra
822 2580 909 2639 mixta
925 2588 990 2640 sunt
1005 2588 1034 2639 et
1049 2577 1277 2641 conclusionem
1290 2579 1331 2641 rt'·

276 2677 329 2732 124
337 2682 393 2743 que
409 2662 584 2723 desiderant.
627 2663 785 2725 Perlodo
802 2661 923 2742 plurima
939 2665 1052 2723 nomina
1067 2662 1114 2723 dat
1131 2660 1263 2741 Cicero,
1279 2681 1332 2745 our

334 2750 444 2824 bitum,
468 2750 651 2824 circuitam,·
661 2747 971 2825 comprehensionem,
988 2748 1266 2824 comessationem,
1281 2750 1333 2809 etr·

335 2834 610 2910 cumscriptionem.
654 2831 767 2892 Genera
788 2832 851 2891 eius
871 2832 929 2891 duo
954 2840 1033 2892 sunt:
1060 2830 1185 2890 alterum
1202 2832 1332 2912 simplex,

336 2935 400 2976 curn
425 2936 528 2976 sensus
552 2935 624 2975 unus
649 2916 783 2993 longiore
805 2914 911 2976 ambitu
939 2914 1177 2983 circumducitur;
1207 2916 1332 2987 atteror,

336 3002 414 3078 quod
430 3010 542 3061 constet
557 2998 691 3060 membris
707 3010 736 3059 et
751 3001 864 3074 incisis,
887 3016 961 3078 quae
981 2999 1079 3079 plures
1095 3017 1202 3058 sensus
1219 3000 1332 3061 hebent:

277 3082 454 3146 resederat
467 3087 579 3147 ianitor
591 3087 730 3146 corcem'e
744 3092 772 3144 et
786 3084 929 3162 comifeo
942 3083 1113 3162 praetoris,
1129 3082 1260 3161 reliqna.
1288 3081 1333 3145 tt·-

336 3164 386 3226 bet
402 3170 539 3245 periodus
555 3168 682 3228 membra
697 3169 838 3227 minimum
857 3167 924 3227 duo.
957 3166 1068 3227 lledius
1084 3184 1223 3226 numerus
1244 3168 1332 3229 vider·

336 3257 382 3309 tur
402 3262 552 3329 quattuor,
577 3252 629 3312 sed
653 3253 757 3330 recipit
777 3251 946 3327 frequenter
963 3260 993 3311 et
1015 3246 1107 3329 plura]
1148 3249 1257 3311 llodus
1279 3252 1333 3312 eit

337 3331 480 3395 Cicerone
503 3345 550 3396 aut
575 3346 708 3415 quattuor
732 3333 853 3394 senariis
875 3333 1007 3395 versibus
1033 3343 1081 3394 aut
1107 3334 1200 3413 ipsius
1223 3337 1333 3415 spiritus

336 3416 422 3476 modo
440 3421 604 3479 terminatus
622 3428 772 3497 praestare
793 3418 897 3493 dehet,
919 3427 950 3478 ut
972 3436 1087 3478 sensum
1105 3418 1280 3488 concludut;
1302 3416 1335 3476 sit

337 3511 454 3580 aperta,
476 3508 506 3562 ut
526 3503 648 3580 intelligi
665 3505 775 3582 possit,
796 3519 855 3589 non
869 3501 1035 3578 immodica,
1058 3510 1089 3561 ut
1112 3504 1255 3565 memoria
1273 3517 1333 3565 cor·
