3184 4409
281 467 290 478 ’
336 495 404 557 102,
651 509 777 558 unna
790 502 1009 570 omnummrn

333 663 415 737 dam,
445 663 530 759 eique
556 663 651 722 locum
675 666 704 723 in
733 665 828 726 ethice
854 666 1034 746 aeqoiialem
1060 667 1207 743 assignant
1232 665 1261 726 id
1284 675 1331 726 est

332 768 541 826 πραγματικον.

307 839 325 892 4
417 829 481 906 Ego
498 831 608 909 (neque
625 832 653 892 id
668 833 731 892 sine
748 832 931 912 auctoribus)
947 835 1129 893 materiam
1147 851 1216 892 esse
1231 833 1328 900 rhetoss

333 917 408 973 rices
424 915 519 973 iudico
536 933 658 974 omnes
679 934 740 975 res
763 935 999 995 quaecunque
1022 918 1054 976 ei
1076 918 1116 977 ad
1139 918 1330 978 dicendum
1350 932 1352 935 ·

333 998 523 1057 subiectae
544 1001 626 1059 sint.
655 997 727 1059 Nam
740 1000 878 1060 Socrates
894 1001 968 1078 apud
982 1000 1130 1062 Platonem
1145 1001 1244 1060 dicere
1256 1000 1328 1061 (lor-

333 1084 398 1158 giae
413 1083 542 1158 videtur,
564 1101 622 1142 uon
636 1083 665 1141 in
679 1084 776 1143 verbis
793 1103 861 1144 esse
882 1085 1029 1143 materiam
1045 1086 1098 1144 sed
1113 1086 1140 1151 in
1155 1083 1263 1144 rebus'
1291 1083 1329 1144 Et

332 1169 360 1224 in
376 1166 506 1225 Phaedro
523 1167 632 1244 palam,
655 1184 711 1226 non
732 1170 761 1227 in
781 1169 893 1228 iudiciis
913 1168 998 1228 modo
1020 1177 1049 1226 et
1072 1168 1254 1228 contionibus
1275 1169 1329 1228 sed

332 1252 364 1308 iu,
382 1250 468 1308 rebus
490 1254 574 1310 etiam
595 1253 713 1330 privatis
737 1270 772 1311 ac
799 1253 964 1312 domesticis
985 1239 1151 1311 rhetoricen
1172 1269 1255 1326 esse,
1278 1252 1328 1312 de·

331 1343 479 1393 monstrat.
506 1334 570 1408 Quo
584 1335 763 1395 manifestum
778 1345 824 1395 est
838 1336 911 1395 hauc
922 1337 1085 1414 opinionem
1098 1338 1188 1414 ipsius
1201 1335 1328 1395 Platonis

305 1417 433 1478 aluisse.
473 1417 510 1476 Et
531 1417 635 1478 Cicero
658 1420 781 1496 quodam
802 1420 869 1480 loco
891 1421 1038 1479 materiam
1059 1420 1221 1480 rhetorices
1241 1429 1329 1479 vocat

331 1520 397 1576 res,
421 1519 495 1580 quae
516 1502 664 1563 subiectae
686 1504 742 1562 sint
763 1505 807 1578 ei,
830 1505 882 1563 sed
904 1513 1000 1563 certas
1022 1503 1133 1563 demum
1156 1511 1236 1582 putat
1259 1521 1328 1563 esse

332 1585 488 1644 subiectas.
523 1585 589 1645 Alio
604 1604 677 1645 vero
694 1587 729 1646 de
745 1587 874 1647 omnihus
888 1587 976 1647 rebus
993 1589 1101 1647 oratori
1116 1587 1267 1647 dicendum
1282 1607 1327 1646 ar·

332 1669 452 1728 hitratur
467 1668 510 1728 his
529 1671 642 1747 quidem
656 1670 768 1741 uerbis:
793 1669 976 1749 Quanquam
993 1674 1041 1733 ais
1055 1672 1187 1733 oratoris
1203 1672 1327 1749 profes·

331 1756 436 1830 stoque
449 1756 519 1831 ipsa
538 1755 613 1815 deae
628 1755 752 1816 diceum'
769 1756 826 1817 hoc
840 1757 999 1834 suscipere
1013 1773 1053 1817 ae
1064 1756 1205 1834 polliceri
1218 1755 1327 1816 uidea-

333 1846 398 1915 tur,
420 1845 453 1898 ut
472 1840 553 1898 omui
567 1841 606 1899 de
624 1858 676 1914 re,
700 1846 900 1917 quaecuuque
914 1841 955 1899 sit
969 1841 1141 1918 proposita,
1164 1847 1273 1900 ornate
1285 1841 1326 1900 ah

308 1929 367 1984 deo
382 1923 561 2000 copioseque
575 1924 707 1983 dicatur.
737 1923 837 2002 >Atque
853 1924 945 1983 adhuc
960 1923 1045 1984 alibi:
1069 1921 1148 1984 Vero
1161 1923 1239 1984 euim
1252 1941 1327 1983 ora-

333 2007 407 2080 tori,
436 2022 517 2083 quae
539 2016 610 2068 suat
629 2008 662 2068 t'u
684 2008 834 2090 homiuum
858 2009 937 2084 vita,
967 2008 1212 2084 quandoquidem
1234 2007 1268 2066 iu
1290 2025 1328 2068 ea

332 2099 477 2151 versatur
490 2099 595 2152 arator
611 2098 703 2169 atque
723 2110 761 2154 ea
776 2100 821 2155 est
842 2093 871 2152 ei
889 2092 1029 2152 subiecta
1049 2093 1208 2166 materies,
1225 2091 1329 2151 orauia

332 2177 489 2252 quaesita,
507 2177 633 2252 audita,
649 2177 746 2254 lecta,
763 2176 935 2256 disputata,
956 2183 1108 2252 tractata,
1128 2176 1246 2254 aqitata
1261 2191 1328 2234 esse

332 2260 449 2320 dederat.

307 2348 323 2404 t
415 2342 495 2401 llanc
511 2351 621 2418 autem,
643 2362 726 2422 quam
746 2360 800 2404 nos
821 2347 967 2404 materiam
989 2359 1143 2417 vocamus,
1162 2339 1191 2400 id
1212 2349 1259 2400 est
1278 2359 1327 2400 res

332 2426 496 2500 subiectas,
520 2425 632 2503 quidam
645 2428 730 2487 modo
747 2429 882 2487 infinitam
895 2427 981 2487 modo
995 2442 1052 2485 non
1067 2427 1212 2505 propriam
1227 2425 1327 2484 rheto-

332 2512 410 2568 rices
433 2527 500 2568 esse
515 2509 663 2586 dixerunt,
688 2529 808 2588 eamque
823 2520 913 2571 artem
934 2512 1223 2573 ‘circumcurrentem
1238 2525 1326 2568 voca-

307 2601 449 2667 8verunt,
480 2593 556 2670 quod
580 2595 607 2652 in
632 2596 707 2653 omni
728 2597 846 2654 materia
870 2595 990 2654 diceret.
1040 2591 1110 2652 Cum
1132 2591 1235 2670 quibus
1260 2593 1328 2651 mihi

332 2679 444 2736 minima
461 2694 556 2754 pugna
575 2687 628 2737 est.
665 2677 736 2738 Nam
757 2679 793 2738 de
813 2680 888 2737 omni
902 2679 1020 2752 materia
1040 2677 1139 2736 dicere
1158 2693 1221 2734 eam
1235 2675 1327 2735 lateu-

332 2771 392 2829 tur;
421 2762 567 2839 propriam
592 2760 701 2822 habere
727 2764 889 2838 materiam,
913 2765 978 2840 quia
1000 2761 1188 2839 multiplicem
1210 2758 1327 2835 habeat,

333 2854 449 2921 negant.
488 2844 546 2904 Sed
572 2863 666 2923 neque
692 2847 799 2906 infinita
820 2856 880 2921 est,
908 2848 1018 2906 etiamsi
1041 2854 1086 2903 est
1108 2843 1273 2922 multiplex:
1299 2852 1329 2903 et

333 2930 408 2988 aliae
434 2946 550 3007 quoque
574 2939 651 2988 artes
679 2933 805 2990 minores
830 2930 938 2990 habent
961 2928 1147 3008 multiplicem
1167 2929 1326 3002 materiam,

333 3012 412 3072 velut
428 3010 669 3090 architectonice,
687 3033 809 3093 namque
822 3034 856 3075 ea
871 3017 898 3073 in
915 3013 1061 3088 omnibus,
1078 3030 1152 3090 quae
1168 3020 1233 3071 suut
1247 3011 1327 3070 aedi·

334 3097 400 3156 licio
416 3098 510 3173 utilia,
527 3108 675 3174 versatur,
693 3108 721 3158 et
737 3100 893 3174 caelatura,
911 3114 985 3176 quae
1000 3114 1080 3172 auro,
1098 3104 1229 3172 urgento,
1246 3113 1327 3170 aere,

309 3181 414 3246 diemo
441 3199 530 3261 opera
555 3183 653 3242 elficit.
704 3182 775 3242 Nam
801 3183 949 3260 sculptura
978 3183 1062 3240 etiam
1088 3180 1213 3257 lignum,
1244 3179 1328 3255 ebur,

334 3283 472 3341 marmor,
494 3267 610 3342 vitrum,
630 3285 775 3343 gemmas,
793 3276 1037 3346 praetereaquae
1056 3264 1231 3342 supradixi,
1251 3281 1328 3323 oom-

295 3348 479 3427 loplectitur.
516 3349 619 3429 Neque
640 3353 770 3430 protinus
785 3370 842 3410 nou
862 3359 907 3410 est
926 3351 1044 3409 materia
1060 3348 1239 3422 rhetorices,
1261 3348 1330 3406 siin

336 3433 436 3492 eadem
450 3442 582 3509 versatur
597 3435 729 3504 stulius.
766 3435 837 3495 Nam
852 3436 876 3493 si
896 3451 1047 3511 quaeram,
1070 3450 1143 3511 quae
1159 3432 1195 3489 sit
1209 3432 1329 3491 materia

336 3519 481 3591 statuarii,
506 3518 617 3578 dicetur
631 3538 708 3587 aes,·
735 3521 759 3577 si
784 3536 936 3597 quaeram,
958 3535 1032 3595 quae
1052 3518 1089 3575 sit
1109 3517 1277 3589 excusaris,
1301 3513 1329 3573 id

337 3610 382 3661 est
401 3601 529 3661 fabricae
550 3604 611 3660 eius
634 3621 716 3679 quam
732 3602 834 3662 Graeci
849 3593 1041 3681 quitaverulpr
1060 3608 1180 3674 vocant,
1199 3598 1330 3658 similiter

336 3706 392 3747 aes
407 3686 691 3763 esserespondeant.
719 3687 806 3764 Atqui
821 3687 971 3764 plurimum
985 3686 1086 3743 statuis
1102 3684 1235 3743 differunt
1249 3700 1329 3742 vasa.

286 3769 553 3829 JJNecmedicina
574 3769 642 3830 ideo
660 3787 717 3829 non
739 3772 793 3831 erit
815 3788 876 3857 ara,
898 3770 964 3847 quia
985 3769 1082 3827 unctio
1105 3777 1134 3827 et
1159 3767 1330 3827 exercitatio
