3184 4409
531 498 619 548 ruso.
634 498 968 567 oonroo.n1u.v1‚o.
1038 545 1040 549 .
1135 521 1140 529 ·
1190 487 1252 550 259
1324 522 1342 571 ῃ

339 653 415 715 Nam
430 661 462 713 et
475 670 530 732 per
544 661 647 730 totam,
671 663 702 713 ut
717 654 856 730 diximus,
884 672 998 714 oausam
1020 655 1103 714 loeus
1126 665 1171 716 est
1197 658 1252 718 ai-

263 737 446 813 iactibus,
463 745 491 796 et
508 740 607 795 eorum
622 755 679 797 noo
697 739 820 816 simplex
834 747 933 798 natura
948 757 1004 797 neo
1019 739 1047 797 iu
1062 743 1180 800 transitu
1196 751 1252 801 tra·

263 821 373 897 otauda,
389 838 447 899 quo
459 820 528 879 nihil
546 821 650 881 afferre
666 823 754 881 maius
765 825 810 880 vis
826 823 925 881 orandi
937 830 1045 900 potest.
1070 823 1142 882 Nam
1155 835 1281 891 ceteras

263 905 381 964 forsitan
397 905 491 962 tenuis
507 922 624 982 quoque
641 915 671 964 et
684 915 804 982 angusta
821 907 928 982 ingenii
944 924 1035 981 vena,
1058 908 1082 965 si
1102 909 1187 968 modo
1204 909 1253 968 vel

264 988 390 1048 docmina
410 986 460 1046 rel
481 1005 534 1046 usu
552 990 589 1047 sit
604 987 713 1064 adiuta,
733 1007 878 1065 generare
899 999 985 1066 atque
1010 990 1045 1048 ad
1065 990 1178 1066 frugem
1201 992 1253 1051 aii·

264 1090 343 1150 qoam
364 1070 531 1149 perducere
553 1081 653 1148 queat;
676 1081 757 1132 certe
779 1082 844 1132 sunt
866 1086 1040 1151 semperque
1060 1074 1174 1133 fuerunt
1195 1092 1254 1134 nou

263 1172 359 1232 parum
378 1155 476 1229 multi,
506 1156 554 1231 qui
579 1157 649 1214 satis
678 1158 789 1234 perite,
819 1175 893 1235 quae
916 1165 1014 1215 esseut
1035 1157 1252 1234 probationibus

262 1239 349 1314 utilia,
365 1239 539 1316 reperirent.
576 1238 657 1312 Quos
680 1240 885 1318 equidem'uoo
901 1249 1070 1314 contemno,
1086 1240 1138 1300 sed
1154 1241 1251 1300 haete-

262 1340 310 1380 uos
325 1321 414 1380 utiles
436 1322 542 1397 oredo,
564 1340 601 1381 ne
622 1322 689 1402 quid
712 1341 765 1400 per
783 1340 835 1382 eos
850 1324 936 1383 iudici
952 1326 988 1382 sit
1005 1326 1149 1400 ignotum,
1164 1334 1252 1402 atque

264 1405 306 1482 (ut
321 1405 426 1481 dicam,
443 1406 521 1483 quod
540 1407 650 1486 sentio)
667 1406 785 1483 dignos,
803 1406 937 1484 aquibus
956 1426 1070 1466 eausam
1085 1409 1183 1467 diserti
1201 1408 1251 1466 do·

263 1497 409 1556 terentum
432 1489 481 1566 qui
500 1506 573 1547 vero
596 1490 719 1549 iudicem
739 1508 843 1568 rapere
861 1498 905 1566 et,
927 1492 956 1549 iu
972 1509 1055 1568 quem
1067 1492 1159 1551 vellet
1172 1491 1251 1550 babi-

263 1581 316 1630 tum
331 1572 424 1647 animi,
439 1581 543 1650 posset
556 1573 728 1651 perducere,
744 1591 802 1651 quo
820 1575 897 1633 dioto
915 1575 1056 1650 tiendum,
1072 1575 1251 1634 irascendum

263 1664 355 1732 esset,
373 1672 456 1714 rams
474 1655 536 1714 fuit.
565 1655 653 1734 dupui
669 1657 726 1716 hoo
740 1668 794 1733 est,
812 1659 889 1735 quod
905 1659 1064 1717 dominetur
1078 1661 1106 1717 in
1127 1658 1280 1734 iudiciis,4

261 1737 332 1799 baeo
348 1739 548 1816 veloquentiam
568 1750 681 1817 regunt.
730 1740 860 1818 Namque
890 1750 1054 1818 argumenta
1082 1742 1251 1820 plerumque

261 1832 414 1882 naseuntur
427 1841 466 1881 ex
482 1840 578 1898 eausa,
595 1833 625 1882 et
639 1842 693 1902 pro
709 1827 830 1884 meliore
846 1834 927 1903 parte
945 1825 1027 1903 pluro
1044 1835 1109 1885 sunt
1124 1844 1249 1904 semper,

261 1915 308 1981 ut,
330 1907 378 1984 qui
392 1923 447 1984 per
463 1905 536 1966 bueo
555 1908 640 1983 vicit,
663 1917 769 1967 tautum
790 1926 847 1967 uon
868 1909 995 1968 defuisse
1012 1908 1067 1968 sibi
1081 1909 1250 1968 advocatum

259 1991 342 2049 soiat.
371 1989 426 2049 Ubi
441 2007 513 2049 vero
529 1993 627 2049 animis
642 1992 765 2050 iudicum
779 1993 824 2050 vis
845 1993 989 2052 atterenda
1009 2001 1069 2069 est,
1093 2002 1121 2052 et
1136 1993 1171 2051 ab
1187 1995 1278 2070 ipsa5

258 2075 321 2133 veri
341 2073 583 2151 oontemplatioue
599 2073 766 2134 abducenda
780 2093 875 2135 meos:
900 2076 939 2134 ibi
959 2078 1105 2153 proprium
1126 2077 1250 2135 oratoris

260 2174 332 2236 opus
347 2166 404 2217 est.
433 2156 495 2216 Hoc
509 2175 566 2217 nou
585 2158 672 2217 docet
688 2155 832 2234 litigator,
853 2159 910 2218 boo
927 2158 1034 2229 libellis
1049 2176 1106 2218 nou
1123 2161 1250 2218 eontine-

259 2250 313 2300 tur.
344 2239 533 2300 Probationes
545 2244 622 2300 euim
638 2241 764 2302 efficiant
777 2260 863 2318 saue,
879 2251 908 2301 ut
925 2260 1038 2302 oausam
1051 2251 1177 2302 nostram
1191 2260 1249 2301 me·

259 2325 361 2384 iiorem
382 2342 449 2383 esse
469 2325 578 2384 iudices
593 2334 709 2403 putent,
730 2325 851 2384 atieetus
868 2335 1030 2404 praestant,
1055 2336 1086 2386 ut
1102 2329 1185 2386 etiam
1199 2342 1249 2386 ve·

258 2408 324 2476 liot;
341 2407 395 2467 sed
406 2408 450 2484 id,
469 2409 545 2485 quod
559 2409 674 2482 volunt,
692 2409 812 2468 credunt
831 2427 956 2487 quoque.
990 2410 1061 2469 Nam
1075 2429 1138 2470 eum
1152 2411 1277 2484 irascit

257 2491 370 2566 farere,
388 2490 497 2567 odisse,
512 2493 643 2551 misereri
660 2503 834 2571 coeperunt:
850 2495 897 2570 agi
911 2496 966 2552 iam
980 2513 1041 2553 rem
1056 2512 1135 2553 suam
1151 2495 1248 2553 existi·

257 2583 350 2642 mant;
367 2582 412 2649 et,
428 2576 502 2634 siout
521 2585 647 2635 amantes
663 2576 699 2636 de
713 2576 804 2636 forma
819 2577 945 2636 iudicare
962 2595 1019 2636 uon
1036 2587 1167 2655 possunt,
1184 2579 1248 2655 quia

257 2676 375 2716 sensum
387 2658 535 2717 oculorum
549 2661 691 2737 praecipit
707 2662 830 2720 animus:
843 2662 882 2719 ita
893 2678 1005 2719 omnem
1015 2663 1144 2720 veritatis
1158 2662 1248 2738 iuqui-

257 2741 365 2801 reudae
389 2743 528 2801 rationem
550 2743 636 2802 iudex
664 2745 764 2802 omittit
791 2753 948 2822 oooupatus
971 2744 1135 2813 affectibus;
1166 2753 1247 2804 aestu
1275 2756 1277 2759 ·

256 2824 349 2883 fertur
363 2833 393 2884 et
408 2825 488 2884 velut
503 2826 604 2904 rapido
623 2827 728 2885 flumini
755 2826 932 2905 obsequitur.
966 2827 1009 2888 lta
1029 2838 1195 2905 argumento
1212 2831 1274 2887 aot
1325 2856 1333 2882 t

256 2917 350 2967 testes
372 2909 439 2986 quid
458 2910 586 2985 egerint,
607 2912 799 2988 pronuntiatio
815 2911 952 2978 ostendit;
976 2920 1134 2970 commotus
1155 2921 1248 2970 autem

255 2990 294 3050 ab
316 3000 434 3050 oratore
449 2992 551 3068 iudex,
574 2993 642 3071 quid
657 2996 777 3069 sentiat,
799 2995 904 3053 sedens
920 2995 1012 3053 adhue
1029 3004 1115 3072 atque
1131 2994 1248 3054 audiens

255 3074 421 3134 confltetur.
455 3074 517 3150 Au,
542 3095 605 3135 oum
620 3077 684 3151 ille,
705 3079 752 3155 qui
767 3077 915 3155 plerisque
930 3078 1161 3155 perorationibus
1174 3079 1247 3155 peti·

255 3167 322 3233 tur,
337 3157 422 3218 fletus
441 3161 577 3236 erumpit,
592 3153 649 3218 nou
665 3160 758 3237 palam
773 3161 848 3220 dioto
862 3162 1002 3220 sententia
1024 3159 1088 3220 est?
1117 3160 1178 3242 idue
1195 3162 1246 3237 igi·

255 3252 303 3301 tur
318 3241 462 3301 iuoumbat
477 3252 590 3319 orator,
613 3243 670 3302 boo
685 3261 758 3321 opus
776 3246 855 3320 eius,
873 3244 920 3303 bio
935 3245 1017 3304 labor
1034 3253 1095 3317 est,
1112 3246 1174 3302 siue
1190 3261 1246 3321 quo

255 3334 357 3384 oetora
377 3326 462 3400 nudo,
478 3327 584 3403 ieiuno,
599 3327 718 3402 infirmo,
733 3329 845 3403 ingrata
863 3331 933 3396 sint;
950 3328 1023 3387 adeo
1037 3327 1117 3386 uelut
1130 3330 1246 3406 spiritns

255 3410 356 3487 operis
370 3409 454 3468 huius
470 3419 557 3487 atque
569 3412 675 3470 animus
693 3420 738 3470 est
757 3412 784 3469 in
800 3411 960 3471 affectibus.

339 3492 447 3552 Horum
461 3503 566 3569 autem,
583 3495 657 3553 siout
672 3496 824 3571 antiquitus
839 3496 969 3555 traditum
980 3495 1154 3573 aooepimus,
1172 3493 1273 3556 duaett

256 3584 323 3636 sunt
346 3578 479 3655 species:
503 3577 622 3636 alteram
640 3575 743 3638 Graeoi
756 3571 855 3650 πάθος
867 3588 989 3655 vooaut,
1013 3579 1089 3656 quod
1107 3594 1160 3637 nos
1180 3597 1245 3638 ver-

256 3669 351 3720 tentes
367 3669 450 3720 reote
463 3678 498 3719 ao
512 3663 630 3739 proprie
644 3661 787 3743 affectum
801 3662 934 3737 dicimos,
951 3663 1069 3722 alteram
1084 3648 1177 3738 ἦθος,
1198 3679 1245 3720 ou-

256 3745 300 3803 ius
321 3745 452 3821 uomine,
472 3753 504 3804 ut
525 3760 581 3820 ego
601 3745 715 3820 quidem
736 3747 849 3813 sentio.
870 3755 950 3806 earet
972 3743 1246 3890 serrpppiomauum
