<?xml version="1.0" encoding="UTF-8"?>
<!DOCTYPE html PUBLIC "-//W3C//DTD XHTML 1.0 Transitional//EN"
    "http://www.w3.org/TR/xhtml1/DTD/xhtml1-transitional.dtd">
<html xmlns="http://www.w3.org/1999/xhtml" xml:lang="en" lang="en">
 <head>
  <title>
</title>
<meta http-equiv="Content-Type" content="text/html;charset=utf-8" />
  <meta name='ocr-system' content='tesseract 3.04.00' />
  <meta name='ocr-capabilities' content='ocr_page ocr_carea ocr_par ocr_line ocrx_word'/>
</head>
<body>
  <div class='ocr_page' id='page_1' title='image "./mfabiiquintilia02quingoog_0371.png"; bbox 0 0 3184 4409; ppageno 0'>
   <div class='ocr_carea' id='block_1_1' title="bbox 458 445 1263 523">
    <p class='ocr_par' dir='ltr' id='par_1_1' title="bbox 458 445 1263 523">
     <span class='ocr_line' id='line_1_1' title="bbox 458 445 1263 523; baseline 0.006 -19"><span class='ocrx_word' id='word_1_1' title='bbox 458 473 460 477; x_wconf 95' lang='lat'>·</span> <span class='ocrx_word' id='word_1_2' title='bbox 531 454 620 504; x_wconf 77' lang='lat' dir='ltr'><strong>ausu.</strong></span> <span class='ocrx_word' id='word_1_3' title='bbox 637 455 785 506; x_wconf 79' lang='lat' dir='ltr'><strong>oannoa.</strong></span> <span class='ocrx_word' id='word_1_4' title='bbox 801 453 989 523; x_wconf 80' lang='lat' dir='ltr'><strong>ure.v11,9.</strong></span> <span class='ocrx_word' id='word_1_5' title='bbox 1217 445 1263 509; x_wconf 81' lang='grc'><strong>39,</strong></span> 
     </span>
    </p>
   </div>
   <div class='ocr_carea' id='block_1_2' title="bbox 264 610 1306 3793">
    <p class='ocr_par' dir='ltr' id='par_1_2' title="bbox 264 610 1259 942">
     <span class='ocr_line' id='line_1_2' title="bbox 264 610 1258 692; baseline -0.004 -17"><span class='ocrx_word' id='word_1_6' title='bbox 264 611 490 692; x_wconf 75' lang='lat' dir='ltr'><strong>paidomt&#39;ueea‘t</strong></span> <span class='ocrx_word' id='word_1_7' title='bbox 499 612 713 691; x_wconf 75' lang='lat' dir='ltr'><strong>pentateucum</strong></span> <span class='ocrx_word' id='word_1_8' title='bbox 724 628 853 673; x_wconf 82' lang='lat' dir='ltr'><strong>auream</strong></span> <span class='ocrx_word' id='word_1_9' title='bbox 864 610 983 672; x_wconf 80' lang='lat' dir='ltr'><strong>boetem</strong></span> <span class='ocrx_word' id='word_1_10' title='bbox 993 617 1148 673; x_wconf 84' lang='lat' dir='ltr'><strong>tenentem.</strong></span> <span class='ocrx_word' id='word_1_11' title='bbox 1165 611 1258 686; x_wconf 83' lang='lat' dir='ltr'><strong>Quae-</strong></span> 
     </span>
     <span class='ocr_line' id='line_1_3' title="bbox 264 693 1259 775; baseline 0.002 -20"><span class='ocrx_word' id='word_1_12' title='bbox 264 700 350 772; x_wconf 86' lang='lat' dir='ltr'><strong>ritur,</strong></span> <span class='ocrx_word' id='word_1_13' title='bbox 372 704 464 756; x_wconf 86' lang='lat' dir='ltr'><strong>statua</strong></span> <span class='ocrx_word' id='word_1_14' title='bbox 479 695 588 756; x_wconf 82' lang='lat' dir='ltr'>hastam</span> <span class='ocrx_word' id='word_1_15' title='bbox 603 704 704 754; x_wconf 90' lang='lat' dir='ltr'><strong>tenens</strong></span> <span class='ocrx_word' id='word_1_16' title='bbox 721 712 808 754; x_wconf 88' lang='lat' dir='ltr'><strong>aurea</strong></span> <span class='ocrx_word' id='word_1_17' title='bbox 826 712 892 753; x_wconf 91' lang='lat' dir='ltr'><strong>esse</strong></span> <span class='ocrx_word' id='word_1_18' title='bbox 908 693 1027 769; x_wconf 82' lang='lat' dir='ltr'><strong>debeat,</strong></span> <span class='ocrx_word' id='word_1_19' title='bbox 1049 714 1083 753; x_wconf 93' lang='lat' dir='ltr'><strong>an</strong></span> <span class='ocrx_word' id='word_1_20' title='bbox 1096 696 1176 756; x_wconf 90' lang='lat' dir='ltr'><strong>hasta</strong></span> <span class='ocrx_word' id='word_1_21' title='bbox 1192 716 1259 775; x_wconf 79' lang='lat' dir='ltr'><strong>esse</strong></span> 
     </span>
     <span class='ocr_line' id='line_1_4' title="bbox 266 776 1258 858; baseline -0.001 -17"><span class='ocrx_word' id='word_1_22' title='bbox 266 797 351 841; x_wconf 89' lang='lat' dir='ltr'><strong>aurea</strong></span> <span class='ocrx_word' id='word_1_23' title='bbox 366 781 396 839; x_wconf 92' lang='lat' dir='ltr'><strong>in</strong></span> <span class='ocrx_word' id='word_1_24' title='bbox 407 789 499 840; x_wconf 87' lang='lat' dir='ltr'><strong>statua</strong></span> <span class='ocrx_word' id='word_1_25' title='bbox 515 780 632 839; x_wconf 88' lang='lat' dir='ltr'><strong>alterius</strong></span> <span class='ocrx_word' id='word_1_26' title='bbox 648 776 808 838; x_wconf 86' lang='lat' dir='ltr'><strong>materiae?</strong></span> <span class='ocrx_word' id='word_1_27' title='bbox 823 777 869 837; x_wconf 86' lang='lat' dir='ltr'><strong>Fit</strong></span> <span class='ocrx_word' id='word_1_28' title='bbox 883 795 936 856; x_wconf 89' lang='lat' dir='ltr'><strong>per</strong></span> <span class='ocrx_word' id='word_1_29' title='bbox 948 777 1053 837; x_wconf 87' lang='lat' dir='ltr'><strong>flexum</strong></span> <span class='ocrx_word' id='word_1_30' title='bbox 1065 780 1139 838; x_wconf 91' lang='lat' dir='ltr'><strong>idem</strong></span> <span class='ocrx_word' id='word_1_31' title='bbox 1151 784 1258 858; x_wconf 82' lang='lat' dir='ltr'><strong>magis:</strong></span> 
     </span>
     <span class='ocr_line' id='line_1_5' title="bbox 308 861 1216 942; baseline 0.003 -19"><span class='ocrx_word' id='word_1_32' title='bbox 308 862 537 942; x_wconf 77' lang='lat' dir='ltr'><strong>Quinqaapa‘nte</strong></span> <span class='ocrx_word' id='word_1_33' title='bbox 551 865 605 926; x_wconf 82' lang='lat' dir='ltr'><strong>ubi</strong></span> <span class='ocrx_word' id='word_1_34' title='bbox 623 871 713 924; x_wconf 76' lang='lat' dir='ltr'><strong>erum</strong></span> <span class='ocrx_word' id='word_1_35' title='bbox 728 863 933 923; x_wconf 73' lang='lat' dir='ltr'><strong>contaminate</strong></span> <span class='ocrx_word' id='word_1_36' title='bbox 948 863 1061 923; x_wconf 79' lang='lat' dir='ltr'><strong>oceidit</strong></span> <span class='ocrx_word' id='word_1_37' title='bbox 1074 861 1216 940; x_wconf 71' lang='lat' dir='ltr'><strong>Achilles,</strong></span> 
     </span>
    </p>

    <p class='ocr_par' dir='ltr' id='par_1_3' title="bbox 265 945 1288 1276">
     <span class='ocr_line' id='line_1_6' title="bbox 267 945 1288 1026; baseline 0.003 -18"><span class='ocrx_word' id='word_1_38' title='bbox 267 948 380 1026; x_wconf 87' lang='lat' dir='ltr'><strong>Saepe,</strong></span> <span class='ocrx_word' id='word_1_39' title='bbox 402 949 457 1008; x_wconf 90' lang='lat' dir='ltr'><strong>utri</strong></span> <span class='ocrx_word' id='word_1_40' title='bbox 476 947 595 1006; x_wconf 89' lang='lat' dir='ltr'><strong>duorum</strong></span> <span class='ocrx_word' id='word_1_41' title='bbox 617 947 846 1006; x_wconf 76' lang='lat' dir='ltr'><strong>antecedentium</strong></span> <span class='ocrx_word' id='word_1_42' title='bbox 863 962 957 1005; x_wconf 90' lang='lat' dir='ltr'><strong>sermo</strong></span> <span class='ocrx_word' id='word_1_43' title='bbox 974 945 1139 1006; x_wconf 88' lang='lat' dir='ltr'><strong>subiunctus</strong></span> <span class='ocrx_word' id='word_1_44' title='bbox 1156 950 1208 1024; x_wconf 91' lang='lat' dir='ltr'><strong>sit</strong></span> <span class='ocrx_word' id='word_1_45' title='bbox 1233 951 1288 1013; x_wconf 84' lang='lat' dir='ltr'><strong>in9</strong></span> 
     </span>
     <span class='ocr_line' id='line_1_7' title="bbox 267 1027 1262 1105; baseline 0.005 -15"><span class='ocrx_word' id='word_1_46' title='bbox 267 1030 352 1090; x_wconf 93' lang='lat' dir='ltr'><strong>dubio</strong></span> <span class='ocrx_word' id='word_1_47' title='bbox 375 1040 433 1091; x_wconf 88' lang='lat' dir='ltr'><strong>est:</strong></span> <span class='ocrx_word' id='word_1_48' title='bbox 463 1031 586 1091; x_wconf 89' lang='lat' dir='ltr'><strong>undeet</strong></span> <span class='ocrx_word' id='word_1_49' title='bbox 611 1031 825 1105; x_wconf 87' lang='lat' dir='ltr'><strong>controversia,</strong></span> <span class='ocrx_word' id='word_1_50' title='bbox 849 1027 947 1090; x_wconf 79' lang='lat' dir='ltr'><strong>Heres</strong></span> <span class='ocrx_word' id='word_1_51' title='bbox 963 1049 1048 1090; x_wconf 81' lang='lat' dir='ltr'><strong>meus</strong></span> <span class='ocrx_word' id='word_1_52' title='bbox 1066 1028 1164 1092; x_wconf 69' lang='lat' dir='ltr'><strong>umora</strong></span> <span class='ocrx_word' id='word_1_53' title='bbox 1176 1052 1262 1095; x_wconf 84' lang='lat' dir='ltr'><strong>meae</strong></span> 
     </span>
     <span class='ocr_line' id='line_1_8' title="bbox 267 1115 1259 1194; baseline 0.001 -19"><span class='ocrx_word' id='word_1_54' title='bbox 267 1117 347 1176; x_wconf 84' lang='lat' dir='ltr'><strong>dare</strong></span> <span class='ocrx_word' id='word_1_55' title='bbox 363 1116 495 1176; x_wconf 84' lang='lat' dir='ltr'><strong>domnae</strong></span> <span class='ocrx_word' id='word_1_56' title='bbox 508 1123 572 1176; x_wconf 81' lang='lat' dir='ltr'><strong>esto</strong></span> <span class='ocrx_word' id='word_1_57' title='bbox 591 1115 726 1194; x_wconf 79' lang='lat' dir='ltr'><strong>arpenti,</strong></span> <span class='ocrx_word' id='word_1_58' title='bbox 748 1116 830 1192; x_wconf 83' lang='lat' dir='ltr'><strong>quod</strong></span> <span class='ocrx_word' id='word_1_59' title='bbox 850 1116 989 1192; x_wconf 74' lang='lat' dir='ltr'><strong>clepere,</strong></span> <span class='ocrx_word' id='word_1_60' title='bbox 1008 1117 1112 1193; x_wconf 83' lang='lat' dir='ltr'><strong>pondo</strong></span> <span class='ocrx_word' id='word_1_61' title='bbox 1133 1126 1259 1180; x_wconf 82' lang='lat' dir='ltr'><strong>eentum</strong></span> 
     </span>
     <span class='ocr_line' id='line_1_9' title="bbox 265 1197 629 1276; baseline -0.003 -19"><span class='ocrx_word' id='word_1_62' title='bbox 265 1197 338 1257; x_wconf 89' lang='lat' dir='ltr'><strong>Uter</strong></span> <span class='ocrx_word' id='word_1_63' title='bbox 353 1197 457 1275; x_wconf 79' lang='lat' dir='ltr'><strong>eligat,</strong></span> <span class='ocrx_word' id='word_1_64' title='bbox 475 1201 629 1276; x_wconf 86' lang='lat' dir='ltr'><strong>quaeritur.</strong></span> 
     </span>
    </p>

    <p class='ocr_par' dir='ltr' id='par_1_4' title="bbox 266 1279 1306 3372">
     <span class='ocr_line' id='line_1_10' title="bbox 350 1279 1259 1360; baseline 0 -19"><span class='ocrx_word' id='word_1_65' title='bbox 350 1281 458 1341; x_wconf 87' lang='lat' dir='ltr'><strong>Verum</strong></span> <span class='ocrx_word' id='word_1_66' title='bbox 472 1283 515 1358; x_wconf 84' lang='lat' dir='ltr'><strong>td,</strong></span> <span class='ocrx_word' id='word_1_67' title='bbox 533 1282 609 1360; x_wconf 89' lang='lat' dir='ltr'><strong>quod</strong></span> <span class='ocrx_word' id='word_1_68' title='bbox 625 1300 662 1341; x_wconf 84' lang='lat' dir='ltr'><strong>ex</strong></span> <span class='ocrx_word' id='word_1_69' title='bbox 678 1279 722 1341; x_wconf 89' lang='lat' dir='ltr'><strong>bis</strong></span> <span class='ocrx_word' id='word_1_70' title='bbox 738 1282 857 1360; x_wconf 89' lang='lat' dir='ltr'><strong>primum</strong></span> <span class='ocrx_word' id='word_1_71' title='bbox 876 1289 936 1355; x_wconf 85' lang='lat' dir='ltr'><strong>est,</strong></span> <span class='ocrx_word' id='word_1_72' title='bbox 957 1281 1112 1341; x_wconf 75' lang='lat' dir='ltr'>mutatione</span> <span class='ocrx_word' id='word_1_73' title='bbox 1133 1299 1259 1358; x_wconf 83' lang='lat' dir='ltr'><strong>casuum,</strong></span> 
     </span>
     <span class='ocr_line' id='line_1_11' title="bbox 266 1364 1261 1445; baseline 0 -21"><span class='ocrx_word' id='word_1_74' title='bbox 266 1383 392 1445; x_wconf 79' lang='lat' dir='ltr'><strong>sequens</strong></span> <span class='ocrx_word' id='word_1_75' title='bbox 414 1365 554 1426; x_wconf 91' lang='lat' dir='ltr'><strong>divisione</strong></span> <span class='ocrx_word' id='word_1_76' title='bbox 570 1364 723 1425; x_wconf 90' lang='lat' dir='ltr'><strong>verborum</strong></span> <span class='ocrx_word' id='word_1_77' title='bbox 743 1374 790 1424; x_wconf 93' lang='lat' dir='ltr'><strong>aut</strong></span> <span class='ocrx_word' id='word_1_78' title='bbox 804 1365 988 1425; x_wconf 87' lang='lat' dir='ltr'><strong>translatione</strong></span> <span class='ocrx_word' id='word_1_79' title='bbox 1005 1365 1185 1440; x_wconf 84' lang='lat' dir='ltr'><strong>emendatur,</strong></span> <span class='ocrx_word' id='word_1_80' title='bbox 1204 1374 1261 1424; x_wconf 90' lang='lat' dir='ltr'><strong>ter·</strong></span> 
     </span>
     <span class='ocr_line' id='line_1_12' title="bbox 266 1448 1304 1527; baseline -0.001 -18"><span class='ocrx_word' id='word_1_81' title='bbox 266 1451 336 1509; x_wconf 84' lang='lat' dir='ltr'><strong>tium</strong></span> <span class='ocrx_word' id='word_1_82' title='bbox 359 1449 530 1509; x_wconf 80' lang='lat' dir='ltr'><strong>adiectione</strong></span> <span class='ocrx_word' id='word_1_83' title='bbox 581 1449 747 1511; x_wconf 80' lang='lat' dir='ltr'><strong>Aoousativi</strong></span> <span class='ocrx_word' id='word_1_84' title='bbox 772 1450 964 1527; x_wconf 82' lang='lat' dir='ltr'><strong>geminatione</strong></span> <span class='ocrx_word' id='word_1_85' title='bbox 990 1449 1066 1508; x_wconf 83' lang='lat' dir='ltr'><strong>iacta</strong></span> <span class='ocrx_word' id='word_1_86' title='bbox 1090 1448 1261 1526; x_wconf 90' lang='lat' dir='ltr'><strong>amphibolia</strong></span> <span class='ocrx_word' id='word_1_87' title='bbox 1271 1461 1304 1514; x_wconf 89' lang='lat'><strong>10</strong></span> 
     </span>
     <span class='ocr_line' id='line_1_13' title="bbox 268 1531 1261 1611; baseline 0.001 -18"><span class='ocrx_word' id='word_1_88' title='bbox 268 1533 391 1593; x_wconf 88' lang='lat' dir='ltr'><strong>solvitur</strong></span> <span class='ocrx_word' id='word_1_89' title='bbox 402 1533 544 1608; x_wconf 87' lang='lat' dir='ltr'><strong>ablativo</strong></span> <span class='ocrx_word' id='word_1_90' title='bbox 561 1543 592 1593; x_wconf 91' lang='lat' dir='ltr'><strong>ut</strong></span> <span class='ocrx_word' id='word_1_91' title='bbox 605 1532 691 1607; x_wconf 87' lang='lat' dir='ltr'><strong>illud,</strong></span> <span class='ocrx_word' id='word_1_92' title='bbox 704 1531 866 1595; x_wconf 78' lang='lat' dir='ltr'><em>Lachetem</em></span> <span class='ocrx_word' id='word_1_93' title='bbox 877 1534 983 1594; x_wconf 80' lang='lat' dir='ltr'><strong>audivi</strong></span> <span class='ocrx_word' id='word_1_94' title='bbox 995 1535 1185 1611; x_wconf 76' lang='lat' dir='ltr'><strong>percussisse</strong></span> <span class='ocrx_word' id='word_1_95' title='bbox 1199 1531 1261 1594; x_wconf 87' lang='lat' dir='ltr'><strong>De·</strong></span> 
     </span>
     <span class='ocr_line' id='line_1_14' title="bbox 266 1615 1261 1716; baseline -0.005 -37"><span class='ocrx_word' id='word_1_96' title='bbox 266 1636 373 1716; x_wconf 67' lang='lat' dir='ltr'><strong>aneon,</strong></span> <span class='ocrx_word' id='word_1_97' title='bbox 397 1617 460 1692; x_wconf 89' lang='lat' dir='ltr'><strong>liat,</strong></span> <span class='ocrx_word' id='word_1_98' title='bbox 494 1637 514 1678; x_wconf 86' lang='lat' dir='ltr'><strong>a</strong></span> <span class='ocrx_word' id='word_1_99' title='bbox 528 1615 660 1679; x_wconf 81' lang='lat' dir='ltr'><strong>Luebete</strong></span> <span class='ocrx_word' id='word_1_100' title='bbox 676 1635 859 1696; x_wconf 77' lang='lat' dir='ltr'><strong>percussam</strong></span> <span class='ocrx_word' id='word_1_101' title='bbox 871 1615 1018 1679; x_wconf 78' lang='lat' dir='ltr'><em>Demean</em></span> <span class='ocrx_word' id='word_1_102' title='bbox 1056 1616 1115 1676; x_wconf 87' lang='lat' dir='ltr'><strong>Sed</strong></span> <span class='ocrx_word' id='word_1_103' title='bbox 1136 1615 1261 1676; x_wconf 91' lang='lat' dir='ltr'><strong>ablativo</strong></span> 
     </span>
     <span class='ocr_line' id='line_1_15' title="bbox 267 1688 1262 1780; baseline 0.003 -20"><span class='ocrx_word' id='word_1_104' title='bbox 267 1702 340 1780; x_wconf 83' lang='lat' dir='ltr'><strong>ipsi,</strong></span> <span class='ocrx_word' id='word_1_105' title='bbox 364 1703 416 1760; x_wconf 87' lang='lat' dir='ltr'><strong>ut</strong></span> <span class='ocrx_word' id='word_1_106' title='bbox 409 1720 436 1759; x_wconf 88' lang='lat' dir='ltr'><strong>m</strong></span> <span class='ocrx_word' id='word_1_107' title='bbox 451 1702 540 1779; x_wconf 90' lang='lat' dir='ltr'><strong>primo</strong></span> <span class='ocrx_word' id='word_1_108' title='bbox 556 1701 692 1777; x_wconf 82' lang='lat' dir='ltr'>diximus,</span> <span class='ocrx_word' id='word_1_109' title='bbox 711 1703 785 1760; x_wconf 91' lang='lat' dir='ltr'><strong>inest</strong></span> <span class='ocrx_word' id='word_1_110' title='bbox 799 1700 935 1762; x_wconf 89' lang='lat' dir='ltr'><strong>naturalis</strong></span> <span class='ocrx_word' id='word_1_111' title='bbox 950 1688 1133 1778; x_wconf 81' lang='lat' dir='ltr'><strong>amphibolia.</strong></span> <span class='ocrx_word' id='word_1_112' title='bbox 1174 1698 1262 1763; x_wconf 85' lang='lat' dir='ltr'><strong>Coelo</strong></span> 
     </span>
     <span class='ocr_line' id='line_1_16' title="bbox 268 1784 1277 1865; baseline -0.002 -18"><span class='ocrx_word' id='word_1_113' title='bbox 268 1786 408 1847; x_wconf 79' lang='lat' dir='ltr'><strong>decurrit</strong></span> <span class='ocrx_word' id='word_1_114' title='bbox 426 1793 548 1864; x_wconf 83' lang='lat' dir='ltr'><strong>aperto:</strong></span> <span class='ocrx_word' id='word_1_115' title='bbox 570 1794 661 1845; x_wconf 90' lang='lat' dir='ltr'><strong>utrum</strong></span> <span class='ocrx_word' id='word_1_116' title='bbox 676 1803 730 1863; x_wconf 90' lang='lat' dir='ltr'><strong>per</strong></span> <span class='ocrx_word' id='word_1_117' title='bbox 751 1793 879 1862; x_wconf 86' lang='lat' dir='ltr'><strong>apertum</strong></span> <span class='ocrx_word' id='word_1_118' title='bbox 895 1784 1024 1859; x_wconf 85' lang='lat' dir='ltr'><strong>eoelum,</strong></span> <span class='ocrx_word' id='word_1_119' title='bbox 1043 1802 1078 1843; x_wconf 91' lang='lat' dir='ltr'><strong>an</strong></span> <span class='ocrx_word' id='word_1_120' title='bbox 1095 1803 1157 1844; x_wconf 89' lang='lat' dir='ltr'><strong>oum</strong></span> <span class='ocrx_word' id='word_1_121' title='bbox 1179 1803 1277 1865; x_wconf 54' lang='lat' dir='ltr'><strong>aperv</strong></span> 
     </span>
     <span class='ocr_line' id='line_1_17' title="bbox 268 1869 1304 1947; baseline 0.006 -18"><span class='ocrx_word' id='word_1_122' title='bbox 268 1879 327 1929; x_wconf 84' lang='lat' dir='ltr'><strong>tum</strong></span> <span class='ocrx_word' id='word_1_123' title='bbox 349 1877 438 1929; x_wconf 89' lang='lat' dir='ltr'><strong>esset.</strong></span> <span class='ocrx_word' id='word_1_124' title='bbox 478 1869 588 1929; x_wconf 82' lang='lat' dir='ltr'><strong>Diuisio</strong></span> <span class='ocrx_word' id='word_1_125' title='bbox 603 1871 794 1947; x_wconf 82' lang='lat' dir='ltr'><strong>respiratione</strong></span> <span class='ocrx_word' id='word_1_126' title='bbox 813 1877 842 1928; x_wconf 88' lang='lat' dir='ltr'><strong>et</strong></span> <span class='ocrx_word' id='word_1_127' title='bbox 862 1885 942 1928; x_wconf 85' lang='lat' dir='ltr'><strong>mora</strong></span> <span class='ocrx_word' id='word_1_128' title='bbox 961 1876 1089 1928; x_wconf 86' lang='lat' dir='ltr'><strong>constat:</strong></span> <span class='ocrx_word' id='word_1_129' title='bbox 1118 1877 1262 1947; x_wconf 81' lang='lat' dir='ltr'><strong>statuam,</strong></span> <span class='ocrx_word' id='word_1_130' title='bbox 1271 1882 1304 1934; x_wconf 91' lang='lat'><strong>11</strong></span> 
     </span>
     <span class='ocr_line' id='line_1_18' title="bbox 268 1951 1284 2028; baseline 0.005 -16"><span class='ocrx_word' id='word_1_131' title='bbox 268 1951 373 2013; x_wconf 91' lang='lat' dir='ltr'><strong>deinde</strong></span> <span class='ocrx_word' id='word_1_132' title='bbox 394 1971 522 2014; x_wconf 81' lang='lat' dir='ltr'><strong>aeream</strong></span> <span class='ocrx_word' id='word_1_133' title='bbox 541 1953 679 2024; x_wconf 60' lang='lat' dir='ltr'><strong>beatum·</strong></span> <span class='ocrx_word' id='word_1_134' title='bbox 703 1951 752 2012; x_wconf 84' lang='lat' dir='ltr'><strong>vel</strong></span> <span class='ocrx_word' id='word_1_135' title='bbox 773 1961 904 2014; x_wconf 83' lang='lat' dir='ltr'><strong>statuam</strong></span> <span class='ocrx_word' id='word_1_136' title='bbox 921 1971 1064 2028; x_wconf 81' lang='lat' dir='ltr'><strong>auream,</strong></span> <span class='ocrx_word' id='word_1_137' title='bbox 1088 1952 1284 2017; x_wconf 65' lang='lat' dir='ltr'><strong>deiolenta.</strong></span> 
     </span>
     <span class='ocr_line' id='line_1_19' title="bbox 268 2035 1263 2115; baseline -0.003 -17"><span class='ocrx_word' id='word_1_138' title='bbox 268 2047 358 2098; x_wconf 79' lang='lat' dir='ltr'><strong>etam.</strong></span> <span class='ocrx_word' id='word_1_139' title='bbox 406 2036 540 2097; x_wconf 73' lang='lat' dir='ltr'><strong>Adiectio</strong></span> <span class='ocrx_word' id='word_1_140' title='bbox 556 2035 620 2096; x_wconf 88' lang='lat' dir='ltr'><strong>talis</strong></span> <span class='ocrx_word' id='word_1_141' title='bbox 637 2046 697 2113; x_wconf 80' lang='lat' dir='ltr'><strong>est,</strong></span> <span class='ocrx_word' id='word_1_142' title='bbox 713 2046 889 2114; x_wconf 78' lang='lat' dir='ltr'><strong>arpentum,</strong></span> <span class='ocrx_word' id='word_1_143' title='bbox 905 2038 986 2115; x_wconf 83' lang='lat' dir='ltr'><strong>quod</strong></span> <span class='ocrx_word' id='word_1_144' title='bbox 1000 2038 1125 2115; x_wconf 76' lang='lat' dir='ltr'><strong>elepera‘t</strong></span> <span class='ocrx_word' id='word_1_145' title='bbox 1138 2039 1218 2115; x_wconf 81' lang='lat' dir='ltr'><strong>ipae,</strong></span> <span class='ocrx_word' id='word_1_146' title='bbox 1232 2046 1263 2095; x_wconf 89' lang='lat' dir='ltr'><strong>ut</strong></span> 
     </span>
     <span class='ocr_line' id='line_1_20' title="bbox 268 2120 1260 2200; baseline -0.002 -21"><span class='ocrx_word' id='word_1_147' title='bbox 268 2120 356 2180; x_wconf 84' lang='lat' dir='ltr'><strong>heres</strong></span> <span class='ocrx_word' id='word_1_148' title='bbox 375 2120 563 2198; x_wconf 81' lang='lat' dir='ltr'><strong>intelligatur3</strong></span> <span class='ocrx_word' id='word_1_149' title='bbox 584 2120 632 2181; x_wconf 88' lang='lat' dir='ltr'><strong>vel</strong></span> <span class='ocrx_word' id='word_1_150' title='bbox 647 2122 730 2200; x_wconf 80' lang='lat' dir='ltr'><strong>ipse,</strong></span> <span class='ocrx_word' id='word_1_151' title='bbox 749 2128 779 2179; x_wconf 87' lang='lat' dir='ltr'><strong>ut</strong></span> <span class='ocrx_word' id='word_1_152' title='bbox 793 2136 877 2180; x_wconf 87' lang='lat' dir='ltr'><strong>uxor.</strong></span> <span class='ocrx_word' id='word_1_153' title='bbox 921 2120 1092 2180; x_wconf 77' lang='lat' dir='ltr'><strong>Adiectione</strong></span> <span class='ocrx_word' id='word_1_154' title='bbox 1113 2120 1189 2180; x_wconf 85' lang='lat' dir='ltr'><strong>iacta</strong></span> <span class='ocrx_word' id='word_1_155' title='bbox 1204 2138 1260 2179; x_wconf 92' lang='lat' dir='ltr'><strong>am·</strong></span> 
     </span>
     <span class='ocr_line' id='line_1_21' title="bbox 269 2201 1260 2284; baseline -0.002 -20"><span class='ocrx_word' id='word_1_156' title='bbox 269 2203 415 2282; x_wconf 88' lang='lat' dir='ltr'><strong>phibolia‚</strong></span> <span class='ocrx_word' id='word_1_157' title='bbox 434 2205 527 2283; x_wconf 89' lang='lat' dir='ltr'><strong>qualis</strong></span> <span class='ocrx_word' id='word_1_158' title='bbox 548 2206 601 2281; x_wconf 84' lang='lat' dir='ltr'><strong>sit,</strong></span> <span class='ocrx_word' id='word_1_159' title='bbox 622 2202 686 2266; x_wconf 79' lang='lat' dir='ltr'><strong>Nos</strong></span> <span class='ocrx_word' id='word_1_160' title='bbox 701 2201 806 2282; x_wconf 67' lang='lat' dir='ltr'><strong>tientes</strong></span> <span class='ocrx_word' id='word_1_161' title='bbox 824 2205 892 2265; x_wconf 74' lang='lat' dir='ltr'><strong>tuoe</strong></span> <span class='ocrx_word' id='word_1_162' title='bbox 913 2205 1184 2284; x_wconf 78' lang='lat' dir='ltr'><strong>deprebendimue,</strong></span> <span class='ocrx_word' id='word_1_163' title='bbox 1211 2205 1260 2263; x_wconf 90' lang='lat' dir='ltr'><strong>de·</strong></span> 
     </span>
     <span class='ocr_line' id='line_1_22' title="bbox 269 2286 1303 2362; baseline -0.003 -16"><span class='ocrx_word' id='word_1_164' title='bbox 269 2289 411 2347; x_wconf 79' lang='lat' dir='ltr'><strong>tructione</strong></span> <span class='ocrx_word' id='word_1_165' title='bbox 437 2289 576 2348; x_wconf 86' lang='lat' dir='ltr'><strong>solvetur.</strong></span> <span class='ocrx_word' id='word_1_166' title='bbox 622 2287 752 2348; x_wconf 88' lang='lat' dir='ltr'><strong>Pluribus</strong></span> <span class='ocrx_word' id='word_1_167' title='bbox 778 2288 876 2348; x_wconf 90' lang='lat' dir='ltr'><strong>verbis</strong></span> <span class='ocrx_word' id='word_1_168' title='bbox 902 2289 1121 2361; x_wconf 85' lang='lat' dir='ltr'><strong>emendandum,</strong></span> <span class='ocrx_word' id='word_1_169' title='bbox 1149 2286 1197 2346; x_wconf 92' lang='lat' dir='ltr'><strong>ubi</strong></span> <span class='ocrx_word' id='word_1_170' title='bbox 1221 2287 1260 2362; x_wconf 84' lang='lat' dir='ltr'><strong>td,</strong></span> <span class='ocrx_word' id='word_1_171' title='bbox 1272 2292 1303 2344; x_wconf 78' lang='lat' dir='ltr'><strong>la</strong></span> 
     </span>
     <span class='ocr_line' id='line_1_23' title="bbox 271 2370 1261 2472; baseline -0.002 -42"><span class='ocrx_word' id='word_1_172' title='bbox 271 2370 366 2451; x_wconf 83' lang='lat' dir='ltr'><strong>quod,</strong></span> <span class='ocrx_word' id='word_1_173' title='bbox 386 2389 442 2449; x_wconf 88' lang='lat' dir='ltr'><strong>quo</strong></span> <span class='ocrx_word' id='word_1_174' title='bbox 462 2373 619 2446; x_wconf 76' lang='lat' dir='ltr'><strong>referatur,</strong></span> <span class='ocrx_word' id='word_1_175' title='bbox 642 2371 756 2432; x_wconf 93' lang='lat' dir='ltr'><strong>dubium</strong></span> <span class='ocrx_word' id='word_1_176' title='bbox 775 2381 836 2448; x_wconf 87' lang='lat' dir='ltr'><strong>est</strong></span> <span class='ocrx_word' id='word_1_177' title='bbox 863 2375 921 2432; x_wconf 86' lang='lat' dir='ltr'><strong>et</strong></span> <span class='ocrx_word' id='word_1_178' title='bbox 912 2391 1005 2472; x_wconf 79' lang='lat' dir='ltr'><strong>ipsum</strong></span> <span class='ocrx_word' id='word_1_179' title='bbox 1024 2381 1069 2431; x_wconf 90' lang='lat' dir='ltr'><strong>est</strong></span> <span class='ocrx_word' id='word_1_180' title='bbox 1089 2371 1261 2447; x_wconf 82' lang='lat' dir='ltr'><strong>ambiguum</strong></span> 
     </span>
     <span class='ocr_line' id='line_1_24' title="bbox 269 2454 1263 2553; baseline 0 -38"><span class='ocrx_word' id='word_1_181' title='bbox 269 2454 368 2517; x_wconf 80' lang='lat' dir='ltr'><strong>Heres</strong></span> <span class='ocrx_word' id='word_1_182' title='bbox 390 2473 475 2516; x_wconf 82' lang='lat' dir='ltr'><strong>meus</strong></span> <span class='ocrx_word' id='word_1_183' title='bbox 501 2458 578 2517; x_wconf 76' lang='lat' dir='ltr'><strong>(lore</strong></span> <span class='ocrx_word' id='word_1_184' title='bbox 597 2458 643 2517; x_wconf 80' lang='lat' dir='ltr'><strong>tttt</strong></span> <span class='ocrx_word' id='word_1_185' title='bbox 665 2459 796 2517; x_wconf 82' lang='lat' dir='ltr'><strong>damnas</strong></span> <span class='ocrx_word' id='word_1_186' title='bbox 818 2464 881 2517; x_wconf 82' lang='lat' dir='ltr'><strong>esto</strong></span> <span class='ocrx_word' id='word_1_187' title='bbox 902 2459 1004 2518; x_wconf 82' lang='lat' dir='ltr'><strong>omnia</strong></span> <span class='ocrx_word' id='word_1_188' title='bbox 1024 2475 1092 2518; x_wconf 76' lang='lat' dir='ltr'><strong>sera</strong></span> <span class='ocrx_word' id='word_1_189' title='bbox 1133 2455 1165 2516; x_wconf 91' lang='lat' dir='ltr'><strong>ln</strong></span> <span class='ocrx_word' id='word_1_190' title='bbox 1185 2454 1263 2553; x_wconf 84' lang='lat' dir='ltr'><strong>quod</strong></span> 
     </span>
     <span class='ocr_line' id='line_1_25' title="bbox 271 2537 1263 2618; baseline 0.001 -20"><span class='ocrx_word' id='word_1_191' title='bbox 271 2557 361 2618; x_wconf 83' lang='lat' dir='ltr'><strong>genus</strong></span> <span class='ocrx_word' id='word_1_192' title='bbox 377 2540 475 2599; x_wconf 89' lang='lat' dir='ltr'><strong>incidit</strong></span> <span class='ocrx_word' id='word_1_193' title='bbox 490 2537 594 2600; x_wconf 80' lang='lat' dir='ltr'><strong>Cicero</strong></span> <span class='ocrx_word' id='word_1_194' title='bbox 608 2540 729 2618; x_wconf 85' lang='lat' dir='ltr'><strong>loquens</strong></span> <span class='ocrx_word' id='word_1_195' title='bbox 748 2541 784 2600; x_wconf 92' lang='lat' dir='ltr'><strong>de</strong></span> <span class='ocrx_word' id='word_1_196' title='bbox 801 2537 832 2600; x_wconf 76' lang='lat'><strong>(¹</strong></span> <span class='ocrx_word' id='word_1_197' title='bbox 849 2539 966 2600; x_wconf 83' lang='lat' dir='ltr'><strong>Fannio.</strong></span> <span class='ocrx_word' id='word_1_198' title='bbox 1006 2539 1040 2601; x_wconf 80' lang='lat' dir='ltr'><strong>le</strong></span> <span class='ocrx_word' id='word_1_199' title='bbox 1059 2541 1159 2600; x_wconf 77' lang='lat' dir='ltr'><strong>soceri</strong></span> <span class='ocrx_word' id='word_1_200' title='bbox 1177 2541 1263 2600; x_wconf 73' lang='lat' dir='ltr'><strong>artati·</strong></span> 
     </span>
     <span class='ocr_line' id='line_1_26' title="bbox 270 2623 1264 2704; baseline -0.001 -20"><span class='ocrx_word' id='word_1_201' title='bbox 270 2631 348 2698; x_wconf 80' lang='lat' dir='ltr'><strong>tuto‚</strong></span> <span class='ocrx_word' id='word_1_202' title='bbox 379 2640 497 2702; x_wconf 83' lang='lat' dir='ltr'><strong>quem,</strong></span> <span class='ocrx_word' id='word_1_203' title='bbox 514 2626 588 2701; x_wconf 81' lang='lat' dir='ltr'><strong>quie</strong></span> <span class='ocrx_word' id='word_1_204' title='bbox 613 2632 769 2702; x_wconf 79' lang='lat' dir='ltr'><strong>cooptatus</strong></span> <span class='ocrx_word' id='word_1_205' title='bbox 795 2627 828 2685; x_wconf 81' lang='lat' dir='ltr'><strong>io</strong></span> <span class='ocrx_word' id='word_1_206' title='bbox 847 2623 1006 2704; x_wconf 68' lang='lat' dir='ltr'><strong>duplarum</strong></span> <span class='ocrx_word' id='word_1_207' title='bbox 1029 2625 1184 2703; x_wconf 77' lang='lat' dir='ltr'><strong>callepium</strong></span> <span class='ocrx_word' id='word_1_208' title='bbox 1203 2642 1264 2684; x_wconf 84' lang='lat' dir='ltr'><strong>non</strong></span> 
     </span>
     <span class='ocr_line' id='line_1_27' title="bbox 270 2705 1262 2788; baseline 0.002 -22"><span class='ocrx_word' id='word_1_209' title='bbox 270 2716 355 2783; x_wconf 83' lang='lat' dir='ltr'><strong>erat,</strong></span> <span class='ocrx_word' id='word_1_210' title='bbox 382 2726 443 2768; x_wconf 82' lang='lat' dir='ltr'><strong>uon</strong></span> <span class='ocrx_word' id='word_1_211' title='bbox 470 2709 633 2769; x_wconf 78' lang='lat' dir='ltr'><strong>admodum</strong></span> <span class='ocrx_word' id='word_1_212' title='bbox 660 2708 824 2788; x_wconf 60' lang='lat' dir='ltr'><strong>dalmatam</strong></span> <span class='ocrx_word' id='word_1_213' title='bbox 848 2710 1032 2787; x_wconf 79' lang='lat' dir='ltr'><strong>praesertim</strong></span> <span class='ocrx_word' id='word_1_214' title='bbox 1059 2727 1127 2768; x_wconf 84' lang='lat' dir='ltr'><strong>eum</strong></span> <span class='ocrx_word' id='word_1_215' title='bbox 1147 2709 1199 2770; x_wconf 79' lang='lat' dir='ltr'><strong>itte</strong></span> <span class='ocrx_word' id='word_1_216' title='bbox 1227 2705 1262 2779; x_wconf 83' lang='lat' dir='ltr'><strong>Q.</strong></span> 
     </span>
     <span class='ocr_line' id='line_1_28' title="bbox 270 2788 1263 2871; baseline -0.002 -20"><span class='ocrx_word' id='word_1_217' title='bbox 270 2788 451 2852; x_wconf 81' lang='lat' dir='ltr'><strong>Scaevolam</strong></span> <span class='ocrx_word' id='word_1_218' title='bbox 464 2792 523 2852; x_wconf 80' lang='lat' dir='ltr'><strong>sibi</strong></span> <span class='ocrx_word' id='word_1_219' title='bbox 536 2793 678 2853; x_wconf 76' lang='lat' dir='ltr'><strong>minorem</strong></span> <span class='ocrx_word' id='word_1_220' title='bbox 692 2800 767 2853; x_wconf 81' lang='lat' dir='ltr'><strong>natu</strong></span> <span class='ocrx_word' id='word_1_221' title='bbox 785 2811 931 2871; x_wconf 80' lang='lat' dir='ltr'><strong>peaerum</strong></span> <span class='ocrx_word' id='word_1_222' title='bbox 947 2794 1151 2871; x_wconf 70' lang='lat' dir='ltr'><strong>praetulisset.</strong></span> <span class='ocrx_word' id='word_1_223' title='bbox 1192 2790 1263 2850; x_wconf 91' lang='lat' dir='ltr'><strong>Nam</strong></span> 
     </span>
     <span class='ocr_line' id='line_1_29' title="bbox 269 2868 1306 2954; baseline -0.003 -18"><span class='ocrx_word' id='word_1_224' title='bbox 269 2868 329 2936; x_wconf 79' lang='lat' dir='ltr'><strong>eibi</strong></span> <span class='ocrx_word' id='word_1_225' title='bbox 344 2883 373 2935; x_wconf 90' lang='lat' dir='ltr'><strong>et</strong></span> <span class='ocrx_word' id='word_1_226' title='bbox 386 2873 422 2934; x_wconf 91' lang='lat' dir='ltr'><strong>ad</strong></span> <span class='ocrx_word' id='word_1_227' title='bbox 437 2891 570 2939; x_wconf 81' lang='lat' dir='ltr'><strong>socerum</strong></span> <span class='ocrx_word' id='word_1_228' title='bbox 584 2876 687 2936; x_wconf 86' lang='lat' dir='ltr'><strong>referri</strong></span> <span class='ocrx_word' id='word_1_229' title='bbox 703 2885 732 2936; x_wconf 92' lang='lat' dir='ltr'><strong>et</strong></span> <span class='ocrx_word' id='word_1_230' title='bbox 747 2876 782 2936; x_wconf 91' lang='lat' dir='ltr'><strong>ad</strong></span> <span class='ocrx_word' id='word_1_231' title='bbox 797 2873 933 2936; x_wconf 86' lang='lat' dir='ltr'><strong>Fannium</strong></span> <span class='ocrx_word' id='word_1_232' title='bbox 953 2884 1061 2954; x_wconf 88' lang='lat' dir='ltr'><strong>potest.</strong></span> <span class='ocrx_word' id='word_1_233' title='bbox 1110 2874 1263 2935; x_wconf 79' lang='lat' dir='ltr'><strong>Produetro</strong></span> <span class='ocrx_word' id='word_1_234' title='bbox 1271 2880 1306 2934; x_wconf 79' lang='lat'><strong>13</strong></span> 
     </span>
     <span class='ocr_line' id='line_1_30' title="bbox 271 2958 1262 3059; baseline -0.002 -41"><span class='ocrx_word' id='word_1_235' title='bbox 271 2976 387 3058; x_wconf 82' lang='lat' dir='ltr'><strong>quoque</strong></span> <span class='ocrx_word' id='word_1_236' title='bbox 408 2960 516 3059; x_wconf 82' lang='lat' dir='ltr'><strong>scripto</strong></span> <span class='ocrx_word' id='word_1_237' title='bbox 533 2968 562 3019; x_wconf 87' lang='lat' dir='ltr'><strong>et</strong></span> <span class='ocrx_word' id='word_1_238' title='bbox 577 2961 722 3038; x_wconf 79' lang='lat' dir='ltr'><strong>correptio</strong></span> <span class='ocrx_word' id='word_1_239' title='bbox 743 2961 771 3018; x_wconf 94' lang='lat' dir='ltr'><strong>in</strong></span> <span class='ocrx_word' id='word_1_240' title='bbox 787 2960 872 3020; x_wconf 91' lang='lat' dir='ltr'><strong>dubio</strong></span> <span class='ocrx_word' id='word_1_241' title='bbox 888 2960 989 3020; x_wconf 90' lang='lat' dir='ltr'><strong>reliota</strong></span> <span class='ocrx_word' id='word_1_242' title='bbox 1009 2976 1095 3020; x_wconf 83' lang='lat' dir='ltr'><strong>cauea</strong></span> <span class='ocrx_word' id='word_1_243' title='bbox 1113 2968 1157 3018; x_wconf 88' lang='lat' dir='ltr'><strong>est</strong></span> <span class='ocrx_word' id='word_1_244' title='bbox 1177 2958 1262 3016; x_wconf 89' lang='lat' dir='ltr'><strong>ambi-</strong></span> 
     </span>
     <span class='ocr_line' id='line_1_31' title="bbox 270 3041 1263 3120; baseline -0.001 -18"><span class='ocrx_word' id='word_1_245' title='bbox 270 3044 402 3120; x_wconf 82' lang='lat' dir='ltr'><strong>guitatis,</strong></span> <span class='ocrx_word' id='word_1_246' title='bbox 419 3046 469 3101; x_wconf 93' lang='lat' dir='ltr'><strong>ut</strong></span> <span class='ocrx_word' id='word_1_247' title='bbox 461 3063 489 3102; x_wconf 91' lang='grc' dir='ltr'><strong>ιιι</strong></span> <span class='ocrx_word' id='word_1_248' title='bbox 501 3043 574 3119; x_wconf 78' lang='lat' dir='ltr'><strong>hoo,</strong></span> <span class='ocrx_word' id='word_1_249' title='bbox 592 3041 676 3105; x_wconf 80' lang='lat' dir='ltr'><strong>Ceto.</strong></span> <span class='ocrx_word' id='word_1_250' title='bbox 706 3042 792 3102; x_wconf 79' lang='lat' dir='ltr'><strong>Aliud</strong></span> <span class='ocrx_word' id='word_1_251' title='bbox 808 3046 881 3103; x_wconf 90' lang='lat' dir='ltr'><strong>enim</strong></span> <span class='ocrx_word' id='word_1_252' title='bbox 893 3044 1018 3104; x_wconf 89' lang='lat' dir='ltr'><strong>ostendit</strong></span> <span class='ocrx_word' id='word_1_253' title='bbox 1028 3042 1125 3102; x_wconf 90' lang='lat' dir='ltr'><strong>brevis</strong></span> <span class='ocrx_word' id='word_1_254' title='bbox 1137 3041 1263 3101; x_wconf 81' lang='lat' dir='ltr'><strong>secunda</strong></span> 
     </span>
     <span class='ocr_line' id='line_1_32' title="bbox 271 3125 1264 3205; baseline -0.002 -20"><span class='ocrx_word' id='word_1_255' title='bbox 271 3126 384 3202; x_wconf 78' lang='lat' dir='ltr'><strong>syllaba</strong></span> <span class='ocrx_word' id='word_1_256' title='bbox 408 3144 475 3186; x_wconf 90' lang='lat' dir='ltr'><strong>easu</strong></span> <span class='ocrx_word' id='word_1_257' title='bbox 493 3129 681 3202; x_wconf 80' lang='lat' dir='ltr'><strong>nominativo,</strong></span> <span class='ocrx_word' id='word_1_258' title='bbox 704 3125 780 3186; x_wconf 84' lang='lat' dir='ltr'><strong>aliud</strong></span> <span class='ocrx_word' id='word_1_259' title='bbox 796 3127 897 3187; x_wconf 88' lang='lat' dir='ltr'><strong>eadem</strong></span> <span class='ocrx_word' id='word_1_260' title='bbox 912 3127 1024 3203; x_wconf 76' lang='lat' dir='ltr'><strong>syllaba</strong></span> <span class='ocrx_word' id='word_1_261' title='bbox 1039 3126 1179 3205; x_wconf 90' lang='lat' dir='ltr'><strong>produeta</strong></span> <span class='ocrx_word' id='word_1_262' title='bbox 1194 3143 1264 3186; x_wconf 83' lang='lat' dir='ltr'><strong>casu</strong></span> 
     </span>
     <span class='ocr_line' id='line_1_33' title="bbox 271 3209 1262 3289; baseline -0.003 -17"><span class='ocrx_word' id='word_1_263' title='bbox 271 3212 367 3272; x_wconf 88' lang='lat' dir='ltr'><strong>dativo</strong></span> <span class='ocrx_word' id='word_1_264' title='bbox 386 3219 433 3269; x_wconf 91' lang='lat' dir='ltr'><strong>aut</strong></span> <span class='ocrx_word' id='word_1_265' title='bbox 455 3210 590 3271; x_wconf 89' lang='lat' dir='ltr'><strong>ablativo.</strong></span> <span class='ocrx_word' id='word_1_266' title='bbox 635 3209 774 3270; x_wconf 90' lang='lat' dir='ltr'><strong>Plurimae</strong></span> <span class='ocrx_word' id='word_1_267' title='bbox 790 3221 943 3289; x_wconf 89' lang='lat' dir='ltr'><strong>praeterea</strong></span> <span class='ocrx_word' id='word_1_268' title='bbox 962 3219 1027 3271; x_wconf 90' lang='lat' dir='ltr'><strong>sunt</strong></span> <span class='ocrx_word' id='word_1_269' title='bbox 1043 3209 1118 3270; x_wconf 85' lang='lat' dir='ltr'><strong>aliae</strong></span> <span class='ocrx_word' id='word_1_270' title='bbox 1133 3211 1262 3288; x_wconf 84' lang='lat' dir='ltr'><strong>speeies,</strong></span> 
     </span>
     <span class='ocr_line' id='line_1_34' title="bbox 272 3294 782 3372; baseline 0 -19"><span class='ocrx_word' id='word_1_271' title='bbox 272 3312 343 3372; x_wconf 86' lang='lat' dir='ltr'><strong>quas</strong></span> <span class='ocrx_word' id='word_1_272' title='bbox 358 3296 494 3372; x_wconf 88' lang='lat' dir='ltr'><strong>persequi</strong></span> <span class='ocrx_word' id='word_1_273' title='bbox 509 3294 577 3355; x_wconf 93' lang='lat' dir='ltr'><strong>nihil</strong></span> <span class='ocrx_word' id='word_1_274' title='bbox 592 3312 714 3365; x_wconf 80' lang='lat' dir='ltr'><strong>neeesse</strong></span> <span class='ocrx_word' id='word_1_275' title='bbox 728 3303 782 3354; x_wconf 89' lang='lat' dir='ltr'><strong>est.</strong></span> 
     </span>
    </p>

    <p class='ocr_par' dir='ltr' id='par_1_5' title="bbox 272 3376 1306 3793">
     <span class='ocr_line' id='line_1_35' title="bbox 355 3376 1306 3457; baseline 0.002 -21"><span class='ocrx_word' id='word_1_276' title='bbox 355 3377 418 3437; x_wconf 88' lang='lat' dir='ltr'><strong>Nee</strong></span> <span class='ocrx_word' id='word_1_277' title='bbox 439 3379 546 3454; x_wconf 83' lang='lat' dir='ltr'><strong>refert,</strong></span> <span class='ocrx_word' id='word_1_278' title='bbox 572 3396 628 3457; x_wconf 85' lang='lat' dir='ltr'><strong>quo</strong></span> <span class='ocrx_word' id='word_1_279' title='bbox 646 3377 730 3437; x_wconf 93' lang='lat' dir='ltr'><strong>modo</strong></span> <span class='ocrx_word' id='word_1_280' title='bbox 746 3380 782 3437; x_wconf 87' lang='lat' dir='ltr'><strong>sit</strong></span> <span class='ocrx_word' id='word_1_281' title='bbox 802 3378 878 3438; x_wconf 84' lang='lat' dir='ltr'><strong>faeta</strong></span> <span class='ocrx_word' id='word_1_282' title='bbox 893 3376 1066 3454; x_wconf 89' lang='lat' dir='ltr'><strong>amphibolia</strong></span> <span class='ocrx_word' id='word_1_283' title='bbox 1082 3386 1130 3437; x_wconf 88' lang='lat' dir='ltr'><strong>aut</strong></span> <span class='ocrx_word' id='word_1_284' title='bbox 1147 3385 1306 3456; x_wconf 79' lang='lat' dir='ltr'><strong>quare-14</strong></span> 
     </span>
     <span class='ocr_line' id='line_1_36' title="bbox 272 3461 1264 3539; baseline 0.001 -18"><span class='ocrx_word' id='word_1_285' title='bbox 272 3461 410 3521; x_wconf 88' lang='lat' dir='ltr'><strong>solvatur.</strong></span> <span class='ocrx_word' id='word_1_286' title='bbox 447 3461 525 3522; x_wconf 88' lang='lat' dir='ltr'><strong>Duas</strong></span> <span class='ocrx_word' id='word_1_287' title='bbox 538 3465 610 3522; x_wconf 91' lang='lat' dir='ltr'><strong>enim</strong></span> <span class='ocrx_word' id='word_1_288' title='bbox 621 3481 669 3523; x_wconf 89' lang='lat' dir='ltr'><strong>res</strong></span> <span class='ocrx_word' id='word_1_289' title='bbox 685 3462 839 3538; x_wconf 82' lang='lat' dir='ltr'><strong>si&#39;gnilioari</strong></span> <span class='ocrx_word' id='word_1_290' title='bbox 853 3462 1031 3521; x_wconf 88' lang='lat' dir='ltr'><strong>manifestum</strong></span> <span class='ocrx_word' id='word_1_291' title='bbox 1045 3469 1107 3538; x_wconf 88' lang='lat' dir='ltr'><strong>est,</strong></span> <span class='ocrx_word' id='word_1_292' title='bbox 1125 3470 1169 3536; x_wconf 84' lang='lat' dir='ltr'><strong>et,</strong></span> <span class='ocrx_word' id='word_1_293' title='bbox 1187 3461 1264 3539; x_wconf 91' lang='lat' dir='ltr'><strong>quod</strong></span> 
     </span>
     <span class='ocr_line' id='line_1_37' title="bbox 273 3545 1262 3624; baseline -0.003 -19"><span class='ocrx_word' id='word_1_294' title='bbox 273 3545 307 3605; x_wconf 92' lang='lat' dir='ltr'><strong>ad</strong></span> <span class='ocrx_word' id='word_1_295' title='bbox 329 3547 466 3623; x_wconf 85' lang='lat' dir='ltr'><strong>seriptum</strong></span> <span class='ocrx_word' id='word_1_296' title='bbox 487 3563 626 3606; x_wconf 84' lang='lat' dir='ltr'><strong>vooemve</strong></span> <span class='ocrx_word' id='word_1_297' title='bbox 643 3547 782 3624; x_wconf 61' lang='lat' dir='ltr'><strong>pertinet„</strong></span> <span class='ocrx_word' id='word_1_298' title='bbox 805 3548 833 3604; x_wconf 95' lang='lat' dir='ltr'><strong>in</strong></span> <span class='ocrx_word' id='word_1_299' title='bbox 848 3555 996 3624; x_wconf 87' lang='lat' dir='ltr'><strong>utramque</strong></span> <span class='ocrx_word' id='word_1_300' title='bbox 1011 3554 1122 3624; x_wconf 87' lang='lat' dir='ltr'><strong>partem</strong></span> <span class='ocrx_word' id='word_1_301' title='bbox 1136 3564 1188 3624; x_wconf 87' lang='lat' dir='ltr'><strong>par</strong></span> <span class='ocrx_word' id='word_1_302' title='bbox 1208 3553 1262 3603; x_wconf 88' lang='lat' dir='ltr'><strong>est.</strong></span> 
     </span>
     <span class='ocr_line' id='line_1_38' title="bbox 273 3627 1263 3708; baseline -0.004 -18"><span class='ocrx_word' id='word_1_303' title='bbox 273 3627 401 3707; x_wconf 90' lang='lat' dir='ltr'><strong>ideoque</strong></span> <span class='ocrx_word' id='word_1_304' title='bbox 417 3629 521 3687; x_wconf 87' lang='lat' dir='ltr'><strong>frustra</strong></span> <span class='ocrx_word' id='word_1_305' title='bbox 542 3631 732 3708; x_wconf 79' lang='lat' dir='ltr'><strong>praecipitur,</strong></span> <span class='ocrx_word' id='word_1_306' title='bbox 754 3638 785 3688; x_wconf 93' lang='lat' dir='ltr'><strong>ut</strong></span> <span class='ocrx_word' id='word_1_307' title='bbox 800 3631 828 3688; x_wconf 92' lang='lat' dir='ltr'><strong>in</strong></span> <span class='ocrx_word' id='word_1_308' title='bbox 841 3628 898 3689; x_wconf 88' lang='lat' dir='ltr'><strong>hoe</strong></span> <span class='ocrx_word' id='word_1_309' title='bbox 913 3638 987 3688; x_wconf 88' lang='lat' dir='ltr'><strong>statu</strong></span> <span class='ocrx_word' id='word_1_310' title='bbox 1004 3646 1106 3690; x_wconf 88' lang='lat' dir='ltr'><strong>voeem</strong></span> <span class='ocrx_word' id='word_1_311' title='bbox 1122 3631 1212 3707; x_wconf 88' lang='lat' dir='ltr'><strong>ipsam</strong></span> <span class='ocrx_word' id='word_1_312' title='bbox 1227 3627 1263 3686; x_wconf 87' lang='lat' dir='ltr'><strong>ad</strong></span> 
     </span>
     <span class='ocr_line' id='line_1_39' title="bbox 273 3712 1264 3793; baseline -0.004 -21"><span class='ocrx_word' id='word_1_313' title='bbox 273 3722 399 3774; x_wconf 87' lang='lat' dir='ltr'><strong>nostram</strong></span> <span class='ocrx_word' id='word_1_314' title='bbox 416 3722 526 3793; x_wconf 88' lang='lat' dir='ltr'><strong>partem</strong></span> <span class='ocrx_word' id='word_1_315' title='bbox 551 3731 686 3774; x_wconf 80' lang='lat' dir='ltr'><strong>conemur</strong></span> <span class='ocrx_word' id='word_1_316' title='bbox 705 3722 832 3775; x_wconf 81' lang='lat' dir='ltr'><strong>vertere.</strong></span> <span class='ocrx_word' id='word_1_317' title='bbox 874 3712 961 3792; x_wconf 84' lang='lat' dir='ltr'><strong>llam,</strong></span> <span class='ocrx_word' id='word_1_318' title='bbox 986 3714 1011 3772; x_wconf 91' lang='lat' dir='ltr'><strong>si</strong></span> <span class='ocrx_word' id='word_1_319' title='bbox 1030 3713 1059 3773; x_wconf 93' lang='lat' dir='ltr'><strong>id</strong></span> <span class='ocrx_word' id='word_1_320' title='bbox 1078 3713 1140 3772; x_wconf 89' lang='lat' dir='ltr'><strong>lieri</strong></span> <span class='ocrx_word' id='word_1_321' title='bbox 1156 3719 1264 3791; x_wconf 80' lang='lat' dir='ltr'><strong>potest,</strong></span> 
     </span>
    </p>
   </div>
   <div class='ocr_carea' id='block_1_3' title="bbox 0 0 1609 4409">
    <p class='ocr_par' dir='ltr' id='par_1_6' title="bbox 0 0 1609 4409">
     <span class='ocr_line' id='line_1_40' title="bbox 0 0 1609 4409; baseline 0 0"><span class='ocrx_word' id='word_1_322' title='bbox 0 0 1609 4409; x_wconf 95' lang='lat' dir='ltr'><strong> </strong></span> 
     </span>
    </p>
   </div>
  </div>
 </body>
</html>
