3184 4409
511 522 518 539 ¹
569 467 658 518 nasu.
673 467 1000 537 cennomannis.
1216 458 1277 521 243

246 655 263 694 ,
298 636 375 701 paam
397 621 606 698 copiosissimis
627 623 724 683 verbis
746 622 900 701 approbari
922 633 1021 701 putant
1038 634 1185 702 oportere.
1215 625 1279 686 Hoc

246 720 262 777 η’
298 721 348 782 spo
365 713 457 765 totum
473 723 536 764 cum
553 724 605 765 sua
620 709 731 766 ratione
748 725 833 765 unum
850 717 935 784 puto;
958 708 1065 785 alioqui
1080 711 1105 767 si
1120 711 1192 767 ratio
1210 727 1278 787 pars

246 824 262 860 f
298 782 354 864 e'st,
372 797 419 847 est
436 797 529 847 autem
545 792 624 850 varia
639 792 728 849 ratio:
745 791 844 869 plures
859 800 956 867 partes
973 809 1039 850 esse
1055 791 1192 850 dieantur.
1222 792 1276 851 ns·
1290 802 1308 855 8

246 893 262 943 ς
297 872 481 950 sumptionem
496 872 599 932 deinde
616 875 710 950 ponit:
740 872 935 934 Nemeaeum
950 877 1079 935 omnium
1099 895 1202 936 reram
1217 896 1279 937 mc-

246 969 261 1026 'J
297 954 348 1016 tm
361 972 453 1033 qaam
467 959 564 1016 omnio
577 959 708 1018 mandas
722 959 963 1023 administratur.
1000 958 1087 1015 Huius
1110 962 1279 1036 assumptio·

246 1072 260 1109 Ι
296 1040 333 1097 nis
354 1047 458 1117 quarto
483 1039 512 1098 in
537 1039 604 1098 loeo
628 1041 683 1100 iam
704 1056 792 1118 porro
809 1041 944 1100 inducunt
966 1041 1217 1118 approbationem
1243 1043 1279 1102 de

246 1153 279 1201 a·
297 1137 347 1201 pao
363 1122 439 1182 idem
455 1122 532 1200 quod
547 1141 633 1200 supra
650 1124 725 1183 dico.
754 1123 859 1196 Quinto
872 1125 1005 1183 inducunt
1019 1125 1085 1183 loco
1102 1125 1308 1202 complexio-9

246 1222 259 1277 ς·
295 1222 373 1280 nam,
398 1222 474 1283 quae
495 1214 543 1265 aut
562 1205 590 1265 id
605 1207 690 1266 infert
705 1207 813 1281 solum,
840 1207 918 1286 quod
940 1226 977 1266 ex
1001 1208 1129 1267 omnihus
1152 1208 1280 1287 partibus

246 1322 259 1359 ι
296 1289 416 1366 cogitur,
430 1287 487 1348 lroc
504 1289 607 1366 molo,
631 1288 761 1352 Consilio
774 1293 867 1367 ipitur
883 1293 1014 1351 manduc
1029 1293 1281 1362 administratam·

246 1406 259 1444 .
295 1381 355 1447 aut,
375 1390 462 1432 anum
482 1373 622 1432 inlocum
638 1392 700 1433 cum
716 1374 852 1433 conduxit
867 1374 994 1433 breviter
1008 1377 1234 1452 propositionem
1252 1384 1282 1434 ει

246 1491 260 1529 ,ρ
296 1456 526 1534 assumptionem,
545 1456 681 1534 adiungit,
698 1457 765 1535 quid
781 1475 819 1516 ex
833 1457 877 1517 his
893 1459 1070 1533 conficiatur,
1089 1459 1124 1518 ad
1136 1459 1280 1518 hunemo-

246 1576 260 1609 e
296 1537 369 1598 lum:
395 1535 513 1611 Quodsi
534 1541 642 1602 melius
658 1550 823 1619 peractam,
848 1557 927 1618 quae
948 1543 1071 1603 consilio
1093 1560 1183 1618 pisam
1203 1559 1282 1620 qaae

246 1657 260 1699 ρ
295 1623 355 1683 sisse
372 1623 498 1685 masiae
518 1625 787 1701 administrantur,
809 1625 885 1685 citit
907 1633 1007 1685 actem
1027 1628 1156 1686 omnium
1178 1644 1281 1688 reram

246 1743 260 1779 ῃ
295 1707 397 1778 melias
415 1721 506 1784 qaam
521 1709 617 1769 ommis
631 1711 762 1770 mandas
776 1709 1025 1770 administratur:
1046 1711 1169 1781 castalio
1187 1711 1282 1789 ipitar

246 1823 259 1860 p
295 1791 421 1851 mundas
434 1791 676 1852 administratur.
715 1789 766 1850 Cui
781 1793 855 1870 parti
870 1793 1028 1851 consentio.

363 1872 404 1939 ,ln
419 1872 510 1933 tribus
527 1884 631 1950 autern,
646 1893 716 1954 quas
729 1876 860 1949 fecimus,
879 1876 1006 1953 partibus
1029 1893 1086 1934 non
1106 1885 1150 1935 est
1167 1877 1322 1935 formato

246 1990 256 2025 ,
294 1974 408 2035 semper
424 1957 525 2017 eadem
545 1958 601 2017 sed*
621 1977 704 2037 una,
727 1960 755 2018 in
772 1978 828 2037 qua
843 1959 918 2018 idem
936 1959 1131 2034 concluditur,
1148 1960 1224 2037 quotl
1240 1962 1279 2018 in-

294 2041 429 2102 tenditur:
452 2037 564 2102 Am‘ma
578 2043 758 2103 immortalis
772 2052 826 2103 cat.
855 2041 934 2102 Nam
948 2045 1097 2120 quidquid
1111 2062 1150 2104 ea
1170 2062 1203 2102 se
1215 2045 1282 2120 ipsc

246 2152 253 2193 t·
293 2132 435 2200 noceam,
449 2125 617 2186 immortale
632 2134 694 2194 esa·
713 2128 816 2186 amima
831 2136 931 2186 autem
946 2145 986 2187 ec
1000 2146 1032 2187 aa
1052 2128 1121 2204 ipso
1134 2136 1280 2202 movetur,

246 2238 250 2277 ι
292 2209 468 2270 immortalis
488 2210 582 2286 ipitar
597 2217 641 2271 est
657 2213 771 2270 anima.
806 2208 870 2268 lloc
889 2209 920 2267 lit
939 2226 995 2268 non
1011 2210 1103 2269 solum
1118 2211 1145 2268 in
1160 2211 1281 2284 singulis

246 2341 248 2355 ,
293 2292 466 2369 argumentis
488 2291 540 2351 sed
562 2293 677 2351 intotis
702 2294 813 2367 causis,
839 2310 911 2370 quae
935 2303 999 2351 sunt
1019 2293 1182 2370 simplices,
1205 2302 1235 2351 ει
1252 2295 1280 2352 in

293 2373 517 2454 quaestionibus.
558 2375 630 2435 Nam
652 2385 680 2434 et
695 2377 749 2436 hae
772 2377 890 2455 primam
911 2375 1016 2436 habent
1035 2377 1321 2455 propositionemzll

291 2457 494 2538 Sacriiepiam
519 2463 692 2522 commisisti
697 2483 711 2529 ;
733 2458 816 2535 Nom,
842 2461 978 2537 quisquis
997 2462 1141 2522 laminam
1156 2462 1280 2535 occidit,

292 2544 399 2605 caedis
412 2551 548 2618 tenetur,
572 2542 675 2603 deinde
691 2545 846 2610 rationem
866 2544 934 2621 (sed
949 2543 1021 2604 haec
1038 2546 1125 2603 estin
1141 2544 1236 2603 causis
1253 2552 1282 2603 et

291 2627 462 2704 quaestione
480 2627 595 2703 longior
610 2645 692 2704 quam
707 2629 735 2686 in
756 2627 876 2703 siugulis
893 2630 1088 2706 argumentis)
1112 2636 1140 2686 et
1157 2627 1281 2704 plerum·

292 2726 345 2787 que
365 2728 476 2770 summa
499 2710 716 2787 complexione,
742 2711 791 2770 vel
818 2728 872 2787 per
895 2713 1135 2771 enumerationem
1158 2711 1207 2770 vel
1229 2729 1283 2788 per

291 2791 409 2853 hresern
436 2794 666 2869 conclusionem,
694 2803 851 2869 testantur,
875 2794 942 2871 quid
968 2795 1126 2854 effecerint.
1167 2794 1199 2853 ln
1224 2794 1282 2875 hoc

290 2893 400 2952 genere
416 2879 578 2955 propositio
594 2877 678 2938 dubia
695 2887 748 2952 est,
766 2878 802 2938 de
814 2878 867 2936 hac
881 2879 954 2936 enim
966 2880 1121 2956 quaeritur.
1151 2877 1323 2940 Alteram

291 2969 336 3020 est
356 2960 523 3038 complexio
544 2978 602 3020 non
624 2979 676 3040 par
701 2963 848 3021 intentioni
871 2960 924 3020 sed
947 2963 1004 3019 vim
1030 2961 1139 3020 hahens
1166 2978 1281 3038 parem:

290 3041 375 3107 licre
387 3045 466 3106 cilsil
484 3046 528 3106 ad
541 3064 609 3119 aas,
625 3063 695 3106 nam
709 3047 790 3123 qaod
804 3053 849 3105 est
867 3046 1054 3122 discolatum,
1070 3063 1161 3106 amasa
1177 3053 1283 3113 aurete

291 3129 372 3206 qaod
385 3135 488 3190 autem
501 3147 592 3190 aesica
612 3137 708 3205 earet,
728 3130 805 3190 ailsil
815 3130 859 3189 ad
870 3147 933 3190 mos.
964 3128 995 3187 ln
1011 3128 1085 3188 alio
1100 3143 1284 3205 generenam

290 3211 392 3272 eadem
406 3213 568 3290 propositio
587 3221 631 3271 est
646 3231 720 3291 quae
736 3213 895 3272 connexio:
919 3209 1026 3272 Omnia
1053 3213 1201 3272 animalia
1219 3231 1282 3272 me-

289 3296 368 3358 liora
381 3304 454 3357 aaut
472 3312 564 3373 paam
585 3297 737 3371 inanima,
763 3296 839 3357 mileti
864 3302 963 3357 actem
982 3296 1088 3356 melias
1102 3304 1146 3355 est
1160 3296 1283 3372 maala,

289 3380 423 3440 maasias
443 3381 536 3458 ipitar
557 3381 679 3441 animai.
721 3379 775 3440 llic
795 3386 894 3458 potest
912 3379 1004 3438 videri
1025 3379 1061 3438 de
1076 3397 1109 3438 re
1125 3380 1281 3438 contentio.

289 3461 384 3522 Potuit
400 3465 474 3523 enim
495 3465 538 3523 sic
560 3465 693 3523 constitui
711 3464 909 3523 ratiocinatio:
935 3459 1057 3523 Animal
1076 3471 1121 3524 est
1141 3465 1282 3538 mansus,

288 3548 391 3609 amaia
411 3549 489 3608 caim
504 3548 652 3608 amimalia
673 3549 800 3609 meliora
822 3554 892 3606 caat
913 3554 1003 3623 qaam
1022 3548 1159 3608 inanima
1186 3556 1215 3606 et
1235 3564 1282 3605 ce-

289 3639 360 3692 tera.
398 3629 480 3690 Haec
494 3631 656 3707 propositio
672 3639 720 3690 aut
738 3630 872 3690 confessa
887 3639 931 3688 est
950 3638 981 3689 ut
997 3631 1137 3708 proxima,
1154 3639 1201 3690 aut
1216 3633 1325 3708 pro-13

289 3712 385 3777 banda
405 3723 452 3793 ut,
484 3711 544 3789 Oai
564 3715 686 3777 beatam
707 3716 800 3776 eitam
825 3715 927 3775 eicere
947 3715 1041 3792 colet,
1060 3713 1284 3860 ρρὲρεοριιειεν
