3184 4409
586 481 1008 554 1usr.ooarou.c1s.x,t.
1237 473 1296 536 185

297 641 478 720 frequentia,
495 648 526 700 ιιι
541 639 623 698 miles
642 647 785 699 concentu
801 642 961 716 signorum,
979 642 1129 701 excitatur.
1166 641 1337 720 Namquet‘t

299 736 329 786 et
344 724 536 785 difficiliorem
551 725 757 800 cogitationem
774 725 907 802 exprimit
928 734 957 784 et
977 725 1099 803 expellit
1113 726 1226 788 dicendi
1246 747 1295 788 ue-

299 811 438 884 cessitas,
460 816 489 867 et
512 808 657 867 secundos
673 809 796 886 impetus
814 816 902 886 auget
916 809 1050 886 placendi
1066 810 1181 888 cupido.
1195 837 1198 844 ·
1212 811 1295 872 Adeo

298 895 420 973 pretium
441 893 534 951 omnia
557 899 704 970 spectant,
732 900 763 951 ut
782 892 948 969 eloquentia
970 911 1104 972 quoque,
1136 912 1297 973 quanquam

296 978 447 1056 plurimum
472 975 577 1036 babeat
595 977 623 1034 in
642 994 675 1034 se
699 975 873 1053 voluptatis,
893 978 1016 1037 maxime
1037 987 1131 1036 tamen
1150 981 1295 1056 praesenti

297 1063 392 1121 fructu
416 1061 507 1121 laudis
532 1060 734 1137 opinionisque
760 1059 890 1120 ducatur.
929 1058 993 1121 Nec
1019 1062 1169 1139 quisquam
1190 1071 1338 1128 tantumne

298 1147 366 1206 fidat
381 1144 514 1223 ingenio,
531 1153 561 1203 ιιι
577 1143 604 1203 id
619 1143 674 1203 sibi
691 1153 792 1221 speret
803 1146 950 1223 incipienti
971 1148 1066 1207 statim
1080 1163 1169 1223 posse
1185 1149 1293 1206 contin·

298 1247 383 1306 gere;
412 1228 475 1303 sed,
498 1229 571 1287 sicut
598 1229 627 1286 iu
647 1229 824 1305 cogitatione
839 1231 1047 1307 praecipimus,
1073 1231 1112 1290 ita
1128 1230 1296 1290 facilitatem

298 1329 415 1391 quoque
438 1312 664 1389 extemporalem
687 1329 704 1371 a
724 1315 821 1390 parvis
841 1314 928 1372 initiis
949 1314 1085 1391 paulatim
1103 1312 1295 1392 perducemus

297 1398 332 1458 ad
346 1414 491 1471 summam,
508 1414 582 1474 quae
598 1413 692 1474 neque
709 1396 812 1474 perlici
827 1415 922 1475 neque
937 1399 1077 1458 contineri
1092 1400 1145 1457 nisi
1162 1417 1215 1458 usu
1230 1407 1295 1477 pot·

299 1491 352 1542 est.
387 1478 523 1543 Ceterum
542 1482 697 1558 pervenire
720 1497 756 1540 eo
779 1480 882 1557 debet,
907 1490 939 1540 ut
958 1483 1096 1559 cogitatio
1117 1500 1174 1542 uon
1196 1485 1335 1560 utique19

296 1565 400 1624 melior
415 1567 452 1624 sit
469 1582 503 1624 ea
515 1563 567 1623 sed
579 1567 679 1632 tutior;
698 1582 761 1624 cum
775 1563 849 1625 banc
861 1564 1027 1625 iacilitatem
1039 1585 1095 1626 uon
1109 1584 1197 1645 prosa
1208 1567 1294 1627 modo

296 1649 377 1713 multi
392 1650 449 1708 siut
466 1651 631 1724 consecuti,
654 1648 706 1709 sed
725 1651 811 1708 etiam
826 1651 966 1725 carmine,
989 1659 1020 1710 ut
1041 1651 1192 1729 Antipater
1211 1653 1293 1712 Sido·

296 1735 360 1793 nius
376 1741 406 1792 et
419 1731 542 1792 Licinius
557 1731 695 1800 Archiam
717 1733 891 1793 credendum
913 1736 988 1794 enim
1004 1733 1138 1795 Ciceroni
1156 1745 1216 1810 est3
1237 1754 1295 1796 nou

297 1818 364 1896 quia
380 1818 486 1876 nostris
505 1833 621 1894 quoque
643 1816 833 1895 temporibus·
844 1836 902 1877 non
924 1826 953 1877 et
970 1818 1094 1879 fecerint
1110 1819 1294 1897 quidamboc

297 1910 326 1960 et
341 1899 456 1961 faciant.
491 1899 575 1973 Quod
590 1911 683 1962 tamen
698 1918 756 1966 nou
773 1902 866 1979 ipsum
885 1911 942 1961 tarn
957 1902 1108 1980 probabile
1124 1913 1204 1982 puto,
1229 1905 1294 1982 (ne-

297 2003 354 2063 que
370 1986 444 2044 enim
459 1984 547 2045 babet
561 1993 609 2044 aut
623 2003 704 2043 usum
716 2002 764 2042 res
780 1993 828 2044 aut
841 1987 1066 2066 necessitatem)
1086 2005 1168 2064 quam
1189 1988 1293 2048 exbor-

295 2069 389 2129 tandis
404 2070 432 2127 in
447 2067 521 2129 banc
535 2086 627 2146 spem,
643 2070 691 2146 qui
705 2068 771 2128 foro
786 2079 1012 2147 praeparantur,
1031 2071 1102 2130 utile
1120 2072 1292 2150 exemplum.

295 2152 399 2231 Neque
421 2171 492 2212 vero
515 2162 592 2213 tanta
614 2171 680 2212 esse
700 2170 823 2230 unquam
847 2152 934 2213 debet
954 2153 1056 2214 fiducia
1079 2154 1244 2230 facilitatis,
1264 2166 1336 2220 utto

295 2254 354 2296 non
369 2236 459 2296 breve
472 2236 575 2296 saltem
592 2245 720 2314 tempus,
742 2237 819 2314 quod
839 2255 978 2315 nusquam
990 2238 1053 2298 fere
1072 2239 1180 2314 deerit,
1203 2239 1238 2299 ad
1258 2258 1293 2300 ea

296 2338 371 2399 quae
387 2320 490 2380 dicturi
506 2323 593 2379 simus
615 2320 792 2398 dispicienda
810 2339 967 2389 sumamus;
989 2323 1018 2380 iu
1037 2323 1150 2382 iudiciis
1172 2340 1206 2382 ac
1227 2324 1292 2384 foro

295 2406 379 2464 datur
393 2422 518 2482 semper.
553 2402 657 2484 Neque
680 2407 754 2464 enim
775 2406 924 2483 quisquam
940 2413 1000 2480 est,
1017 2407 1065 2484 qui
1081 2408 1196 2466 causam
1209 2425 1292 2485 quam

296 2505 353 2547 non
374 2488 505 2549 didicerit
526 2496 602 2565 agat.
646 2487 866 2550 Declamatores
896 2490 1035 2567 quosdam
1056 2508 1196 2568 perversa
1218 2492 1333 2555 ducittt

295 2572 422 2648 ambitio,
437 2582 468 2632 ιιι
483 2573 615 2651 exposita
632 2575 831 2632 controversia
845 2575 975 2651 protinus
991 2574 1090 2633 dicere
1104 2575 1206 2643 velint;
1225 2577 1292 2652 quin

295 2660 397 2732 etiam,
416 2657 493 2734 quod
515 2659 603 2739 estin
615 2657 713 2734 primis
727 2656 862 2716 frivolum
877 2675 912 2717 ac
927 2660 1090 2733 scenicum,
1107 2658 1225 2719 verbum
1240 2678 1291 2738 pe·

293 2750 370 2815 tant,
389 2758 446 2818 quo
465 2742 609 2819 incipiant.
644 2740 703 2800 Sed
718 2749 774 2801 tam
790 2741 1016 2801 contumeliosos
1040 2743 1117 2802 inse
1134 2742 1208 2803 ridet
1222 2745 1292 2802 iuri·

296 2844 359 2884 cem
383 2825 566 2903 eloquentia,
593 2832 623 2884 et
651 2826 700 2901 qui
720 2825 815 2885 stultis
834 2826 926 2885 videri
948 2826 1050 2886 eruditi
1073 2827 1190 2903 volunt,
1211 2827 1291 2887 stulti

295 2909 414 2968 eruditis
432 2908 600 2969 iudicantur.
633 2909 664 2969 st
681 2926 737 2986 qua
749 2918 843 2969 tamen
854 2909 967 2971 fortuna
983 2919 1039 2971 tam
1054 2911 1175 2971 subitam
1189 2910 1348 2972 fecerittt'

295 2992 399 3066 agendi
411 2995 631 3053 necessitatem:
649 2992 802 3053 mobiliore
821 2994 944 3072 quodam
961 3011 1034 3073 opus
1050 2996 1104 3054 erit
1119 2996 1247 3071 ingenio,
1263 3004 1293 3054 et

294 3077 339 3134 vis
356 3079 445 3135 omnis
461 3076 631 3137 intendenda
645 3076 744 3153 rebus,
759 3085 789 3136 et
803 3078 832 3137 in
847 3080 1011 3156 praesentia
1026 3078 1225 3138 remittendum
1241 3078 1291 3138 ali·

296 3158 415 3236 quidex
432 3161 689 3234 curaverborum,
710 3162 734 3220 si
757 3165 897 3239 consequi
917 3172 1069 3240 utrumque
1088 3179 1146 3222 non
1169 3161 1289 3222 dabitur.

296 3243 365 3301 Turn
378 3251 406 3301 et
421 3244 530 3304 tardior
544 3245 736 3323 pronuntiatio
751 3262 847 3304 moras
859 3245 945 3307 habet
960 3254 989 3305 et
1002 3263 1145 3324 suspensa
1162 3263 1197 3306 ac
1211 3246 1291 3306 velut

295 3325 426 3385 dubitans
442 3330 550 3402 oratio,
573 3337 603 3387 ut
617 3336 712 3387 tamen
728 3328 892 3390 deliberare
906 3348 964 3429 Qu
975 3329 1119 3390 haesitare
1133 3331 1289 3390 videamur.

295 3409 372 3485 Hoc,
390 3410 455 3469 dum
468 3411 632 3487 egredimur
648 3430 665 3471 e
680 3421 782 3491 portu,
799 3414 824 3473 si
838 3431 892 3474 nos
907 3413 1030 3474 noudum
1046 3416 1149 3492 aptatis
1163 3415 1231 3475 satis
1247 3421 1332 3475 arat

295 3495 442 3553 oramentis
460 3504 528 3571 aget
550 3505 667 3564 ventus;
688 3496 792 3557 deinde
817 3498 951 3575 paulatim
965 3499 1048 3558 simul
1064 3507 1164 3558 euntes
1181 3498 1291 3577 aptabi-

294 3598 356 3637 mus
371 3578 437 3638 vela
453 3587 482 3638 et
499 3578 684 3658 disponemus
700 3576 837 3641 rudebtes
855 3592 885 3641 et
902 3583 1014 3662 impleri
1025 3583 1104 3642 sinus
1118 3583 1288 3662 optabimus.

294 3663 324 3722 ld
341 3663 453 3740 potius,
478 3681 561 3741 quam
587 3682 620 3723 se
640 3666 715 3724 inani
730 3665 886 3727 verborum
903 3668 1024 3747 torrenti
1038 3667 1108 3728 dare
1123 3667 1205 3746 quasi
1220 3676 1290 3726 tern-

294 3746 464 3826 pestatibus,
481 3765 538 3827 quo
553 3748 669 3827 volent,
684 3749 880 3811 auferendum.
