3184 4409
582 473 1013 542 1usn.onan0n.1.1u.v1‚e.
1236 465 1298 529 267

295 633 323 693 si
339 640 435 691 tamen
452 648 510 691 non
524 631 561 691 sit
575 628 762 705 immodicus,
783 630 868 689 adeat
889 629 996 707 aliquid
1011 632 1148 710 propriae
1165 633 1298 711 volupta-

294 717 352 777 tis:
376 717 414 774 ita
436 715 464 774 hi
487 731 603 793 quoqne
626 714 799 773 indicendo
822 713 928 774 habent
944 715 1092 792 quiddam,
1115 717 1193 794 qood
1214 717 1298 776 nobis

289 800 388 863 iaciat
408 798 542 859 audiendi
564 799 648 857 sitim.
681 795 860 857 Facetum
882 815 998 877 quoque
1019 817 1077 859 non
1097 809 1204 859 tantum
1220 802 1299 861 circa

295 881 421 943 ridicula
443 883 547 960 opinor
566 883 739 941 consistere.
786 881 891 961 Neque
920 885 994 942 enim
1017 883 1129 943 diceret
1152 883 1341 961 Horatius,2o

296 966 426 1039 facetum
457 967 589 1027 carminis
615 983 708 1042 genus
736 973 837 1024 natura
863 983 1036 1038 concessum
1061 985 1128 1026 esse
1153 967 1296 1044 Vergilio.

295 1049 423 1111 Decoris
445 1049 519 1109 hanc
536 1050 627 1124 magis
650 1057 680 1107 et
701 1049 835 1108 excultae
853 1051 1000 1110 cuiusdam
1017 1050 1179 1127 elegantiae
1197 1053 1297 1130 appel·

297 1134 436 1194 lationem
451 1143 531 1211 puto.
568 1133 696 1210 Ideoque
711 1133 740 1190 in
753 1133 886 1210 epistolis
902 1131 1007 1193 Cicero
1023 1134 1096 1194 haec
1110 1134 1190 1193 Bruti
1207 1135 1299 1195 reiert

296 1216 406 1277 verba:
428 1215 497 1278 Noc
515 1218 561 1277 itti
581 1225 651 1277 etant
669 1217 767 1295 pedes
786 1217 882 1294 faceti
910 1237 950 1278 ac
971 1221 1090 1279 deliciis
1114 1221 1299 1296 tapredtamt

296 1301 427 1363 mutua.
464 1300 549 1373 Quod
575 1301 709 1359 convenit
734 1317 799 1359 curn
824 1300 875 1359 illo
902 1300 1073 1377 Horatiano,
1099 1303 1185 1364 molle
1206 1313 1299 1380 atque

294 1385 434 1464 facetum
451 1382 593 1463 Verpa'lio.
622 1383 740 1443 locum
754 1401 826 1443 vero
841 1385 1008 1462 accipimus,
1029 1385 1105 1463 quod
1123 1395 1169 1445 est
1184 1392 1338 1452 contra-21

296 1470 373 1529 rium
386 1470 480 1536 serio;
502 1486 566 1527 nam
588 1476 617 1527 et
637 1467 748 1544 tingere
772 1476 801 1526 et
820 1475 933 1528 terrere
954 1479 983 1528 et
999 1471 1167 1547 promittere
1185 1471 1295 1529 interim

296 1555 382 1613 iocus
396 1561 451 1612 cst.
481 1551 675 1612 Dicacitas
698 1552 760 1610 sine
776 1551 863 1611 dubio
879 1571 895 1612 a
910 1553 1044 1629 dicendo,
1064 1554 1141 1630 quod
1160 1563 1205 1612 est
1221 1556 1297 1612 omni

297 1638 401 1714 generi
421 1653 588 1711 commune,
605 1635 689 1695 ducta
705 1643 768 1710 est,
784 1638 903 1713 proprie
919 1646 1012 1697 tamen
1026 1637 1169 1713 significat
1187 1655 1296 1697 sermo·

297 1738 365 1781 nem
380 1738 443 1779 cum
458 1722 516 1779 risu
531 1720 644 1797 aliquos
657 1721 861 1778 incessentem.
894 1719 964 1782 ldeo
982 1720 1199 1781 Demosthenen
1213 1720 1296 1781 urba·

297 1804 478 1865 neminisse
493 1804 601 1878 dicunt,
619 1804 748 1863 dicacem
763 1812 879 1880 negant.

383 1887 533 1965 Proprium
556 1895 650 1947 autem
669 1889 825 1962 materiae,
849 1887 885 1947 de
908 1905 963 1965 qua
984 1905 1058 1947 nunc
1074 1887 1231 1966 loquimur,
1253 1897 1338 1954 estse

299 1971 511 2046 ridiculum,
534 1972 660 2049 ideoque
689 1970 762 2030 haec
789 1979 850 2031 tota
877 1971 1032 2050 disputatio
1054 1990 1069 2031 a
1092 1971 1210 2031 Graecis
1230 1971 1297 2049 περὶ

297 2055 415 2135 γελοίου
434 2055 607 2114 inscribitur.
640 2053 710 2113 Eius
726 2057 815 2132 prima
831 2055 934 2114 divisio
949 2055 1069 2114 traditor
1084 2055 1200 2130 eadem,
1221 2073 1296 2132 quae

299 2149 344 2201 eat
366 2141 459 2199 omnis
482 2141 637 2214 orationis,
660 2147 690 2196 ut
712 2140 749 2197 sit
767 2140 893 2216 positum
916 2141 945 2198 in
965 2139 1052 2198 rebus
1074 2149 1122 2198 aut
1143 2141 1171 2198 in
1185 2138 1293 2198 uerbis.

297 2223 377 2285 Usus
388 2232 484 2283 autem
498 2224 619 2282 maxime
635 2222 751 2299 triplex.
786 2221 846 2281 Aut
862 2223 936 2281 eninr
951 2241 989 2281 ex
1004 2223 1058 2282 ali
1068 2225 1098 2282 is
1118 2224 1206 2281 risum
1223 2224 1339 2300 peti-23

299 2325 361 2369 nnus
375 2315 427 2366 aut
442 2325 480 2365 ex
503 2306 610 2366 nobis
630 2315 677 2364 aut
699 2323 737 2364 ex
755 2305 865 2366 rebus
888 2306 1033 2365 mediis.
1064 2306 1169 2366 Aliena
1187 2315 1295 2366 autre·

300 2390 504 2470 prehendimus
527 2398 575 2449 aut
594 2389 750 2449 refutamus
775 2399 824 2449 aut
843 2390 989 2449 elevamus
1016 2399 1065 2449 aut
1085 2390 1295 2468 repercutimus

300 2483 347 2535 aut
361 2474 513 2535 eludimus.
543 2474 649 2533 Nostra
665 2473 785 2533 ridicule
801 2473 957 2533 indicamus
973 2482 1013 2549 et,
1029 2483 1059 2532 ut
1071 2473 1164 2532 verbo
1177 2471 1294 2532 Cicero·

301 2560 344 2619 nis
363 2567 439 2631 utar,
456 2557 575 2616 dicimus
590 2558 684 2635 aliqua
703 2556 891 2617 subabsurda.
923 2557 1053 2635 Namque
1074 2557 1191 2632 eadem,
1208 2575 1294 2634 quae,

301 2643 325 2703 ai
338 2641 566 2720 Mprudentihus
583 2641 726 2715 excidant,
743 2642 830 2701 stulta
846 2650 926 2715 sunt,
943 2643 967 2700 si
985 2641 1159 2716 simulamus,
1175 2649 1294 2701 venusta
1313 2690 1315 2695 .

302 2725 466 2787 medentur.
496 2725 623 2783 Tertium
640 2733 684 2783 est
698 2743 789 2802 genus
802 2769 811 2800 ,
826 2734 856 2784 ut
870 2725 945 2785 idem
963 2725 1046 2799 dicit,
1072 2727 1100 2784 in
1117 2725 1295 2803 decipiendis
1303 2732 1338 2786 24

304 2808 573 2889 expectationibus,
600 2808 684 2868 dictis
711 2808 795 2868 aliter
816 2809 994 2888 accipiendis
1016 2811 1197 2885 ceterisque,
1220 2826 1294 2885 quae

304 2894 432 2953 neutram
452 2909 606 2969 personam
627 2893 794 2968 contingant
810 2893 934 2970 ideoque
954 2911 970 2951 a
986 2910 1032 2951 me
1047 2892 1141 2950 media
1154 2893 1294 2951 dicuntur.

305 2976 375 3039 lten
400 2975 526 3034 ridicula
551 2985 599 3034 aut
623 2976 778 3035 facimus
806 2986 854 3036 aut
876 2976 1039 3035 dicimus.
1081 2974 1194 3035 Facto
1221 2975 1336 3036 risnstt

306 3060 474 3121 conciliatur
489 3061 599 3117 interim
615 3058 736 3117 admixta
752 3062 909 3135 gravitate:
930 3068 960 3143 ut
974 3057 1011 3117 Μ.
1029 3057 1146 3118 Caelius
1166 3067 1294 3136 praetor,

305 3162 367 3205 carn
380 3143 484 3203 sellam
502 3145 562 3202 eius
581 3141 708 3201 curulem
725 3143 827 3202 consul
842 3142 985 3202 isauricus
1006 3142 1160 3218 fregisset,
1176 3141 1295 3201 alteram

303 3229 399 3307 posuit
417 3226 487 3285 loris
503 3229 653 3292 intentam;
675 3225 825 3285 dicebatur
840 3236 934 3285 autem
950 3226 1051 3284 consul
1069 3233 1180 3303 epatre
1194 3225 1295 3301 'flagris

303 3311 457 3389 aliquando
481 3329 598 3378 caesum
620 3311 731 3368 interim
750 3311 813 3369 sine
832 3319 969 3388 respectu
990 3309 1124 3387 pudoris,
1145 3310 1224 3368 utin
1245 3309 1295 3369 illa

302 3395 411 3475 pyxide
428 3392 578 3468 Caeliana,
602 3393 678 3471 quod
699 3412 794 3472 neque
820 3395 927 3453 oratori
951 3411 1046 3470 neque
1065 3393 1116 3452 ulli
1135 3394 1197 3451 viro
1213 3393 1295 3470 gravi

303 3480 467 3541 conueniat.
506 3478 584 3539 ldem
606 3487 699 3536 autem
721 3479 757 3538 de
778 3478 857 3537 vultu
884 3487 1027 3555 gestuque
1047 3477 1170 3536 ridiculo
1190 3477 1336 3537 dictumtfi

303 3563 355 3631 eit;
377 3565 408 3623 in
424 3561 527 3638 quibus
543 3570 588 3621 est
604 3562 717 3637 quidem
732 3581 839 3622 summa
853 3563 961 3638 gratia,
978 3561 1031 3620 sed
1045 3563 1152 3635 maior,
1169 3579 1232 3620 cum
1248 3578 1294 3620 oa·

303 3656 385 3726 ptare
403 3646 491 3704 risum
508 3663 565 3705 non
575 3645 722 3714 videntum
740 3647 809 3706 nihil
825 3648 899 3704 enim
911 3654 956 3704 est
968 3645 1022 3719 his,
1039 3663 1113 3722 quae
1129 3645 1203 3704 sicut
1218 3643 1294 3701 salsa

304 3730 453 3808 dicuntur,
476 3731 621 3790 insulsius.
658 3728 826 3810 Quanquam
846 3739 941 3789 autem
961 3730 1071 3808 gratiae
1089 3729 1241 3807 plurimum
1251 3725 1294 3784 di-
