3184 4409
553 451 1016 517 unsu.oasuoa.mss.·v111,6.
1251 447 1289 505 77

292 607 366 669 Nam
388 617 417 668 et
440 628 555 670 ueneno
576 626 702 670 manare
726 619 754 668 et
774 610 893 688 ferrum
917 627 1043 671 armore
1063 609 1211 670 translatio
1235 623 1289 673 est.

293 695 438 753 secantur
455 693 528 752 haec
543 695 571 751 in
586 695 702 772 plures:
728 703 757 752 ut
775 711 791 752 a
809 693 940 752 rationali
960 693 994 753 ad
1013 694 1153 753 rationale
1172 690 1203 755 et³
1218 696 1292 757 idern
1301 709 1333 762 13

251 773 273 855 ,’
292 775 331 836 de
355 776 584 844 irrationalibus:
609 787 636 836 et
653 778 726 837 haec
742 779 879 851 invicem,
904 776 1006 853 quibus
1026 776 1125 835 similis
1143 782 1216 838 ratio
1234 791 1289 856 est,

294 870 324 920 et
340 878 356 920 a
374 869 436 919 toto
454 869 483 919 et
498 879 513 920 a
529 861 667 939 partibus.
707 861 765 920 Sed
781 863 836 919 iarn
851 877 908 918 non
922 863 1019 938 pueris
1035 864 1243 940 praecipimus,
1261 875 1292 925 ut

293 954 418 1022 accepto
433 962 542 1021 genere
561 947 676 1022 species
693 945 855 1020 intelligere
871 961 927 1002 non
943 946 1063 1022 possint.

377 1027 415 1087 Ut
432 1028 560 1087 modicus
577 1037 671 1087 autern
690 1038 776 1106 atque
798 1037 976 1106 opportunus
999 1031 1059 1086 eius
1078 1047 1145 1086 usus
1166 1030 1290 1092 illustrat
1299 1044 1332 1097 14

295 1112 469 1171 orationem:
495 1114 533 1171 ita
549 1112 686 1190 frequens
704 1121 732 1170 et
748 1112 885 1171 obscurat
905 1122 932 1170 et
949 1113 1043 1171 taedio
1061 1114 1201 1190 complet,
1221 1132 1289 1174 con·

293 1197 387 1254 tinuus
403 1213 473 1255 vero
486 1198 514 1254 in
526 1196 682 1273 allegorias
696 1205 724 1254 et
740 1197 901 1272 aenigmata
914 1198 982 1254 exit.
1015 1197 1086 1255 Sunt
1101 1199 1187 1255 etiam
1202 1215 1288 1275 quae·

295 1279 360 1339 dam
375 1288 405 1338 et
418 1280 538 1339 humiles
556 1280 774 1353 translationes,
797 1289 827 1339 ut
843 1279 888 1352 id,
911 1281 1018 1357 dequo
1036 1280 1121 1338 modo
1138 1281 1213 1357 dixi,
1231 1283 1288 1343 So·

248 1410 257 1424 ,
292 1381 355 1425 aceo
375 1373 419 1424 est
438 1381 588 1440 carroco,
611 1374 639 1423 et
662 1363 807 1422 sordidae.
845 1362 910 1421 Non
935 1366 1024 1437 enim,
1049 1366 1073 1421 si
1090 1362 1194 1423 Cicero
1209 1375 1290 1426 recte
1299 1381 1330 1432 15

292 1448 441 1508 sentinam
458 1450 504 1508 rai
516 1448 659 1525 publicae
674 1448 760 1522 dixit,
778 1447 944 1506 foeditatem
956 1448 1098 1506 hominurn
1114 1448 1287 1526 significans,

292 1530 402 1589 idcirco
419 1531 539 1609 probem
554 1532 623 1591 illud
637 1549 751 1609 quoque
764 1533 872 1590 veteris
889 1533 1028 1606 oratoris,
1045 1529 1230 1593 Persecoisti
1242 1537 1289 1595 rei

290 1614 435 1691 publicae
448 1618 591 1679 uomicas.
626 1614 796 1692 Optimeque
811 1613 914 1674 Cicero
928 1615 1103 1674 demonstrat
1120 1617 1286 1693 cavendum,

291 1714 328 1756 ne
346 1698 390 1756 sit
407 1697 542 1757 deformis
564 1700 729 1758 translatio:
762 1698 854 1775 qualis
876 1708 920 1758 est
943 1700 1023 1777 (nam
1049 1701 1119 1776 ipsis
1141 1701 1202 1759 eius
1225 1711 1288 1760 utar

275 1836 278 1850 ,
291 1781 450 1860 exemplis)
464 1780 637 1843 Contactam
648 1792 742 1844 morte
753 1780 895 1859 Africani
906 1802 970 1843 rem
982 1784 1151 1860 poblicum,
1164 1793 1192 1842 et
1204 1783 1286 1845 Ster-

290 1884 347 1925 cus
362 1868 468 1926 canae
479 1867 640 1927 Glauciam
645 1889 659 1935 ;
680 1885 716 1925 ne
731 1867 816 1924 nimio
833 1869 922 1925 maior
937 1876 998 1940 aut,
1017 1867 1093 1943 quod
1107 1869 1223 1943 saepius
1239 1887 1285 1928 ac·
1297 1878 1329 1931 16

291 1947 375 2024 cidit,
400 1950 505 2017 minor;
528 1969 563 2008 ne
585 1950 741 2009 dissimilis.
787 1949 914 2027 Quorum
936 1951 1069 2028 exempla
1092 1952 1205 2010 nimium
1229 1953 1285 2011 ire·

289 2042 412 2109 quanter
429 2034 644 2111 deprehendet,
662 2035 716 2112 qui
727 2035 826 2092 scierit
843 2034 917 2093 haec
931 2036 999 2094 vitia
1015 2052 1093 2093 esse.
1128 2035 1186 2094 Sed
1202 2040 1286 2114 copia

289 2132 406 2194 quoque
421 2117 534 2176 modurn
551 2135 669 2194 egressa
686 2119 790 2176 vitiosa
807 2126 866 2191 est,
885 2119 1042 2194 praecipue
1057 2120 1084 2176 in
1101 2119 1201 2177 eadem
1219 2139 1285 2196 spe·

288 2200 345 2257 cie.
382 2200 452 2260 Sunt
474 2211 502 2259 et
520 2203 625 2276 durae,
647 2202 675 2261 id
696 2211 741 2262 est
757 2220 773 2261 a
789 2201 944 2277 longinqua
965 2203 1148 2261 similitudine
1164 2202 1327 2267 ductae:17

287 2292 319 2341 ut
335 2286 544 2361 capitinulam
560 2295 588 2344 et

414 2367 553 2448 luppiter
564 2369 708 2430 hibernas
723 2389 804 2429 cona
818 2371 887 2429 nine
902 2372 1040 2447 antispodi
1055 2371 1159 2447 Alpes⁰

288 2450 320 2509 lu
337 2449 387 2509 illo
403 2469 473 2510 vero
490 2453 640 2530 plurimum
658 2454 781 2527 erroris,
806 2454 882 2530 quod
898 2471 947 2525 ea,
966 2472 1039 2531 quae
1055 2455 1166 2537 poetis,
1188 2456 1234 2530 qui
1255 2464 1284 2514 et

288 2535 382 2594 omnia
405 2535 440 2594 ad
456 2537 632 2614 voluptatem
652 2537 781 2596 referunt
803 2546 831 2595 et
849 2537 968 2614 plurima
988 2547 1104 2596 vertere
1121 2540 1205 2596 etiarn
1222 2539 1284 2615 ipsa

287 2619 370 2677 metri
382 2622 557 2679 necessitate
574 2629 729 2697 coguntur,
747 2622 888 2698 permissa
901 2630 981 2695 sunt,
1001 2624 1156 2680 convenire
1172 2624 1284 2698 quidam

257 2724 260 2731 ·
288 2703 373 2760 etiam
385 2719 490 2780 prosae
508 2713 615 2780 putant.
647 2704 685 2763 At
701 2721 757 2781 ego
774 2707 802 2763 in
817 2704 929 2780 agendo
946 2723 1000 2763 nec
1013 2714 1167 2784 pastorem
1181 2709 1286 2785 prpuli
1296 2711 1327 2764 18

269 2795 407 2844 ⁴auctore
434 2786 560 2846 Homero
590 2788 724 2860 dixerim,
753 2806 808 2848 nec
833 2789 970 2848 volucres
993 2791 1103 2867 pannis
1122 2793 1283 2868 acccipere,

288 2869 357 2928 licet
379 2868 435 2929 hoc
453 2870 600 2947 Vergilius
625 2872 653 2929 in
675 2871 776 2951 apibus
801 2890 835 2932 ac
855 2871 986 2932 Daedalo
1008 2875 1223 2951 speciosissime
1249 2875 1284 2932 sit

288 2945 369 3011 ususss
408 2952 579 3032 Metaphora
597 2958 670 3014 enim
694 2965 742 3014 aut
755 2966 905 3015 vacantem
922 2974 1068 3035 occupare
1086 2957 1181 3016 locum
1197 2955 1285 3016 debet

289 3045 352 3110 aut,
370 3038 394 3094 si
413 3038 439 3095 in
454 3039 576 3097 alienum
592 3041 686 3114 venit,
705 3040 770 3117 plus
786 3040 887 3099 valere
903 3058 956 3114 eo,
974 3041 1050 3119 quod
1068 3040 1199 3118 expellit.

372 3119 455 3192 Quod
466 3140 558 3200 paene
575 3125 658 3181 etiam
671 3125 761 3199 magis
774 3124 809 3183 de
826 3124 1067 3198 synecdoche
1090 3124 1189 3182 dicam.
1213 3120 1284 3181 Nam
1295 3132 1326 3188 19

287 3203 436 3263 translatio
459 3207 661 3282 permovendis
683 3209 781 3265 animis
800 3208 969 3285 plerumque
991 3217 1019 3267 ct
1035 3206 1180 3283 signandis
1196 3205 1283 3265 rebus

288 3305 322 3346 ac
338 3286 392 3345 sub
410 3289 511 3350 oeulos
529 3290 713 3350 subiiciendis
729 3301 844 3368 reperta
860 3301 914 3350 est.
951 3291 1031 3350 Haec
1047 3291 1160 3349 variare
1175 3307 1283 3349 sermo·

287 3389 352 3430 nem
375 3381 545 3449 potest,.ut
568 3393 605 3432 ex
631 3391 687 3432 uno
715 3375 814 3452 plures
841 3375 1050 3451 intelligamus,
1080 3384 1161 3452 parte
1184 3382 1283 3448 toturn,

287 3455 389 3532 specie
415 3473 525 3532 genus,
555 3458 795 3535 praecedentibus
820 3461 987 3535 sequentia,
1018 3458 1066 3516 vel
1091 3459 1184 3517 omnia
1210 3457 1283 3517 haec

288 3547 403 3605 contra:
424 3539 543 3599 liberior
555 3544 649 3618 poetis
666 3560 749 3618 quam
761 3542 933 3602 oratoribus.
968 3541 1038 3601 Nam
1054 3559 1156 3619 prosa,
1175 3552 1206 3601 ut
1220 3546 1326 3601 rau-20

287 3639 410 3682 cracem
436 3640 490 3702 pro
515 3624 612 3700 gladio
640 3635 668 3685 et
690 3634 800 3687 tectum
819 3642 873 3703 pro
894 3624 978 3683 domo
1000 3628 1138 3703 recipiet,
1165 3627 1203 3685 ita
1227 3641 1283 3683 non

287 3707 411 3786 puppim
427 3724 481 3786 pro
496 3709 560 3767 navi
575 3725 630 3767 nec
646 3710 772 3795 abietem
789 3725 842 3788 pro
861 3707 991 3777 tabellis;
1012 3719 1041 3768 ct
1057 3727 1170 3785 rursus,
1185 3717 1216 3767 ut
1229 3723 1282 3785 pro
