<?xml version="1.0" encoding="UTF-8"?>
<!DOCTYPE html PUBLIC "-//W3C//DTD XHTML 1.0 Transitional//EN"
    "http://www.w3.org/TR/xhtml1/DTD/xhtml1-transitional.dtd">
<html xmlns="http://www.w3.org/1999/xhtml" xml:lang="en" lang="en">
 <head>
  <title>
</title>
<meta http-equiv="Content-Type" content="text/html;charset=utf-8" />
  <meta name='ocr-system' content='tesseract 3.04.00' />
  <meta name='ocr-capabilities' content='ocr_page ocr_carea ocr_par ocr_line ocrx_word'/>
</head>
<body>
  <div class='ocr_page' id='page_1' title='image "./mfabiiquintilia02quingoog_0422.png"; bbox 0 0 3184 4409; ppageno 0'>
   <div class='ocr_carea' id='block_1_1' title="bbox 331 463 1040 537">
    <p class='ocr_par' dir='ltr' id='par_1_1' title="bbox 331 463 1040 537">
     <span class='ocr_line' id='line_1_1' title="bbox 331 463 1040 537; baseline -0.006 -8"><span class='ocrx_word' id='word_1_1' title='bbox 331 463 373 529; x_wconf 84' lang='grc'><strong>90</strong></span> <span class='ocrx_word' id='word_1_2' title='bbox 677 478 714 525; x_wconf 81' lang='lat' dir='ltr'><strong>u.</strong></span> <span class='ocrx_word' id='word_1_3' title='bbox 731 476 1040 537; x_wconf 61' lang='lat' dir='ltr'><strong>rasomonorum</strong></span> 
     </span>
    </p>
   </div>
   <div class='ocr_carea' id='block_1_2' title="bbox 288 631 1331 3730">
    <p class='ocr_par' dir='ltr' id='par_1_2' title="bbox 331 631 1327 794">
     <span class='ocr_line' id='line_1_2' title="bbox 331 631 1327 713; baseline 0 -18"><span class='ocrx_word' id='word_1_4' title='bbox 331 632 370 695; x_wconf 85' lang='lat' dir='ltr'><strong>ad</strong></span> <span class='ocrx_word' id='word_1_5' title='bbox 379 631 603 713; x_wconf 88' lang='lat' dir='ltr'><strong>&#39;promerendum</strong></span> <span class='ocrx_word' id='word_1_6' title='bbox 621 632 726 691; x_wconf 88' lang='lat' dir='ltr'><strong>actioni</strong></span> <span class='ocrx_word' id='word_1_7' title='bbox 744 632 873 692; x_wconf 83' lang='lat' dir='ltr'><strong>favorem</strong></span> <span class='ocrx_word' id='word_1_8' title='bbox 888 632 951 691; x_wconf 86' lang='lat' dir='ltr'><strong>eive</strong></span> <span class='ocrx_word' id='word_1_9' title='bbox 972 631 1176 692; x_wconf 83' lang='lat' dir='ltr'><strong>adlevandum</strong></span> <span class='ocrx_word' id='word_1_10' title='bbox 1190 634 1327 694; x_wconf 85' lang='lat' dir='ltr'><strong>varietate</strong></span> 
     </span>
     <span class='ocr_line' id='line_1_3' title="bbox 331 715 1326 794; baseline 0 -18"><span class='ocrx_word' id='word_1_11' title='bbox 331 717 475 776; x_wconf 74' lang='lat' dir='ltr'><strong>fastidium</strong></span> <span class='ocrx_word' id='word_1_12' title='bbox 491 718 552 774; x_wconf 88' lang='lat' dir='ltr'><strong>sive</strong></span> <span class='ocrx_word' id='word_1_13' title='bbox 568 716 603 776; x_wconf 94' lang='lat' dir='ltr'><strong>ad</strong></span> <span class='ocrx_word' id='word_1_14' title='bbox 623 717 762 794; x_wconf 83' lang='lat' dir='ltr'>quaedam</span> <span class='ocrx_word' id='word_1_15' title='bbox 776 716 826 774; x_wconf 87' lang='lat' dir='ltr'><strong>vel</strong></span> <span class='ocrx_word' id='word_1_16' title='bbox 842 716 990 776; x_wconf 78' lang='lat' dir='ltr'><strong>decentius</strong></span> <span class='ocrx_word' id='word_1_17' title='bbox 1005 715 1155 775; x_wconf 89' lang='lat' dir='ltr'><strong>indicanda</strong></span> <span class='ocrx_word' id='word_1_18' title='bbox 1171 718 1220 776; x_wconf 88' lang='lat' dir='ltr'><strong>vel</strong></span> <span class='ocrx_word' id='word_1_19' title='bbox 1234 719 1326 778; x_wconf 87' lang='lat' dir='ltr'><strong>tutius.</strong></span> 
     </span>
    </p>

    <p class='ocr_par' dir='ltr' id='par_1_3' title="bbox 288 799 1328 1046">
     <span class='ocr_line' id='line_1_4' title="bbox 288 799 1325 877; baseline 0.003 -18"><span class='ocrx_word' id='word_1_20' title='bbox 288 813 323 866; x_wconf 78' lang='lat'><strong>22</strong></span> <span class='ocrx_word' id='word_1_21' title='bbox 416 800 474 859; x_wconf 87' lang='lat' dir='ltr'><strong>Sed</strong></span> <span class='ocrx_word' id='word_1_22' title='bbox 491 809 652 877; x_wconf 73' lang='lat' dir='ltr'>antequam,</span> <span class='ocrx_word' id='word_1_23' title='bbox 671 818 744 877; x_wconf 93' lang='lat' dir='ltr'><strong>quae</strong></span> <span class='ocrx_word' id='word_1_24' title='bbox 761 801 865 877; x_wconf 91' lang='lat' dir='ltr'><strong>cuique</strong></span> <span class='ocrx_word' id='word_1_25' title='bbox 882 801 925 859; x_wconf 91' lang='lat' dir='ltr'><strong>rei</strong></span> <span class='ocrx_word' id='word_1_26' title='bbox 944 799 1035 876; x_wconf 81' lang='lat' dir='ltr'><strong>figura</strong></span> <span class='ocrx_word' id='word_1_27' title='bbox 1050 802 1217 877; x_wconf 88' lang='lat' dir='ltr'><strong>conveniat,</strong></span> <span class='ocrx_word' id='word_1_28' title='bbox 1234 811 1325 861; x_wconf 80' lang='lat' dir='ltr'><strong>osten</strong></span> 
     </span>
     <span class='ocr_line' id='line_1_5' title="bbox 332 878 1328 962; baseline 0 -19"><span class='ocrx_word' id='word_1_29' title='bbox 332 884 385 944; x_wconf 91' lang='lat' dir='ltr'><strong>do:</strong></span> <span class='ocrx_word' id='word_1_30' title='bbox 402 883 553 943; x_wconf 87' lang='lat' dir='ltr'><strong>dicendum</strong></span> <span class='ocrx_word' id='word_1_31' title='bbox 564 878 619 959; x_wconf 84' lang='lat' dir='ltr'><strong>est&#39;,</strong></span> <span class='ocrx_word' id='word_1_32' title='bbox 635 902 815 961; x_wconf 81' lang='lat' dir='ltr'><strong>nequaquam</strong></span> <span class='ocrx_word' id='word_1_33' title='bbox 834 902 884 943; x_wconf 90' lang='lat' dir='ltr'><strong>eas</strong></span> <span class='ocrx_word' id='word_1_34' title='bbox 899 902 966 942; x_wconf 91' lang='lat' dir='ltr'><strong>esse</strong></span> <span class='ocrx_word' id='word_1_35' title='bbox 978 893 1034 942; x_wconf 92' lang='lat' dir='ltr'><strong>tam</strong></span> <span class='ocrx_word' id='word_1_36' title='bbox 1045 884 1160 959; x_wconf 90' lang='lat' dir='ltr'><strong>multas,</strong></span> <span class='ocrx_word' id='word_1_37' title='bbox 1179 902 1267 962; x_wconf 90' lang='lat' dir='ltr'><strong>quam</strong></span> <span class='ocrx_word' id='word_1_38' title='bbox 1279 887 1328 945; x_wconf 90' lang='lat' dir='ltr'><strong>sint</strong></span> 
     </span>
     <span class='ocr_line' id='line_1_6' title="bbox 331 967 1326 1046; baseline 0.003 -19"><span class='ocrx_word' id='word_1_39' title='bbox 331 986 347 1027; x_wconf 94' lang='lat' dir='ltr'><strong>a</strong></span> <span class='ocrx_word' id='word_1_40' title='bbox 360 967 527 1046; x_wconf 88' lang='lat' dir='ltr'><strong>quibusdam</strong></span> <span class='ocrx_word' id='word_1_41' title='bbox 543 970 725 1027; x_wconf 75' lang='lat' dir='ltr'>constitutae.</span> <span class='ocrx_word' id='word_1_42' title='bbox 751 967 854 1045; x_wconf 87' lang='lat' dir='ltr'><strong>Neque</strong></span> <span class='ocrx_word' id='word_1_43' title='bbox 873 969 947 1026; x_wconf 92' lang='lat' dir='ltr'><strong>enim</strong></span> <span class='ocrx_word' id='word_1_44' title='bbox 958 985 1003 1026; x_wconf 92' lang='lat' dir='ltr'><strong>me</strong></span> <span class='ocrx_word' id='word_1_45' title='bbox 1015 976 1131 1026; x_wconf 84' lang='lat' dir='ltr'><strong>movent</strong></span> <span class='ocrx_word' id='word_1_46' title='bbox 1140 970 1260 1029; x_wconf 90' lang='lat' dir='ltr'><strong>nomina</strong></span> <span class='ocrx_word' id='word_1_47' title='bbox 1273 970 1326 1043; x_wconf 85' lang='lat' dir='ltr'><strong>illa,</strong></span> 
     </span>
    </p>

    <p class='ocr_par' dir='ltr' id='par_1_4' title="bbox 289 1051 1327 1551">
     <span class='ocr_line' id='line_1_7' title="bbox 289 1051 1327 1130; baseline 0.003 -20"><span class='ocrx_word' id='word_1_48' title='bbox 289 1063 405 1130; x_wconf 70' lang='lat' dir='ltr'><strong>asquae</strong></span> <span class='ocrx_word' id='word_1_49' title='bbox 421 1052 533 1128; x_wconf 85' lang='lat' dir='ltr'><strong>fingere</strong></span> <span class='ocrx_word' id='word_1_50' title='bbox 549 1054 647 1128; x_wconf 90' lang='lat' dir='ltr'><strong>utique</strong></span> <span class='ocrx_word' id='word_1_51' title='bbox 664 1051 783 1111; x_wconf 85' lang='lat' dir='ltr'><strong>Graecis</strong></span> <span class='ocrx_word' id='word_1_52' title='bbox 801 1053 1043 1130; x_wconf 89' lang='lat' dir='ltr'><strong>promptissimum</strong></span> <span class='ocrx_word' id='word_1_53' title='bbox 1064 1061 1118 1111; x_wconf 85' lang='lat' dir='ltr'><strong>est.</strong></span> <span class='ocrx_word' id='word_1_54' title='bbox 1143 1051 1224 1112; x_wconf 77' lang='lat' dir='ltr'><strong>Ante</strong></span> <span class='ocrx_word' id='word_1_55' title='bbox 1239 1055 1327 1113; x_wconf 86' lang='lat' dir='ltr'><strong>omnir</strong></span> 
     </span>
     <span class='ocr_line' id='line_1_8' title="bbox 331 1134 1326 1216; baseline 0.003 -22"><span class='ocrx_word' id='word_1_56' title='bbox 331 1138 418 1212; x_wconf 82' lang='lat' dir='ltr'><strong>igitur</strong></span> <span class='ocrx_word' id='word_1_57' title='bbox 440 1136 501 1211; x_wconf 89' lang='lat' dir='ltr'><strong>illi,</strong></span> <span class='ocrx_word' id='word_1_58' title='bbox 528 1138 575 1214; x_wconf 90' lang='lat' dir='ltr'><strong>qui</strong></span> <span class='ocrx_word' id='word_1_59' title='bbox 596 1134 715 1194; x_wconf 91' lang='lat' dir='ltr'><strong>totidem</strong></span> <span class='ocrx_word' id='word_1_60' title='bbox 737 1136 844 1212; x_wconf 83' lang='lat' dir='ltr'><strong>figuras</strong></span> <span class='ocrx_word' id='word_1_61' title='bbox 865 1144 964 1214; x_wconf 90' lang='lat' dir='ltr'><strong>putant</strong></span> <span class='ocrx_word' id='word_1_62' title='bbox 982 1144 1052 1213; x_wconf 93' lang='lat' dir='ltr'><strong>quot</strong></span> <span class='ocrx_word' id='word_1_63' title='bbox 1080 1135 1222 1213; x_wconf 79' lang='lat' dir='ltr'><strong>allectus,</strong></span> <span class='ocrx_word' id='word_1_64' title='bbox 1246 1156 1326 1216; x_wconf 88' lang='lat' dir='ltr'><strong>repu-</strong></span> 
     </span>
     <span class='ocr_line' id='line_1_9' title="bbox 332 1219 1326 1298; baseline 0.001 -20"><span class='ocrx_word' id='word_1_65' title='bbox 332 1219 441 1287; x_wconf 87' lang='lat' dir='ltr'><strong>diandi;</strong></span> <span class='ocrx_word' id='word_1_66' title='bbox 465 1237 522 1279; x_wconf 94' lang='lat' dir='ltr'><strong>non</strong></span> <span class='ocrx_word' id='word_1_67' title='bbox 544 1220 609 1296; x_wconf 91' lang='lat' dir='ltr'><strong>quia</strong></span> <span class='ocrx_word' id='word_1_68' title='bbox 625 1219 746 1279; x_wconf 83' lang='lat' dir='ltr'><strong>allectus</strong></span> <span class='ocrx_word' id='word_1_69' title='bbox 762 1236 819 1278; x_wconf 91' lang='lat' dir='ltr'><strong>non</strong></span> <span class='ocrx_word' id='word_1_70' title='bbox 836 1221 892 1278; x_wconf 88' lang='lat' dir='ltr'><strong>sint</strong></span> <span class='ocrx_word' id='word_1_71' title='bbox 910 1219 1048 1297; x_wconf 88' lang='lat' dir='ltr'><strong>quaedam</strong></span> <span class='ocrx_word' id='word_1_72' title='bbox 1070 1219 1227 1298; x_wconf 87' lang='lat' dir='ltr'><strong>qualitates</strong></span> <span class='ocrx_word' id='word_1_73' title='bbox 1254 1239 1326 1281; x_wconf 78' lang='lat' dir='ltr'><strong>rnen</strong></span> 
     </span>
     <span class='ocr_line' id='line_1_10' title="bbox 330 1303 1326 1382; baseline 0.003 -20"><span class='ocrx_word' id='word_1_74' title='bbox 330 1305 384 1379; x_wconf 91' lang='lat' dir='ltr'><strong>tis,</strong></span> <span class='ocrx_word' id='word_1_75' title='bbox 403 1303 454 1362; x_wconf 92' lang='lat' dir='ltr'><strong>sed</strong></span> <span class='ocrx_word' id='word_1_76' title='bbox 473 1305 538 1382; x_wconf 91' lang='lat' dir='ltr'><strong>quia</strong></span> <span class='ocrx_word' id='word_1_77' title='bbox 554 1304 664 1380; x_wconf 86' lang='lat' dir='ltr'><strong>figura,</strong></span> <span class='ocrx_word' id='word_1_78' title='bbox 686 1321 770 1380; x_wconf 91' lang='lat' dir='ltr'><strong>quam</strong></span> <span class='ocrx_word' id='word_1_79' title='bbox 791 1320 849 1362; x_wconf 89' lang='lat' dir='ltr'><strong>non</strong></span> <span class='ocrx_word' id='word_1_80' title='bbox 873 1303 1062 1362; x_wconf 65' lang='lat' dir='ltr'><strong>communite?</strong></span> <span class='ocrx_word' id='word_1_81' title='bbox 1074 1303 1127 1365; x_wconf 83' lang='lat' dir='ltr'><strong>sed</strong></span> <span class='ocrx_word' id='word_1_82' title='bbox 1143 1307 1270 1382; x_wconf 83' lang='lat' dir='ltr'><strong>proprie</strong></span> <span class='ocrx_word' id='word_1_83' title='bbox 1283 1321 1326 1365; x_wconf 80' lang='lat' dir='ltr'><strong>ne</strong></span> 
     </span>
     <span class='ocr_line' id='line_1_11' title="bbox 331 1387 1327 1465; baseline 0.003 -19"><span class='ocrx_word' id='word_1_84' title='bbox 331 1390 484 1462; x_wconf 82' lang='lat' dir='ltr'><strong>miramus,</strong></span> <span class='ocrx_word' id='word_1_85' title='bbox 506 1405 563 1446; x_wconf 91' lang='lat' dir='ltr'><strong>non</strong></span> <span class='ocrx_word' id='word_1_86' title='bbox 585 1389 621 1445; x_wconf 92' lang='lat' dir='ltr'><strong>sit</strong></span> <span class='ocrx_word' id='word_1_87' title='bbox 643 1387 767 1465; x_wconf 87' lang='lat' dir='ltr'><strong>simplex</strong></span> <span class='ocrx_word' id='word_1_88' title='bbox 781 1389 824 1446; x_wconf 87' lang='lat' dir='ltr'><strong>rei</strong></span> <span class='ocrx_word' id='word_1_89' title='bbox 840 1389 1035 1465; x_wconf 91' lang='lat' dir='ltr'><strong>cuiuscunque</strong></span> <span class='ocrx_word' id='word_1_90' title='bbox 1053 1390 1221 1449; x_wconf 84' lang='lat' dir='ltr'><strong>enuntiatio.</strong></span> <span class='ocrx_word' id='word_1_91' title='bbox 1256 1389 1327 1464; x_wconf 85' lang='lat' dir='ltr'><strong>Qua·</strong></span> 
     </span>
     <span class='ocr_line' id='line_1_12' title="bbox 331 1466 1326 1551; baseline 0.003 -21"><span class='ocrx_word' id='word_1_92' title='bbox 331 1466 452 1551; x_wconf 81' lang='lat' dir='ltr'><strong>propter</strong></span> <span class='ocrx_word' id='word_1_93' title='bbox 465 1473 493 1530; x_wconf 92' lang='lat' dir='ltr'><strong>in</strong></span> <span class='ocrx_word' id='word_1_94' title='bbox 509 1471 631 1530; x_wconf 90' lang='lat' dir='ltr'><strong>dicendo</strong></span> <span class='ocrx_word' id='word_1_95' title='bbox 643 1473 740 1546; x_wconf 80' lang='lat' dir='ltr'><strong>irasci,</strong></span> <span class='ocrx_word' id='word_1_96' title='bbox 757 1470 870 1545; x_wconf 89' lang='lat' dir='ltr'><strong>dolere,</strong></span> <span class='ocrx_word' id='word_1_97' title='bbox 886 1472 1027 1546; x_wconf 89' lang='lat' dir='ltr'><strong>misereri,</strong></span> <span class='ocrx_word' id='word_1_98' title='bbox 1040 1473 1151 1547; x_wconf 87' lang='lat' dir='ltr'><strong>timere,</strong></span> <span class='ocrx_word' id='word_1_99' title='bbox 1169 1473 1326 1548; x_wconf 81' lang='lat' dir='ltr'><strong>confidere,</strong></span> 
     </span>
    </p>

    <p class='ocr_par' dir='ltr' id='par_1_5' title="bbox 307 1555 1326 1634">
     <span class='ocr_line' id='line_1_13' title="bbox 307 1555 1326 1634; baseline 0.002 -19"><span class='ocrx_word' id='word_1_100' title='bbox 307 1572 310 1577; x_wconf 90' lang='grc'><em>·</em></span> <span class='ocrx_word' id='word_1_101' title='bbox 332 1564 518 1615; x_wconf 89' lang='lat' dir='ltr'><strong>contemnere</strong></span> <span class='ocrx_word' id='word_1_102' title='bbox 535 1572 592 1613; x_wconf 92' lang='lat' dir='ltr'><strong>non</strong></span> <span class='ocrx_word' id='word_1_103' title='bbox 609 1563 674 1613; x_wconf 93' lang='lat' dir='ltr'><strong>sunt</strong></span> <span class='ocrx_word' id='word_1_104' title='bbox 692 1555 817 1631; x_wconf 84' lang='lat' dir='ltr'><strong>ligurae;</strong></span> <span class='ocrx_word' id='word_1_105' title='bbox 840 1572 897 1614; x_wconf 93' lang='lat' dir='ltr'><strong>non</strong></span> <span class='ocrx_word' id='word_1_106' title='bbox 917 1556 1009 1632; x_wconf 82' lang='lat' dir='ltr'><strong>magis</strong></span> <span class='ocrx_word' id='word_1_107' title='bbox 1025 1573 1108 1634; x_wconf 90' lang='lat' dir='ltr'><strong>quam</strong></span> <span class='ocrx_word' id='word_1_108' title='bbox 1123 1556 1265 1633; x_wconf 84' lang='lat' dir='ltr'><strong>euadere,</strong></span> <span class='ocrx_word' id='word_1_109' title='bbox 1282 1557 1326 1616; x_wconf 88' lang='lat' dir='ltr'><strong>rni-</strong></span> 
     </span>
    </p>

    <p class='ocr_par' dir='ltr' id='par_1_6' title="bbox 289 1638 1331 2054">
     <span class='ocr_line' id='line_1_14' title="bbox 289 1638 1327 1720; baseline 0.002 -22"><span class='ocrx_word' id='word_1_110' title='bbox 289 1641 408 1715; x_wconf 71' lang='lat' dir='ltr'><strong>atnari,</strong></span> <span class='ocrx_word' id='word_1_111' title='bbox 430 1656 553 1714; x_wconf 83' lang='lat' dir='ltr'><strong>rogare,</strong></span> <span class='ocrx_word' id='word_1_112' title='bbox 578 1657 729 1698; x_wconf 85' lang='lat' dir='ltr'><strong>excusare.</strong></span> <span class='ocrx_word' id='word_1_113' title='bbox 778 1638 837 1699; x_wconf 89' lang='lat' dir='ltr'><strong>Sed</strong></span> <span class='ocrx_word' id='word_1_114' title='bbox 857 1639 930 1698; x_wconf 89' lang='lat' dir='ltr'><strong>lallit</strong></span> <span class='ocrx_word' id='word_1_115' title='bbox 950 1657 1049 1718; x_wconf 89' lang='lat' dir='ltr'><strong>parum</strong></span> <span class='ocrx_word' id='word_1_116' title='bbox 1069 1640 1227 1717; x_wconf 84' lang='lat' dir='ltr'><strong>intuentes,</strong></span> <span class='ocrx_word' id='word_1_117' title='bbox 1255 1638 1327 1720; x_wconf 91' lang='lat' dir='ltr'><strong>quod</strong></span> 
     </span>
     <span class='ocr_line' id='line_1_15' title="bbox 331 1722 1327 1802; baseline -0.001 -19"><span class='ocrx_word' id='word_1_118' title='bbox 331 1723 478 1783; x_wconf 87' lang='lat' dir='ltr'><strong>inveniunt</strong></span> <span class='ocrx_word' id='word_1_119' title='bbox 493 1723 521 1780; x_wconf 92' lang='lat' dir='ltr'><strong>in</strong></span> <span class='ocrx_word' id='word_1_120' title='bbox 537 1722 666 1782; x_wconf 91' lang='lat' dir='ltr'><strong>omnibus</strong></span> <span class='ocrx_word' id='word_1_121' title='bbox 687 1722 730 1782; x_wconf 90' lang='lat' dir='ltr'><strong>his</strong></span> <span class='ocrx_word' id='word_1_122' title='bbox 752 1723 827 1782; x_wconf 90' lang='lat' dir='ltr'><strong>locis</strong></span> <span class='ocrx_word' id='word_1_123' title='bbox 848 1722 955 1799; x_wconf 85' lang='lat' dir='ltr'><strong>figuras</strong></span> <span class='ocrx_word' id='word_1_124' title='bbox 977 1733 1006 1783; x_wconf 92' lang='lat' dir='ltr'><strong>et</strong></span> <span class='ocrx_word' id='word_1_125' title='bbox 1027 1741 1123 1781; x_wconf 90' lang='lat' dir='ltr'><strong>earum</strong></span> <span class='ocrx_word' id='word_1_126' title='bbox 1140 1724 1281 1802; x_wconf 88' lang='lat' dir='ltr'><strong>exempla</strong></span> <span class='ocrx_word' id='word_1_127' title='bbox 1295 1741 1327 1783; x_wconf 84' lang='lat' dir='ltr'><strong>cr</strong></span> 
     </span>
     <span class='ocr_line' id='line_1_16' title="bbox 333 1803 1331 1885; baseline 0.001 -20"><span class='ocrx_word' id='word_1_128' title='bbox 333 1805 509 1865; x_wconf 89' lang='lat' dir='ltr'><strong>orationihus</strong></span> <span class='ocrx_word' id='word_1_129' title='bbox 532 1816 701 1884; x_wconf 85' lang='lat' dir='ltr'><strong>excerpunt.</strong></span> <span class='ocrx_word' id='word_1_130' title='bbox 745 1803 848 1885; x_wconf 79' lang='lat' dir='ltr'><strong>N&#39;eqne</strong></span> <span class='ocrx_word' id='word_1_131' title='bbox 871 1809 944 1865; x_wconf 91' lang='lat' dir='ltr'><strong>enim</strong></span> <span class='ocrx_word' id='word_1_132' title='bbox 966 1825 1033 1885; x_wconf 90' lang='lat' dir='ltr'><strong>pars</strong></span> <span class='ocrx_word' id='word_1_133' title='bbox 1054 1806 1112 1866; x_wconf 91' lang='lat' dir='ltr'><strong>ulla</strong></span> <span class='ocrx_word' id='word_1_134' title='bbox 1132 1806 1251 1868; x_wconf 87' lang='lat' dir='ltr'><strong>dicendi</strong></span> <span class='ocrx_word' id='word_1_135' title='bbox 1275 1816 1331 1881; x_wconf 86' lang='lat' dir='ltr'><strong>est,¹</strong></span> 
     </span>
     <span class='ocr_line' id='line_1_17' title="bbox 333 1890 1325 1969; baseline 0.003 -21"><span class='ocrx_word' id='word_1_136' title='bbox 333 1907 407 1966; x_wconf 89' lang='lat' dir='ltr'><strong>quae</strong></span> <span class='ocrx_word' id='word_1_137' title='bbox 421 1907 479 1948; x_wconf 93' lang='lat' dir='ltr'><strong>non</strong></span> <span class='ocrx_word' id='word_1_138' title='bbox 494 1891 629 1968; x_wconf 87' lang='lat' dir='ltr'><strong>recipere</strong></span> <span class='ocrx_word' id='word_1_139' title='bbox 645 1909 695 1950; x_wconf 90' lang='lat' dir='ltr'><strong>eas</strong></span> <span class='ocrx_word' id='word_1_140' title='bbox 710 1894 812 1969; x_wconf 89' lang='lat' dir='ltr'><strong>possit.</strong></span> <span class='ocrx_word' id='word_1_141' title='bbox 853 1890 911 1950; x_wconf 92' lang='lat' dir='ltr'><strong>Sed</strong></span> <span class='ocrx_word' id='word_1_142' title='bbox 934 1890 1009 1950; x_wconf 91' lang='lat' dir='ltr'><strong>aliud</strong></span> <span class='ocrx_word' id='word_1_143' title='bbox 1030 1899 1075 1949; x_wconf 93' lang='lat' dir='ltr'><strong>est</strong></span> <span class='ocrx_word' id='word_1_144' title='bbox 1090 1891 1245 1951; x_wconf 87' lang='lat' dir='ltr'><strong>admittere</strong></span> <span class='ocrx_word' id='word_1_145' title='bbox 1261 1892 1325 1969; x_wconf 79' lang='lat' dir='ltr'><strong>ligu-</strong></span> 
     </span>
     <span class='ocr_line' id='line_1_18' title="bbox 332 1973 1325 2054; baseline 0 -22"><span class='ocrx_word' id='word_1_146' title='bbox 332 1991 393 2032; x_wconf 91' lang='lat' dir='ltr'><strong>ram</strong></span> <span class='ocrx_word' id='word_1_147' title='bbox 410 1973 485 2033; x_wconf 89' lang='lat' dir='ltr'><strong>aliud</strong></span> <span class='ocrx_word' id='word_1_148' title='bbox 509 1974 628 2050; x_wconf 82' lang='lat' dir='ltr'><strong>figuram</strong></span> <span class='ocrx_word' id='word_1_149' title='bbox 648 1993 725 2034; x_wconf 88' lang='lat' dir='ltr'><strong>esse.</strong></span> <span class='ocrx_word' id='word_1_150' title='bbox 768 1974 871 2053; x_wconf 87' lang='lat' dir='ltr'><strong>Neque</strong></span> <span class='ocrx_word' id='word_1_151' title='bbox 893 1977 968 2037; x_wconf 89' lang='lat' dir='ltr'><strong>euim</strong></span> <span class='ocrx_word' id='word_1_152' title='bbox 990 1974 1117 2033; x_wconf 87' lang='lat' dir='ltr'><strong>verebor</strong></span> <span class='ocrx_word' id='word_1_153' title='bbox 1136 1975 1325 2054; x_wconf 82' lang='lat' dir='ltr'><strong>explicandae</strong></span> 
     </span>
    </p>

    <p class='ocr_par' dir='ltr' id='par_1_7' title="bbox 289 2058 1326 2953">
     <span class='ocr_line' id='line_1_19' title="bbox 289 2058 1326 2137; baseline 0.002 -21"><span class='ocrx_word' id='word_1_154' title='bbox 289 2059 375 2126; x_wconf 72' lang='lat' dir='ltr'><strong>asrei</strong></span> <span class='ocrx_word' id='word_1_155' title='bbox 385 2059 476 2134; x_wconf 85' lang='lat' dir='ltr'><strong>gratia</strong></span> <span class='ocrx_word' id='word_1_156' title='bbox 489 2058 714 2137; x_wconf 80' lang='lat' dir='ltr'><strong>frequentiorem</strong></span> <span class='ocrx_word' id='word_1_157' title='bbox 727 2059 855 2120; x_wconf 88' lang='lat' dir='ltr'><strong>eiusdem</strong></span> <span class='ocrx_word' id='word_1_158' title='bbox 867 2060 988 2119; x_wconf 90' lang='lat' dir='ltr'><strong>nominis</strong></span> <span class='ocrx_word' id='word_1_159' title='bbox 997 2060 1211 2136; x_wconf 88' lang='lat' dir='ltr'><strong>repetitionem.</strong></span> <span class='ocrx_word' id='word_1_160' title='bbox 1233 2059 1326 2134; x_wconf 81' lang='lat' dir='ltr'><strong>Quare</strong></span> 
     </span>
     <span class='ocr_line' id='line_1_20' title="bbox 332 2141 1325 2221; baseline 0.001 -21"><span class='ocrx_word' id='word_1_161' title='bbox 332 2141 438 2201; x_wconf 90' lang='lat' dir='ltr'><strong>dabunt</strong></span> <span class='ocrx_word' id='word_1_162' title='bbox 453 2142 520 2201; x_wconf 90' lang='lat' dir='ltr'><strong>mihi</strong></span> <span class='ocrx_word' id='word_1_163' title='bbox 535 2143 657 2221; x_wconf 86' lang='lat' dir='ltr'><strong>aliquam</strong></span> <span class='ocrx_word' id='word_1_164' title='bbox 672 2145 700 2201; x_wconf 90' lang='lat' dir='ltr'><strong>iu</strong></span> <span class='ocrx_word' id='word_1_165' title='bbox 716 2145 877 2219; x_wconf 81' lang='lat' dir='ltr'><strong>irascente,</strong></span> <span class='ocrx_word' id='word_1_166' title='bbox 899 2143 1094 2221; x_wconf 83' lang='lat' dir='ltr'><strong>deprecante,</strong></span> <span class='ocrx_word' id='word_1_167' title='bbox 1116 2144 1278 2204; x_wconf 88' lang='lat' dir='ltr'><strong>miserante</strong></span> <span class='ocrx_word' id='word_1_168' title='bbox 1298 2142 1325 2201; x_wconf 82' lang='lat' dir='ltr'><strong>l·</strong></span> 
     </span>
     <span class='ocr_line' id='line_1_21' title="bbox 332 2227 1325 2305; baseline 0.003 -21"><span class='ocrx_word' id='word_1_169' title='bbox 332 2244 442 2302; x_wconf 83' lang='lat' dir='ltr'><strong>guram,</strong></span> <span class='ocrx_word' id='word_1_170' title='bbox 462 2228 538 2294; x_wconf 90' lang='lat' dir='ltr'><strong>soio;</strong></span> <span class='ocrx_word' id='word_1_171' title='bbox 556 2227 608 2285; x_wconf 89' lang='lat' dir='ltr'><strong>sed</strong></span> <span class='ocrx_word' id='word_1_172' title='bbox 623 2245 680 2285; x_wconf 91' lang='lat' dir='ltr'><strong>non</strong></span> <span class='ocrx_word' id='word_1_173' title='bbox 695 2227 760 2286; x_wconf 92' lang='lat' dir='ltr'><strong>ideo</strong></span> <span class='ocrx_word' id='word_1_174' title='bbox 778 2227 878 2301; x_wconf 87' lang='lat' dir='ltr'><strong>irasci,</strong></span> <span class='ocrx_word' id='word_1_175' title='bbox 897 2228 1042 2301; x_wconf 88' lang='lat' dir='ltr'><strong>misereri,</strong></span> <span class='ocrx_word' id='word_1_176' title='bbox 1061 2227 1216 2305; x_wconf 89' lang='lat' dir='ltr'><strong>deprecari</strong></span> <span class='ocrx_word' id='word_1_177' title='bbox 1238 2227 1325 2304; x_wconf 77' lang='lat' dir='ltr'><strong>figura</strong></span> 
     </span>
     <span class='ocr_line' id='line_1_22' title="bbox 332 2307 1325 2386; baseline 0.001 -18"><span class='ocrx_word' id='word_1_178' title='bbox 332 2311 395 2368; x_wconf 90' lang='lat' dir='ltr'><strong>erit.</strong></span> <span class='ocrx_word' id='word_1_179' title='bbox 436 2307 541 2369; x_wconf 83' lang='lat' dir='ltr'><strong>Cicero</strong></span> <span class='ocrx_word' id='word_1_180' title='bbox 565 2311 679 2386; x_wconf 92' lang='lat' dir='ltr'><strong>quidem</strong></span> <span class='ocrx_word' id='word_1_181' title='bbox 701 2312 794 2369; x_wconf 89' lang='lat' dir='ltr'><strong>omnia</strong></span> <span class='ocrx_word' id='word_1_182' title='bbox 817 2312 954 2370; x_wconf 90' lang='lat' dir='ltr'><strong>orationis</strong></span> <span class='ocrx_word' id='word_1_183' title='bbox 975 2311 1079 2371; x_wconf 91' lang='lat' dir='ltr'><strong>lumina</strong></span> <span class='ocrx_word' id='word_1_184' title='bbox 1095 2312 1123 2369; x_wconf 90' lang='lat' dir='ltr'><strong>in</strong></span> <span class='ocrx_word' id='word_1_185' title='bbox 1140 2310 1217 2370; x_wconf 89' lang='lat' dir='ltr'><strong>hunc</strong></span> <span class='ocrx_word' id='word_1_186' title='bbox 1234 2310 1325 2371; x_wconf 90' lang='lat' dir='ltr'><strong>locum</strong></span> 
     </span>
     <span class='ocr_line' id='line_1_23' title="bbox 333 2394 1324 2473; baseline -0.001 -20"><span class='ocrx_word' id='word_1_187' title='bbox 333 2394 474 2469; x_wconf 84' lang='lat' dir='ltr'><strong>congerit,</strong></span> <span class='ocrx_word' id='word_1_188' title='bbox 490 2395 612 2454; x_wconf 90' lang='lat' dir='ltr'><strong>mediam</strong></span> <span class='ocrx_word' id='word_1_189' title='bbox 627 2394 776 2473; x_wconf 90' lang='lat' dir='ltr'><strong>quandam,</strong></span> <span class='ocrx_word' id='word_1_190' title='bbox 794 2402 825 2453; x_wconf 91' lang='lat' dir='ltr'><strong>nt</strong></span> <span class='ocrx_word' id='word_1_191' title='bbox 840 2394 973 2471; x_wconf 87' lang='lat' dir='ltr'><strong>arbitror,</strong></span> <span class='ocrx_word' id='word_1_192' title='bbox 990 2402 1106 2454; x_wconf 91' lang='lat' dir='ltr'><strong>secutus</strong></span> <span class='ocrx_word' id='word_1_193' title='bbox 1122 2395 1214 2453; x_wconf 87' lang='lat' dir='ltr'><strong>viam:</strong></span> <span class='ocrx_word' id='word_1_194' title='bbox 1232 2403 1266 2454; x_wconf 90' lang='lat' dir='ltr'><strong>ut</strong></span> <span class='ocrx_word' id='word_1_195' title='bbox 1279 2411 1324 2452; x_wconf 89' lang='lat' dir='ltr'><strong>ne·</strong></span> 
     </span>
     <span class='ocr_line' id='line_1_24' title="bbox 333 2477 1325 2557; baseline 0.003 -24"><span class='ocrx_word' id='word_1_196' title='bbox 333 2494 390 2554; x_wconf 94' lang='lat' dir='ltr'><strong>que</strong></span> <span class='ocrx_word' id='word_1_197' title='bbox 412 2479 501 2535; x_wconf 90' lang='lat' dir='ltr'><strong>omnis</strong></span> <span class='ocrx_word' id='word_1_198' title='bbox 523 2495 617 2537; x_wconf 93' lang='lat' dir='ltr'><strong>sermo</strong></span> <span class='ocrx_word' id='word_1_199' title='bbox 640 2478 764 2538; x_wconf 84' lang='lat' dir='ltr'><strong>schema</strong></span> <span class='ocrx_word' id='word_1_200' title='bbox 780 2477 955 2537; x_wconf 89' lang='lat' dir='ltr'><strong>indicaretur</strong></span> <span class='ocrx_word' id='word_1_201' title='bbox 973 2497 1069 2556; x_wconf 92' lang='lat' dir='ltr'><strong>neque</strong></span> <span class='ocrx_word' id='word_1_202' title='bbox 1089 2496 1124 2537; x_wconf 90' lang='lat' dir='ltr'><strong>ea</strong></span> <span class='ocrx_word' id='word_1_203' title='bbox 1145 2478 1229 2554; x_wconf 86' lang='lat' dir='ltr'><strong>sola,</strong></span> <span class='ocrx_word' id='word_1_204' title='bbox 1254 2493 1325 2557; x_wconf 84' lang='lat' dir='ltr'><strong>qnae</strong></span> 
     </span>
     <span class='ocr_line' id='line_1_25' title="bbox 332 2558 1325 2640; baseline 0.002 -22"><span class='ocrx_word' id='word_1_205' title='bbox 332 2558 474 2618; x_wconf 90' lang='lat' dir='ltr'><strong>haberent</strong></span> <span class='ocrx_word' id='word_1_206' title='bbox 496 2561 619 2640; x_wconf 92' lang='lat' dir='ltr'><strong>aliquam</strong></span> <span class='ocrx_word' id='word_1_207' title='bbox 639 2572 779 2622; x_wconf 89' lang='lat' dir='ltr'><strong>remotam</strong></span> <span class='ocrx_word' id='word_1_208' title='bbox 800 2561 836 2621; x_wconf 90' lang='lat' dir='ltr'><strong>ab</strong></span> <span class='ocrx_word' id='word_1_209' title='bbox 857 2580 910 2621; x_wconf 88' lang='lat' dir='ltr'><strong>usu</strong></span> <span class='ocrx_word' id='word_1_210' title='bbox 932 2565 1071 2622; x_wconf 91' lang='lat' dir='ltr'><strong>communi</strong></span> <span class='ocrx_word' id='word_1_211' title='bbox 1087 2562 1253 2637; x_wconf 85' lang='lat' dir='ltr'><strong>fictionem,</strong></span> <span class='ocrx_word' id='word_1_212' title='bbox 1277 2560 1325 2621; x_wconf 88' lang='lat' dir='ltr'><strong>scd</strong></span> 
     </span>
     <span class='ocr_line' id='line_1_26' title="bbox 334 2644 1325 2719; baseline 0.005 -20"><span class='ocrx_word' id='word_1_213' title='bbox 334 2659 409 2719; x_wconf 89' lang='lat' dir='ltr'><strong>quae</strong></span> <span class='ocrx_word' id='word_1_214' title='bbox 431 2654 529 2703; x_wconf 87' lang='lat' dir='ltr'><strong>essent</strong></span> <span class='ocrx_word' id='word_1_215' title='bbox 554 2644 711 2707; x_wconf 89' lang='lat' dir='ltr'><strong>clarissima</strong></span> <span class='ocrx_word' id='word_1_216' title='bbox 733 2656 762 2705; x_wconf 90' lang='lat' dir='ltr'><strong>et</strong></span> <span class='ocrx_word' id='word_1_217' title='bbox 782 2646 818 2706; x_wconf 93' lang='lat' dir='ltr'><strong>ad</strong></span> <span class='ocrx_word' id='word_1_218' title='bbox 839 2646 1008 2706; x_wconf 87' lang='lat' dir='ltr'><strong>movendum</strong></span> <span class='ocrx_word' id='word_1_219' title='bbox 1024 2646 1181 2707; x_wconf 89' lang='lat' dir='ltr'><strong>auditorem</strong></span> <span class='ocrx_word' id='word_1_220' title='bbox 1195 2644 1325 2705; x_wconf 89' lang='lat' dir='ltr'><strong>valerent</strong></span> 
     </span>
     <span class='ocr_line' id='line_1_27' title="bbox 333 2726 1325 2805; baseline 0.002 -20"><span class='ocrx_word' id='word_1_221' title='bbox 333 2726 497 2803; x_wconf 68' lang='lat' dir='ltr'><strong>plurimum</strong></span> <span class='ocrx_word' id='word_1_222' title='bbox 521 2746 605 2805; x_wconf 92' lang='lat' dir='ltr'><strong>quem</strong></span> <span class='ocrx_word' id='word_1_223' title='bbox 630 2729 740 2789; x_wconf 90' lang='lat' dir='ltr'><strong>duobus</strong></span> <span class='ocrx_word' id='word_1_224' title='bbox 763 2728 799 2788; x_wconf 89' lang='lat' dir='ltr'><strong>ab</strong></span> <span class='ocrx_word' id='word_1_225' title='bbox 827 2746 862 2788; x_wconf 91' lang='lat' dir='ltr'><strong>eo</strong></span> <span class='ocrx_word' id='word_1_226' title='bbox 890 2729 970 2789; x_wconf 85' lang='lat' dir='ltr'><strong>libris</strong></span> <span class='ocrx_word' id='word_1_227' title='bbox 995 2739 1145 2789; x_wconf 89' lang='lat' dir='ltr'><strong>tractatum</strong></span> <span class='ocrx_word' id='word_1_228' title='bbox 1173 2728 1273 2789; x_wconf 90' lang='lat' dir='ltr'><strong>locum</strong></span> <span class='ocrx_word' id='word_1_229' title='bbox 1292 2727 1325 2789; x_wconf 91' lang='lat' dir='ltr'><strong>ad</strong></span> 
     </span>
     <span class='ocr_line' id='line_1_28' title="bbox 333 2808 1324 2892; baseline 0.004 -24"><span class='ocrx_word' id='word_1_230' title='bbox 333 2808 444 2869; x_wconf 88' lang='lat' dir='ltr'><strong>litteras</strong></span> <span class='ocrx_word' id='word_1_231' title='bbox 464 2811 590 2889; x_wconf 89' lang='lat' dir='ltr'><strong>subieci,</strong></span> <span class='ocrx_word' id='word_1_232' title='bbox 613 2832 649 2872; x_wconf 91' lang='lat' dir='ltr'><strong>ne</strong></span> <span class='ocrx_word' id='word_1_233' title='bbox 669 2815 832 2873; x_wconf 82' lang='lat' dir='ltr'><strong>fraudarem</strong></span> <span class='ocrx_word' id='word_1_234' title='bbox 852 2813 986 2892; x_wconf 79' lang='lat' dir='ltr'><strong>legentes</strong></span> <span class='ocrx_word' id='word_1_235' title='bbox 1007 2814 1112 2874; x_wconf 90' lang='lat' dir='ltr'><strong>iudicio</strong></span> <span class='ocrx_word' id='word_1_236' title='bbox 1135 2815 1253 2872; x_wconf 82' lang='lat' dir='ltr'><strong>maximi</strong></span> <span class='ocrx_word' id='word_1_237' title='bbox 1279 2830 1324 2872; x_wconf 91' lang='lat' dir='ltr'><strong>au·</strong></span> 
     </span>
     <span class='ocr_line' id='line_1_29' title="bbox 334 2894 433 2953; baseline -0.01 -1"><span class='ocrx_word' id='word_1_238' title='bbox 334 2894 433 2953; x_wconf 88' lang='lat' dir='ltr'><strong>ctoris.</strong></span> 
     </span>
    </p>

    <p class='ocr_par' dir='ltr' id='par_1_8' title="bbox 291 2978 1324 3312">
     <span class='ocr_line' id='line_1_30' title="bbox 291 2978 1324 3060; baseline 0.005 -23"><span class='ocrx_word' id='word_1_239' title='bbox 291 2983 325 3037; x_wconf 72' lang='lat'><strong>26</strong></span> <span class='ocrx_word' id='word_1_240' title='bbox 416 2978 547 3038; x_wconf 84' lang='lat' dir='ltr'><strong>Intentio</strong></span> <span class='ocrx_word' id='word_1_241' title='bbox 564 2979 600 3040; x_wconf 89' lang='lat' dir='ltr'><strong>de</strong></span> <span class='ocrx_word' id='word_1_242' title='bbox 617 2978 793 3042; x_wconf 91' lang='lat' dir='ltr'><strong>Oratoreita</strong></span> <span class='ocrx_word' id='word_1_243' title='bbox 809 2983 1019 3060; x_wconf 90' lang='lat' dir='ltr'><strong>scriptumest:</strong></span> <span class='ocrx_word' id='word_1_244' title='bbox 1040 2980 1079 3041; x_wconf 85' lang='lat' dir='ltr'><strong>In</strong></span> <span class='ocrx_word' id='word_1_245' title='bbox 1096 2987 1251 3059; x_wconf 70' lang='lat' dir='ltr'><strong>perpetua</strong></span> <span class='ocrx_word' id='word_1_246' title='bbox 1270 2998 1324 3042; x_wconf 76' lang='lat' dir='ltr'><strong>aa·</strong></span> 
     </span>
     <span class='ocr_line' id='line_1_31' title="bbox 334 3066 1324 3140; baseline -0.001 -13"><span class='ocrx_word' id='word_1_247' title='bbox 334 3066 560 3140; x_wconf 80' lang='lat' dir='ltr'><strong>temeratione,</strong></span> <span class='ocrx_word' id='word_1_248' title='bbox 589 3083 656 3124; x_wconf 85' lang='lat' dir='ltr'><strong>eum</strong></span> <span class='ocrx_word' id='word_1_249' title='bbox 678 3071 707 3124; x_wconf 86' lang='lat' dir='ltr'><strong>et</strong></span> <span class='ocrx_word' id='word_1_250' title='bbox 727 3066 947 3127; x_wconf 81' lang='lat' dir='ltr'><strong>coniunctionis</strong></span> <span class='ocrx_word' id='word_1_251' title='bbox 967 3066 1118 3127; x_wconf 78' lang='lat' dir='ltr'><strong>lenitatem</strong></span> <span class='ocrx_word' id='word_1_252' title='bbox 1135 3072 1170 3124; x_wconf 83' lang='lat' dir='ltr'><strong>et·</strong></span> <span class='ocrx_word' id='word_1_253' title='bbox 1185 3083 1324 3126; x_wconf 79' lang='lat' dir='ltr'><strong>numero·</strong></span> 
     </span>
     <span class='ocr_line' id='line_1_32' title="bbox 333 3149 1324 3226; baseline 0.004 -20"><span class='ocrx_word' id='word_1_254' title='bbox 333 3165 417 3223; x_wconf 87' lang='lat' dir='ltr'><strong>rum,</strong></span> <span class='ocrx_word' id='word_1_255' title='bbox 441 3164 531 3225; x_wconf 84' lang='lat' dir='ltr'><strong>quom</strong></span> <span class='ocrx_word' id='word_1_256' title='bbox 546 3149 628 3223; x_wconf 78' lang='lat' dir='ltr'><strong>dial,</strong></span> <span class='ocrx_word' id='word_1_257' title='bbox 651 3149 799 3210; x_wconf 84' lang='lat' dir='ltr'><strong>rationem</strong></span> <span class='ocrx_word' id='word_1_258' title='bbox 818 3151 1011 3226; x_wconf 68' lang='lat' dir='ltr'><strong>tenuerimus,</strong></span> <span class='ocrx_word' id='word_1_259' title='bbox 1029 3157 1089 3209; x_wconf 84' lang='lat' dir='ltr'><strong>tum</strong></span> <span class='ocrx_word' id='word_1_260' title='bbox 1106 3156 1151 3208; x_wconf 81' lang='lat' dir='ltr'><strong>eat</strong></span> <span class='ocrx_word' id='word_1_261' title='bbox 1171 3150 1265 3225; x_wconf 78' lang='lat' dir='ltr'><strong>qnasi</strong></span> <span class='ocrx_word' id='word_1_262' title='bbox 1279 3149 1324 3209; x_wconf 82' lang='lat' dir='ltr'><strong>lat·</strong></span> 
     </span>
     <span class='ocr_line' id='line_1_33' title="bbox 333 3232 1323 3312; baseline 0.002 -22"><span class='ocrx_word' id='word_1_263' title='bbox 333 3232 463 3294; x_wconf 80' lang='lat' dir='ltr'><strong>minibus</strong></span> <span class='ocrx_word' id='word_1_264' title='bbox 483 3232 699 3310; x_wconf 76' lang='lat' dir='ltr'><strong>distinqneodo</strong></span> <span class='ocrx_word' id='word_1_265' title='bbox 720 3241 748 3293; x_wconf 87' lang='lat' dir='ltr'><strong>et</strong></span> <span class='ocrx_word' id='word_1_266' title='bbox 766 3232 992 3312; x_wconf 80' lang='lat' dir='ltr'><strong>frequentanda</strong></span> <span class='ocrx_word' id='word_1_267' title='bbox 1013 3234 1109 3295; x_wconf 77' lang='lat' dir='ltr'><strong>omnis</strong></span> <span class='ocrx_word' id='word_1_268' title='bbox 1130 3235 1232 3293; x_wconf 81' lang='lat' dir='ltr'><strong>oratic</strong></span> <span class='ocrx_word' id='word_1_269' title='bbox 1256 3250 1323 3293; x_wconf 79' lang='lat' dir='ltr'><strong>aen-</strong></span> 
     </span>
    </p>

    <p class='ocr_par' dir='ltr' id='par_1_9' title="bbox 292 3315 1324 3730">
     <span class='ocr_line' id='line_1_34' title="bbox 292 3315 1324 3394; baseline 0.006 -23"><span class='ocrx_word' id='word_1_270' title='bbox 292 3315 325 3371; x_wconf 74' lang='lat'><strong>27</strong></span> <span class='ocrx_word' id='word_1_271' title='bbox 333 3316 493 3375; x_wconf 76' lang='lat' dir='ltr'><strong>tenatorum</strong></span> <span class='ocrx_word' id='word_1_272' title='bbox 518 3325 611 3394; x_wconf 83' lang='lat' dir='ltr'><strong>atque</strong></span> <span class='ocrx_word' id='word_1_273' title='bbox 628 3318 799 3378; x_wconf 78' lang='lat' dir='ltr'><strong>certorum.</strong></span> <span class='ocrx_word' id='word_1_274' title='bbox 838 3316 917 3379; x_wconf 84' lang='lat' dir='ltr'><strong>Nom</strong></span> <span class='ocrx_word' id='word_1_275' title='bbox 943 3326 973 3379; x_wconf 82' lang='lat' dir='ltr'><strong>et</strong></span> <span class='ocrx_word' id='word_1_276' title='bbox 993 3318 1189 3378; x_wconf 76' lang='lat' dir='ltr'><strong>commoratio</strong></span> <span class='ocrx_word' id='word_1_277' title='bbox 1210 3334 1277 3377; x_wconf 82' lang='lat' dir='ltr'><strong>una</strong></span> <span class='ocrx_word' id='word_1_278' title='bbox 1294 3316 1324 3376; x_wconf 81' lang='lat' dir='ltr'><strong>ia</strong></span> 
     </span>
     <span class='ocr_line' id='line_1_35' title="bbox 333 3401 1324 3480; baseline 0.007 -27"><span class='ocrx_word' id='word_1_279' title='bbox 333 3413 368 3454; x_wconf 87' lang='lat' dir='ltr'><strong>re</strong></span> <span class='ocrx_word' id='word_1_280' title='bbox 399 3401 580 3474; x_wconf 83' lang='lat' dir='ltr'><strong>permultum</strong></span> <span class='ocrx_word' id='word_1_281' title='bbox 606 3408 701 3462; x_wconf 85' lang='lat' dir='ltr'><strong>mouet</strong></span> <span class='ocrx_word' id='word_1_282' title='bbox 735 3407 763 3460; x_wconf 86' lang='lat' dir='ltr'><strong>et</strong></span> <span class='ocrx_word' id='word_1_283' title='bbox 789 3401 916 3461; x_wconf 82' lang='lat' dir='ltr'><strong>illustris</strong></span> <span class='ocrx_word' id='word_1_284' title='bbox 941 3403 1116 3480; x_wconf 71' lang='lat' dir='ltr'><strong>explanatio</strong></span> <span class='ocrx_word' id='word_1_285' title='bbox 1147 3416 1324 3477; x_wconf 64' lang='lat' dir='ltr'><strong>rerumque,</strong></span> 
     </span>
     <span class='ocr_line' id='line_1_36' title="bbox 334 3481 1324 3569; baseline 0.005 -31"><span class='ocrx_word' id='word_1_286' title='bbox 334 3481 424 3557; x_wconf 75' lang='lat' dir='ltr'><strong>quusi</strong></span> <span class='ocrx_word' id='word_1_287' title='bbox 435 3491 593 3559; x_wconf 74' lang='lat' dir='ltr'><strong>parantur,</strong></span> <span class='ocrx_word' id='word_1_288' title='bbox 608 3485 663 3544; x_wconf 83' lang='lat' dir='ltr'><strong>oud</strong></span> <span class='ocrx_word' id='word_1_289' title='bbox 681 3491 838 3562; x_wconf 82' lang='lat' dir='ltr'><strong>aspectum</strong></span> <span class='ocrx_word' id='word_1_290' title='bbox 850 3504 951 3563; x_wconf 81' lang='lat' dir='ltr'><strong>paene</strong></span> <span class='ocrx_word' id='word_1_291' title='bbox 965 3487 1126 3569; x_wconf 77' lang='lat' dir='ltr'><strong>subiectio,</strong></span> <span class='ocrx_word' id='word_1_292' title='bbox 1147 3501 1230 3562; x_wconf 82' lang='lat' dir='ltr'><strong>quae</strong></span> <span class='ocrx_word' id='word_1_293' title='bbox 1245 3493 1276 3545; x_wconf 83' lang='lat' dir='ltr'><strong>et</strong></span> <span class='ocrx_word' id='word_1_294' title='bbox 1292 3484 1324 3543; x_wconf 82' lang='lat' dir='ltr'><strong>io</strong></span> 
     </span>
     <span class='ocr_line' id='line_1_37' title="bbox 333 3564 1324 3646; baseline 0.006 -24"><span class='ocrx_word' id='word_1_295' title='bbox 333 3564 563 3641; x_wconf 70' lang='lat' dir='ltr'><strong>exportandane</strong></span> <span class='ocrx_word' id='word_1_296' title='bbox 575 3568 738 3645; x_wconf 77' lang='lat' dir='ltr'><strong>pterrimum</strong></span> <span class='ocrx_word' id='word_1_297' title='bbox 758 3570 839 3628; x_wconf 82' lang='lat' dir='ltr'><strong>notet</strong></span> <span class='ocrx_word' id='word_1_298' title='bbox 853 3578 882 3630; x_wconf 82' lang='lat' dir='ltr'><strong>et</strong></span> <span class='ocrx_word' id='word_1_299' title='bbox 896 3570 941 3630; x_wconf 84' lang='lat' dir='ltr'><strong>od</strong></span> <span class='ocrx_word' id='word_1_300' title='bbox 953 3570 1167 3630; x_wconf 81' lang='lat' dir='ltr'><strong>illustrandum</strong></span> <span class='ocrx_word' id='word_1_301' title='bbox 1183 3571 1228 3645; x_wconf 83' lang='lat' dir='ltr'><strong>id,</strong></span> <span class='ocrx_word' id='word_1_302' title='bbox 1244 3566 1324 3646; x_wconf 78' lang='lat' dir='ltr'><strong>qaod</strong></span> 
     </span>
     <span class='ocr_line' id='line_1_38' title="bbox 334 3649 1322 3730; baseline 0.003 -22"><span class='ocrx_word' id='word_1_303' title='bbox 334 3649 509 3727; x_wconf 73' lang='lat' dir='ltr'><strong>especiem,</strong></span> <span class='ocrx_word' id='word_1_304' title='bbox 532 3659 560 3710; x_wconf 85' lang='lat' dir='ltr'><strong>et</strong></span> <span class='ocrx_word' id='word_1_305' title='bbox 584 3651 628 3710; x_wconf 88' lang='lat' dir='ltr'><strong>cd</strong></span> <span class='ocrx_word' id='word_1_306' title='bbox 642 3650 905 3729; x_wconf 76' lang='lat' dir='ltr'><strong>amplificandam,</strong></span> <span class='ocrx_word' id='word_1_307' title='bbox 927 3660 962 3713; x_wconf 83' lang='lat' dir='ltr'><strong>ut</strong></span> <span class='ocrx_word' id='word_1_308' title='bbox 979 3655 1033 3728; x_wconf 77' lang='lat' dir='ltr'><strong>iis,</strong></span> <span class='ocrx_word' id='word_1_309' title='bbox 1056 3654 1107 3730; x_wconf 82' lang='lat' dir='ltr'><strong>qui</strong></span> <span class='ocrx_word' id='word_1_310' title='bbox 1121 3653 1272 3728; x_wconf 84' lang='lat' dir='ltr'><strong>audiant,</strong></span> <span class='ocrx_word' id='word_1_311' title='bbox 1285 3651 1322 3711; x_wconf 82' lang='lat' dir='ltr'><strong>il·</strong></span> 
     </span>
    </p>
   </div>
   <div class='ocr_carea' id='block_1_3' title="bbox 332 3733 1322 3818">
    <p class='ocr_par' dir='ltr' id='par_1_10' title="bbox 332 3733 1322 3818">
     <span class='ocr_line' id='line_1_39' title="bbox 332 3733 1322 3818; baseline 0.007 -25"><span class='ocrx_word' id='word_1_312' title='bbox 332 3733 397 3809; x_wconf 86' lang='lat' dir='ltr'><strong>tud,</strong></span> <span class='ocrx_word' id='word_1_313' title='bbox 413 3733 494 3812; x_wconf 85' lang='lat' dir='ltr'><strong>quod</strong></span> <span class='ocrx_word' id='word_1_314' title='bbox 508 3735 694 3815; x_wconf 70' lang='lat' dir='ltr'><strong>accedimus,</strong></span> <span class='ocrx_word' id='word_1_315' title='bbox 709 3743 855 3817; x_wconf 78' lang='lat' dir='ltr'><strong>quantum</strong></span> <span class='ocrx_word' id='word_1_316' title='bbox 869 3737 992 3816; x_wconf 75' lang='lat' dir='ltr'><strong>efficere</strong></span> <span class='ocrx_word' id='word_1_317' title='bbox 1004 3739 1102 3801; x_wconf 74' lang='lat' dir='ltr'><strong>matio</strong></span> <span class='ocrx_word' id='word_1_318' title='bbox 1114 3739 1239 3818; x_wconf 60' lang='lat' dir='ltr'><strong>potent,</strong></span> <span class='ocrx_word' id='word_1_319' title='bbox 1253 3744 1322 3800; x_wconf 82' lang='lat' dir='ltr'><strong>tca-</strong></span> 
     </span>
    </p>
   </div>
   <div class='ocr_carea' id='block_1_4' title="bbox 0 0 1596 4409">
    <p class='ocr_par' dir='ltr' id='par_1_11' title="bbox 0 0 1596 4409">
     <span class='ocr_line' id='line_1_40' title="bbox 0 0 1596 4409; baseline 0 0"><span class='ocrx_word' id='word_1_320' title='bbox 0 0 1596 4409; x_wconf 95' lang='lat' dir='ltr'><strong> </strong></span> 
     </span>
    </p>
   </div>
  </div>
 </body>
</html>
