3184 4409
338 464 380 542 92
652 477 1012 538 mmmommmum

339 639 369 693 et
382 633 535 693 revocatio
548 631 644 706 serbi,
660 639 689 692 et
703 630 768 707 illa,
785 646 865 710 quae
874 632 1013 694 similiter
1027 632 1173 693 desinunt
1188 641 1247 694 aul
1260 649 1328 714 qaae

339 717 455 776 eadunt
472 717 608 776 similiter
629 723 683 776 aut
709 732 788 792 quae
811 716 942 793 poribus
966 717 1061 794 paria
1081 717 1267 795 referuntur
1285 725 1328 778 aut

295 814 418 875 34qaae
432 809 501 860 sunt
514 803 595 860 inter
608 818 641 859 se
660 799 782 860 similia.
822 795 880 859 Est
900 799 991 860 ctiam
1010 799 1159 878 qradatio
1182 803 1327 878 quastus
1352 794 1354 805 '

338 890 368 944 et
382 886 537 944 conversio
552 891 580 943 ct
594 883 754 943 uerborum
769 884 920 963 concinna
934 885 1150 962 transqressio,
1167 893 1199 946 et
1215 893 1325 948 contro

336 970 417 1028 rium
432 976 461 1028 et
476 967 670 1042 dissolutum,
687 973 716 1027 et
731 966 894 1027 declinatio
911 976 940 1027 et
956 968 1165 1046 reprehensio,
1184 976 1215 1030 cl
1233 970 1325 1031 eccm

336 1052 428 1110 matio
445 1058 473 1111 et
486 1051 669 1118 imminutios
690 1058 718 1110 et
744 1051 826 1126 quod
845 1050 878 1110 in
894 1049 996 1111 multis
1017 1051 1142 1112 casibus
1159 1055 1326 1130 poniturd

338 1134 418 1210 quod
432 1135 471 1194 de
488 1135 615 1212 sinqulis
630 1133 722 1194 rebus
737 1135 902 1211 propositis
916 1135 1040 1194 ductum
1059 1135 1200 1212 refertur
1216 1137 1265 1197 ad
1277 1138 1326 1198 sin·

335 1218 419 1295 qula,
436 1226 465 1278 et
480 1219 525 1279 ad
537 1219 725 1296 propositum
739 1218 876 1278 subiecta
890 1219 971 1279 ratio
985 1220 1096 1279 etitem
1111 1220 1145 1278 in
1164 1220 1327 1282 distributis

295 1303 497 1378 35supposita
521 1304 620 1370 ratio;
641 1309 669 1361 et
688 1302 850 1378 permissio
871 1311 900 1362 et
919 1320 1029 1362 rursus
1050 1303 1115 1363 alio
1140 1303 1328 1367 dubitatiod

337 1387 531 1462 improvisum
547 1386 717 1463 quiddam,·
742 1392 771 1445 et
790 1386 992 1446 dinumeratio
1014 1394 1043 1446 et
1058 1387 1123 1446 alia
1140 1390 1328 1450 correctiori

338 1469 507 1567 dissipatio,
523 1479 552 1530 et
567 1470 771 1530 continuatum
790 1476 819 1528 et
832 1471 1050 1547 interruptum,
1073 1477 1103 1529 et
1116 1470 1223 1550 imaqo
1240 1481 1271 1532 et
1282 1470 1328 1533 sili

336 1553 398 1631 ipsi
408 1555 574 1629 responsio,
591 1561 620 1614 et
629 1552 794 1612 immutatio
811 1560 840 1613 el
854 1554 1026 1651 disiunctio,
1042 1563 1070 1614 et
1078 1554 1157 1615 ordo
1172 1563 1203 1614 et
1217 1556 1328 1628 relatio

295 1646 365 1707 anet
383 1637 531 1715 dipressio
547 1643 575 1696 et
590 1637 840 1711 circumscriptio.
870 1634 957 1698 llaec
976 1638 1055 1697 enirn
1070 1644 1141 1697 sunt
1159 1637 1233 1716 fere
1248 1646 1328 1737 atquc

337 1720 444 1778 lorum
457 1721 569 1780 similia
585 1722 634 1780 rel
644 1721 738 1797 plura
752 1721 844 1780 etiam
854 1739 920 1781 esse
931 1730 1068 1798 possunt,
1085 1736 1168 1798 quae
1182 1721 1328 1784 sententia

337 1804 504 1863 orationem
518 1804 740 1900 uerborumque
756 1803 1044 1880 condemnationibus
1057 1805 1241 1866 illuminent.

421 1883 530 1945 Eadem
558 1894 623 1944 sunl
651 1888 679 1944 in
700 1883 823 1945 Oratore
843 1887 965 1964 plurimu
992 1905 1049 1946 non
1070 1889 1165 1947 omnia
1189 1894 1327 1949 tamena

337 1970 425 2048 paulo
441 1971 532 2046 magis
548 1969 690 2044 distincta,
715 1973 781 2046 quis
798 1979 866 2049 post
881 1974 1018 2030 orationis
1036 1979 1065 2029 et
1081 1970 1327 2032 sententiarum

337 2071 423 2130 goras
438 2056 551 2113 tertium
574 2053 715 2131 quendam
738 2053 861 2113 subiecit
883 2052 978 2114 locum
999 2055 1035 2114 ad
1053 2054 1135 2130 alius,
1158 2055 1326 2134 nsipiens,

296 2139 419 2214 37qussi
436 2140 555 2197 virtutes
573 2137 685 2197 dicendi
703 2139 909 2215 pertinentem:
936 2135 977 2198 Et
989 2139 1130 2215 reliqua,
1146 2157 1189 2197 ea
1204 2142 1326 2201 colloca·

315 2247 318 2251 ’
338 2225 417 2283 tione
430 2223 591 2283 verborum
606 2238 686 2300 qnae
700 2230 860 2282 sumuntur
875 2223 966 2298 quasi
979 2224 1104 2297 lumina,
1121 2241 1273 2300 maquum
1286 2220 1327 2300 al·

335 2306 439 2384 ferunt
455 2316 598 2367 ornatum
621 2306 763 2368 orationi.
799 2304 879 2366 Sunt
892 2306 971 2366 enim
986 2307 1098 2366 similia
1112 2306 1190 2380 illis,
1208 2305 1327 2384 quasin

338 2391 437 2467 amplo
458 2398 567 2451 ornatu
587 2407 701 2450 scenae
720 2395 774 2449 aut
791 2390 855 2468 fori
879 2390 1076 2466 appellantur
1095 2390 1251 2466 insiqnia,
1277 2405 1328 2450 non

297 2476 411 2549 asquia
425 2476 490 2534 sola
505 2482 612 2536 ornent
625 2474 682 2535 sed
697 2473 777 2550 qnod
792 2473 951 2537 excedant.
991 2470 1110 2534 Eodem
1124 2475 1208 2534 ratio
1223 2480 1271 2535 est
1282 2472 1327 2533 la-

338 2568 416 2631 rum,
432 2574 512 2633 qnae
526 2565 595 2617 sunt
608 2558 755 2618 orationis
770 2557 885 2617 lumina
902 2565 930 2617 et
944 2557 1075 2633 quodam
1088 2556 1180 2616 modo
1190 2556 1327 2636 insiquia,

339 2659 407 2700 cum
422 2650 476 2701 aut
490 2641 686 2718 duplicantur
700 2643 911 2717 iteranturque
923 2641 1019 2700 verba
1033 2647 1088 2700 aut
1103 2640 1240 2701 breviter
1255 2657 1327 2701 conr

337 2730 454 2783 mutata
475 2732 645 2801 ponuntur,
674 2733 728 2785 ant
756 2725 795 2784 alr
821 2725 924 2785 eodem
948 2724 1041 2784 aerbo
1064 2724 1190 2783 ducitur
1209 2725 1328 2801 saepiat

337 2808 436 2868 oratio
458 2817 512 2867 ant
527 2811 559 2867 in
573 2809 654 2867 idem
676 2809 835 2869 coniicitur
855 2815 909 2868 out
922 2815 1100 2884 utrumqne,
1118 2815 1173 2866 aut
1189 2807 1326 2885 adiunqi

338 2899 393 2960 tor·
408 2892 489 2952 idem
509 2893 652 2952 iteratum
677 2893 830 2952 culidem
850 2892 894 2951 ad
916 2899 1082 2951 eatremum
1104 2890 1260 2967 refertur,
1280 2894 1327 2949 ord

340 2977 525 3037 continenter
539 2994 631 3035 anum
645 2976 771 3035 verbnm
791 2993 851 3036 nan
864 2977 896 3035 iu
912 2976 1020 3036 eadem
1034 2975 1183 3034 sententio
1198 2975 1326 3053 ponitur,

297 3068 392 3126 iiant
406 3080 474 3121 cum
490 3060 628 3121 similiter
644 3060 693 3121 ael
707 3060 822 3120 cadunt
837 3058 996 3119 verbovel
1014 3059 1175 3128 desinunts
1189 3066 1246 3118 aut
1256 3057 1326 3117 mul·

339 3145 378 3204 tis
393 3146 490 3206 modis
510 3145 672 3205 contrariis
696 3144 797 3204 relata
819 3143 993 3215 contrario,
1015 3149 1070 3201 out
1091 3159 1160 3200 aum
1176 3141 1328 3218 prudntia

338 3246 460 3290 sursum
474 3247 583 3289 versas
596 3229 734 3303 reditur,
750 3233 804 3286 aut
820 3226 945 3287 demotis
960 3224 1222 3285 coniunctionibus
1236 3225 1327 3284 disso-

339 3311 399 3372 lute
412 3315 505 3390 plara
525 3313 683 3386 dicantur,
703 3319 756 3370 ant
779 3329 849 3370 cum
868 3309 987 3386 aliquid
1003 3315 1256 3387 proetereuntes,
1278 3322 1328 3367 cnr

339 3394 374 3453 id
385 3396 549 3473 sociamus,
565 3397 757 3468 ostendimus,
775 3402 830 3453 aut
841 3411 909 3453 curn
920 3393 1100 3470 corripimus
1112 3401 1229 3452 nosrnet
1239 3394 1328 3469 ipson,

341 3480 431 3554 qnasi
449 3478 718 3556 reprehendentes,
746 3484 800 3536 aut
826 3477 855 3537 si
880 3483 925 3537 est
947 3477 1053 3552 aliqua
1080 3475 1267 3536 acclamatio
1286 3473 1330 3534 uel

341 3562 553 3622 admirationis
569 3564 617 3624 ael
635 3561 869 3640 conquestionis,
892 3567 946 3620 aut
966 3579 1034 3620 cum
1055 3560 1190 3619 eiusdem
1206 3557 1330 3620 nanda:

300 3648 434 3706 iocosus
465 3646 589 3721 saepius
623 3652 852 3707 commutantur.
901 3641 1125 3704 Sententiarum
1154 3648 1331 3703 ornamento

342 3730 462 3793 maiora
490 3738 579 3798 sauls
608 3730 717 3808 quibas
747 3729 820 3805 quia
847 3727 1090 3806 frequentissime
1116 3722 1331 3786 llemostlcenes

280 3824 418 3904 A
