3184 4409
314 362 318 370 '
347 373 409 436 206
652 386 688 435 ru.
709 385 786 434 uun.
807 384 1027 445 consensum

346 525 458 619 nolent,
478 541 511 602 io
529 541 695 601 crastinum
715 548 951 618 percenturum,·
969 540 1083 601 tertium
1097 547 1203 600 tantum
1218 558 1276 600 non
1291 559 1338 602 re·

347 643 492 703 pugnans,
519 622 557 684 Ic
579 625 666 685 doceo
687 625 803 703 furtum
827 623 943 701 sactum
963 625 1003 684 ab
1024 643 1076 698 eo,
1098 626 1150 701 orti
1172 627 1252 686 domi
1269 627 1338 705 tulit.

305 717 339 774 17
349 710 476 787 Ideoque
491 706 667 767 Aristoteles
682 709 712 767 in
728 706 856 767 secundo
874 706 911 766 de
928 705 999 765 Arte
1014 706 1170 767 Rhetorica
1186 708 1259 767 libro
1275 710 1338 769 dili·

347 794 514 871 gentissimc
537 801 580 850 εει
608 800 762 866 executus,
792 791 858 867 quid
890 793 994 867 cuique
1020 792 1063 850 rei
1090 800 1119 849 et
1145 792 1211 867 quid
1235 795 1339 871 cuique

346 878 451 936 homini
477 875 588 935 soleret
610 875 760 949 accidere,
783 884 813 933 et
830 892 900 951 quas
917 893 965 934 res
983 891 1114 953 quosque
1129 875 1259 935 homines
1278 879 1338 955 qui·

346 961 400 1020 hus
419 959 506 1019 rebus
522 969 570 1018 aut
586 958 746 1018 hominibus
761 957 810 1017 vel
827 957 1012 1018 conciliasset
1036 957 1084 1016 vel
1102 959 1260 1019 alienasset
1276 963 1338 1039 ipsa

347 1053 460 1119 natura:
483 1052 528 1115 ut,
552 1042 664 1102 divitias
687 1041 753 1119 quid
769 1050 907 1118 sequatur
921 1050 970 1100 aut
986 1042 1119 1100 ambitum
1134 1052 1182 1103 cut
1199 1046 1338 1122 supersti-

347 1131 468 1202 tionem,
493 1127 559 1204 quid
574 1126 642 1185 honi
657 1124 795 1204 probent,
820 1123 886 1201 quid
907 1124 972 1184 mali
994 1134 1110 1203 petant,
1134 1126 1201 1204 quid
1221 1127 1338 1203 milites,

347 1212 413 1290 quid
428 1211 537 1285 rustici,
556 1227 612 1287 quo
624 1221 761 1287 'quaeque
781 1208 867 1267 modo
890 1226 939 1267 res
959 1210 1042 1268 vitari
1056 1209 1104 1268 vel
1120 1212 1217 1288 appeti
1232 1211 1336 1271 soleat.

305 1297 452 1359 18Vcrum
470 1294 527 1352 hoc
543 1295 647 1371 exequi
663 1295 757 1358 mitto:
773 1293 917 1351 nonenim
931 1292 1047 1368 longum
1060 1300 1165 1352 tantum
1181 1295 1233 1354 sed
1253 1297 1338 1355 etiam

345 1376 525 1458 impossihile
548 1386 596 1436 mut
623 1378 717 1455 potius
742 1375 878 1434 infinitum
903 1385 948 1435 est
977 1386 1130 1453 praeterea
1155 1379 1280 1454 positum
1311 1380 1337 1437 in

347 1463 487 1522 communi
505 1462 626 1519 omniurn
642 1459 802 1519 intellectu.
842 1461 874 1518 Si
893 1460 955 1536 quis
971 1469 1065 1519 tamen
1080 1460 1305 1522 desideraverit:
1321 1481 1336 1522 o

305 1554 403 1625 laquo
424 1553 554 1623 peteret,
580 1543 703 1602 ostendi.
753 1541 852 1602 Omnia
877 1552 971 1602 autem
992 1544 1157 1618 credibilia,
1181 1547 1209 1603 in
1236 1545 1335 1623 quibus

346 1647 413 1708 pers
429 1629 549 1687 maxime
569 1628 700 1686 consistit
718 1629 985 1702 argumentationis,
1010 1645 1048 1686 ex
1068 1628 1229 1688 huiusmodi
1253 1630 1334 1688 fonti·

345 1713 399 1772 hus
416 1711 518 1771 fluunt:
542 1708 589 1771 An
610 1713 757 1772 credibile
771 1712 826 1787 sit,
842 1709 938 1787 ofilio
947 1719 1070 1788 patrem
1085 1713 1236 1790 occisum,
1253 1716 1334 1774 ince-

345 1806 423 1858 stum
435 1815 502 1855 cum
513 1795 577 1872 filio
590 1795 800 1856 cmomisoom?
816 1803 844 1853 et
856 1803 955 1854 contra
965 1794 1139 1872 veneficium
1150 1797 1182 1856 in
1192 1815 1333 1870 noverca,

345 1881 528 1942 adulterium
544 1881 575 1940 in
591 1880 766 1946 laconismo,-
785 1877 835 1937 illa
853 1895 980 1955 quoque,
995 1876 1043 1939 Ao
1057 1880 1158 1939 coelos
1171 1883 1277 1956 polam
1290 1881 1333 1959 fc·

347 1964 447 2024 elom?
477 1961 526 2023 An
547 1963 662 2041 falsum
680 1970 808 2041 propter
826 1964 969 2039 exipeom
984 1960 1153 2023 summam?
1179 1965 1245 2041 quia
1270 1980 1333 2023 suos

347 2048 471 2125 quidque
492 2047 593 2106 horum
610 2046 691 2105 velut
706 2063 803 2104 mones
824 2044 928 2113 hebet3
954 2045 1124 2124 plerumque
1148 2055 1260 2123 tamen,
1282 2064 1335 2106 non

346 2150 477 2210 semper,
494 2131 601 2208 alioqui
616 2130 771 2189 indubitata
787 2139 896 2204 essent,
914 2147 972 2188 uon
987 2139 1162 2205 argumenta.

303 2226 340 2279 20
429 2215 613 2274 Excutiemus
626 2232 700 2273 nunc
716 2222 946 2289 argumentorum
963 2213 1085 2281 locos;
1105 2231 1265 2291 quanquam
1277 2215 1336 2292 qui·
1358 2274 1359 2289 ,

345 2299 464 2358 busdam
481 2298 510 2357 hi
529 2315 660 2376 quoque,
682 2295 837 2375 dequibus
860 2313 947 2374 supra
972 2297 1047 2369 dixi,
1072 2298 1212 2356 videntur.
1243 2296 1336 2357 Locos
1358 2292 1359 2345 Ῐ

345 2383 463 2460 appello
483 2400 550 2456 non,
567 2392 597 2441 ut
611 2381 701 2457 vulgo
719 2399 793 2438 nunc
809 2379 1015 2456 intelliguntur,
1033 2381 1061 2437 in
1078 2380 1216 2439 luxuriam
1243 2391 1272 2440 et
1292 2381 1337 2442 ad·

346 2466 479 2525 ultorium
494 2474 522 2524 et
540 2465 657 2530 similia:
685 2463 737 2522 sed
761 2462 874 2522 sedes
898 2473 1211 2540 argumentorum,
1231 2466 1260 2524 in
1279 2466 1338 2545 qni·

303 2548 523 2624 nubustauem,
547 2547 702 2626 exquibus
722 2555 787 2605 sunt
805 2547 938 2624 petenda.
972 2545 1059 2621 Nam,
1085 2556 1115 2605 nt
1137 2550 1165 2607 in
1186 2557 1264 2610 terra
1285 2566 1341 2610 uon

345 2634 419 2691 omni
435 2641 610 2708 generantur
629 2633 738 2704 omnia,
760 2648 815 2689 nec
838 2648 920 2688 avem
944 2639 991 2690 aut
1015 2630 1105 2690 ierom
1120 2633 1270 2710 reperias,
1294 2632 1338 2694 uhi

345 2733 478 2793 quaeque
495 2716 573 2774 nasci
592 2724 640 2774 aut
658 2715 762 2773 morari
782 2714 877 2772 soleat
894 2715 1019 2790 ignarus,
1042 2724 1070 2773 et
1085 2717 1204 2792 piscium
1223 2734 1337 2796 quoquc

344 2817 453 2876 genera
469 2799 524 2858 alia
541 2799 634 2876 planis
650 2797 775 2874 gaudent
795 2796 851 2856 alia
866 2800 998 2873 saxosis,
1020 2799 1186 2874 regionibus
1204 2801 1336 2861 etiamli·

344 2883 515 2962 toribusque
530 2884 654 2943 discreta
671 2890 751 2956 sunt,
778 2900 833 2941 nec
859 2882 995 2960 helopem
1009 2892 1109 2941 nostro
1125 2884 1194 2941 mari
1211 2893 1261 2943 aut
1280 2890 1333 2945 scs*

344 2985 405 3025 rum
423 2967 529 3027 ducas:
556 2967 595 3025 ita
612 2984 670 3024 non
687 2983 770 3024 omne
790 2976 986 3042 argumentum
1010 2966 1134 3043 undique
1158 2968 1237 3026 venit
1261 2969 1330 3030 ideo·

301 3064 401 3128 neque
417 3069 473 3111 non
491 3052 599 3130 possim
619 3050 812 3129 quaerendum
827 3059 882 3109 est.
920 3049 1024 3109 Multus
1050 3050 1156 3128 alioqui
1172 3068 1260 3110 error
1282 3060 1329 3119 ests
1353 3057 1359 3118 ι

345 3135 486 3194 exhausto
504 3134 622 3208 labore,
641 3133 717 3212 quod
732 3151 789 3192 non
806 3135 918 3193 ratione
937 3133 1135 3208 scrutabimur,
1157 3151 1214 3192 non
1231 3135 1326 3214 poten
1351 3159 1359 3204 ι

344 3235 406 3276 mus
422 3221 550 3278 invenire
568 3219 622 3278 nisi
643 3237 721 3277 casu.
751 3217 790 3276 At
807 3219 831 3275 si
846 3217 1007 3292 scierimus,
1022 3216 1069 3275 nbi
1087 3217 1222 3295 quodque
1239 3234 1326 3281 nasot
1348 3242 1359 3303 p

345 3309 407 3360 tur:
426 3321 488 3361 curn
504 3303 539 3362 ad
557 3303 653 3363 locum
667 3310 782 3361 ventum
801 3302 866 3374 erit,
882 3299 981 3376 facile,
1002 3301 1078 3378 quod
1097 3303 1124 3359 in
1142 3318 1178 3360 εο
1195 3312 1254 3380 εει,
1346 3314 1359 3372 t

341 3385 511 3444 videbimus.
1314 3406 1316 3411 ·

298 3483 336 3538 23
426 3468 458 3528 ln
479 3470 577 3546 primis
596 3470 682 3546 igitur
702 3475 902 3545 argumentata
925 3484 1088 3543 persona
1110 3467 1274 3531 ducendas

341 3571 423 3629 cum,
444 3562 474 3612 ut
491 3552 565 3626 dixi,
588 3554 624 3610 sit
643 3552 762 3627 divisio,
788 3559 820 3609 ut
840 3552 933 3610 omnia
957 3551 985 3608 in
1003 3550 1076 3610 haec
1095 3552 1151 3611 dno
1170 3556 1291 3631 partiam

329 3654 383 3695 res
400 3648 493 3718 atque
512 3653 675 3721 personas,
695 3644 727 3696 ut
744 3644 846 3711 causa,
862 3643 999 3712 tempus,
1020 3634 1120 3711 locus,
1144 3640 1283 3717 occasio,
