<?xml version="1.0" encoding="UTF-8"?>
<!DOCTYPE html PUBLIC "-//W3C//DTD XHTML 1.0 Transitional//EN"
    "http://www.w3.org/TR/xhtml1/DTD/xhtml1-transitional.dtd">
<html xmlns="http://www.w3.org/1999/xhtml" xml:lang="en" lang="en">
 <head>
  <title>
</title>
<meta http-equiv="Content-Type" content="text/html;charset=utf-8" />
  <meta name='ocr-system' content='tesseract 3.04.00' />
  <meta name='ocr-capabilities' content='ocr_page ocr_carea ocr_par ocr_line ocrx_word'/>
</head>
<body>
  <div class='ocr_page' id='page_1' title='image "./mfabiiquintilia02quingoog_0148.png"; bbox 0 0 3184 4409; ppageno 0'>
   <div class='ocr_carea' id='block_1_1' title="bbox 339 466 1010 536">
    <p class='ocr_par' dir='ltr' id='par_1_1' title="bbox 339 466 1010 536">
     <span class='ocr_line' id='line_1_1' title="bbox 339 466 1010 536; baseline -0.01 -7"><span class='ocrx_word' id='word_1_1' title='bbox 339 466 399 530; x_wconf 81' lang='lat' dir='ltr'><strong>tad</strong></span> <span class='ocrx_word' id='word_1_2' title='bbox 647 475 1010 536; x_wconf 56' lang='lat' dir='ltr'><strong>amnemamnem</strong></span> 
     </span>
    </p>
   </div>
   <div class='ocr_carea' id='block_1_2' title="bbox 290 631 1339 3824">
    <p class='ocr_par' dir='ltr' id='par_1_2' title="bbox 293 631 1334 1216">
     <span class='ocr_line' id='line_1_2' title="bbox 293 631 1333 711; baseline 0 -15"><span class='ocrx_word' id='word_1_3' title='bbox 293 648 416 710; x_wconf 69' lang='lat' dir='ltr'><strong>acuere,</strong></span> <span class='ocrx_word' id='word_1_4' title='bbox 435 642 533 693; x_wconf 90' lang='lat' dir='ltr'><strong>cetera</strong></span> <span class='ocrx_word' id='word_1_5' title='bbox 548 632 584 693; x_wconf 94' lang='lat' dir='ltr'><strong>ad</strong></span> <span class='ocrx_word' id='word_1_6' title='bbox 599 633 737 711; x_wconf 91' lang='lat' dir='ltr'><strong>quosdam</strong></span> <span class='ocrx_word' id='word_1_7' title='bbox 753 633 838 693; x_wconf 86' lang='lat' dir='ltr'><strong>locos</strong></span> <span class='ocrx_word' id='word_1_8' title='bbox 853 639 1085 708; x_wconf 76' lang='lat' dir='ltr'><strong>argumentorum</strong></span> <span class='ocrx_word' id='word_1_9' title='bbox 1099 631 1242 693; x_wconf 84' lang='lat' dir='ltr'><strong>videntur.</strong></span> <span class='ocrx_word' id='word_1_10' title='bbox 1272 633 1333 696; x_wconf 74' lang='lat' dir='ltr'><strong>Atii</strong></span> 
     </span>
     <span class='ocr_line' id='line_1_3' title="bbox 335 717 1331 796; baseline 0 -17"><span class='ocrx_word' id='word_1_11' title='bbox 335 736 461 779; x_wconf 82' lang='lat' dir='ltr'><strong>nouem</strong></span> <span class='ocrx_word' id='word_1_12' title='bbox 483 717 662 776; x_wconf 87' lang='lat' dir='ltr'><strong>elementa</strong></span> <span class='ocrx_word' id='word_1_13' title='bbox 677 726 853 796; x_wconf 88' lang='lat' dir='ltr'><strong>posuerunt,</strong></span> <span class='ocrx_word' id='word_1_14' title='bbox 871 717 1037 791; x_wconf 78' lang='lat' dir='ltr'><strong>Personam,</strong></span> <span class='ocrx_word' id='word_1_15' title='bbox 1055 718 1155 794; x_wconf 86' lang='lat' dir='ltr'><strong>inqua</strong></span> <span class='ocrx_word' id='word_1_16' title='bbox 1171 719 1208 777; x_wconf 88' lang='lat' dir='ltr'><strong>de</strong></span> <span class='ocrx_word' id='word_1_17' title='bbox 1225 721 1331 796; x_wconf 89' lang='lat' dir='ltr'><strong>auimo,</strong></span> 
     </span>
     <span class='ocr_line' id='line_1_4' title="bbox 336 801 1332 880; baseline -0.002 -16"><span class='ocrx_word' id='word_1_18' title='bbox 336 819 480 880; x_wconf 90' lang='lat' dir='ltr'><strong>corpore,</strong></span> <span class='ocrx_word' id='word_1_19' title='bbox 502 810 584 861; x_wconf 85' lang='lat' dir='ltr'><strong>extra</strong></span> <span class='ocrx_word' id='word_1_20' title='bbox 607 803 711 879; x_wconf 89' lang='lat' dir='ltr'><strong>positis</strong></span> <span class='ocrx_word' id='word_1_21' title='bbox 733 810 903 880; x_wconf 77' lang='lat' dir='ltr'><strong>quaeratur,</strong></span> <span class='ocrx_word' id='word_1_22' title='bbox 932 801 1009 878; x_wconf 90' lang='lat' dir='ltr'><strong>quod</strong></span> <span class='ocrx_word' id='word_1_23' title='bbox 1033 803 1180 877; x_wconf 89' lang='lat' dir='ltr'><strong>pertinere</strong></span> <span class='ocrx_word' id='word_1_24' title='bbox 1195 802 1241 862; x_wconf 78' lang='lat' dir='ltr'><strong>-ad</strong></span> <span class='ocrx_word' id='word_1_25' title='bbox 1263 821 1332 862; x_wconf 89' lang='lat' dir='ltr'><strong>con·</strong></span> 
     </span>
     <span class='ocr_line' id='line_1_5' title="bbox 335 881 1333 967; baseline 0 -20"><span class='ocrx_word' id='word_1_26' title='bbox 335 891 464 947; x_wconf 81' lang='lat' dir='ltr'><strong>iacturae</strong></span> <span class='ocrx_word' id='word_1_27' title='bbox 480 894 509 944; x_wconf 91' lang='lat' dir='ltr'><strong>et</strong></span> <span class='ocrx_word' id='word_1_28' title='bbox 525 885 668 962; x_wconf 82' lang='lat' dir='ltr'><strong>qualitatis</strong></span> <span class='ocrx_word' id='word_1_29' title='bbox 683 887 869 945; x_wconf 86' lang='lat' dir='ltr'><strong>instrumenta</strong></span> <span class='ocrx_word' id='word_1_30' title='bbox 885 885 981 944; x_wconf 84' lang='lat' dir='ltr'><strong>video.</strong></span> <span class='ocrx_word' id='word_1_31' title='bbox 1013 883 1154 963; x_wconf 84' lang='lat' dir='ltr'><strong>Tempus,</strong></span> <span class='ocrx_word' id='word_1_32' title='bbox 1170 887 1247 964; x_wconf 90' lang='lat' dir='ltr'><strong>quod</strong></span> <span class='ocrx_word' id='word_1_33' title='bbox 1265 881 1333 967; x_wconf 81' lang='grc' dir='ltr'><em>χρό-</em></span> 
     </span>
     <span class='ocr_line' id='line_1_6' title="bbox 337 970 1334 1047; baseline 0.001 -15"><span class='ocrx_word' id='word_1_34' title='bbox 337 979 526 1045; x_wconf 70' lang='lat' dir='ltr'><strong>convocant,</strong></span> <span class='ocrx_word' id='word_1_35' title='bbox 550 987 587 1028; x_wconf 84' lang='lat' dir='ltr'><strong>ex</strong></span> <span class='ocrx_word' id='word_1_36' title='bbox 608 985 665 1047; x_wconf 93' lang='lat' dir='ltr'><strong>quo</strong></span> <span class='ocrx_word' id='word_1_37' title='bbox 684 971 833 1047; x_wconf 73' lang='lat' dir='ltr'><strong>quaestio,</strong></span> <span class='ocrx_word' id='word_1_38' title='bbox 856 988 898 1030; x_wconf 82' lang='lat' dir='ltr'><strong>on</strong></span> <span class='ocrx_word' id='word_1_39' title='bbox 915 970 957 1043; x_wconf 79' lang='lat' dir='ltr'><strong>ic,</strong></span> <span class='ocrx_word' id='word_1_40' title='bbox 980 985 1085 1046; x_wconf 80' lang='lat' dir='ltr'><strong>quem,</strong></span> <span class='ocrx_word' id='word_1_41' title='bbox 1108 971 1181 1030; x_wconf 85' lang='lat' dir='ltr'><strong>dum</strong></span> <span class='ocrx_word' id='word_1_42' title='bbox 1201 973 1334 1033; x_wconf 83' lang='lat' dir='ltr'><strong>addicta</strong></span> 
     </span>
     <span class='ocr_line' id='line_1_7' title="bbox 336 1052 1331 1133; baseline -0.003 -16"><span class='ocrx_word' id='word_1_43' title='bbox 336 1063 397 1131; x_wconf 78' lang='lat' dir='ltr'><strong>eat,</strong></span> <span class='ocrx_word' id='word_1_44' title='bbox 418 1063 517 1116; x_wconf 82' lang='lat' dir='ltr'><strong>muter</strong></span> <span class='ocrx_word' id='word_1_45' title='bbox 533 1055 667 1133; x_wconf 77' lang='lat' dir='ltr'><strong>peperit,</strong></span> <span class='ocrx_word' id='word_1_46' title='bbox 689 1072 798 1114; x_wconf 77' lang='lat' dir='ltr'><strong>aeroas</strong></span> <span class='ocrx_word' id='word_1_47' title='bbox 817 1055 857 1115; x_wconf 80' lang='lat' dir='ltr'><strong>ait</strong></span> <span class='ocrx_word' id='word_1_48' title='bbox 875 1055 988 1114; x_wconf 76' lang='lat' dir='ltr'><strong>catus?</strong></span> <span class='ocrx_word' id='word_1_49' title='bbox 1023 1052 1146 1129; x_wconf 81' lang='lat' dir='ltr'><strong>locum,</strong></span> <span class='ocrx_word' id='word_1_50' title='bbox 1169 1054 1246 1114; x_wconf 89' lang='lat' dir='ltr'><strong>undo</strong></span> <span class='ocrx_word' id='word_1_51' title='bbox 1262 1072 1331 1114; x_wconf 90' lang='lat' dir='ltr'><strong>con-</strong></span> 
     </span>
     <span class='ocr_line' id='line_1_8' title="bbox 335 1138 1332 1216; baseline 0.004 -19"><span class='ocrx_word' id='word_1_52' title='bbox 335 1141 477 1198; x_wconf 90' lang='lat' dir='ltr'><strong>troversia</strong></span> <span class='ocrx_word' id='word_1_53' title='bbox 492 1138 621 1213; x_wconf 90' lang='lat' dir='ltr'><strong>videtur,</strong></span> <span class='ocrx_word' id='word_1_54' title='bbox 642 1156 684 1198; x_wconf 80' lang='lat' dir='ltr'><strong>oo</strong></span> <span class='ocrx_word' id='word_1_55' title='bbox 700 1139 752 1216; x_wconf 73' lang='lat' dir='ltr'><strong>sos</strong></span> <span class='ocrx_word' id='word_1_56' title='bbox 771 1138 867 1216; x_wconf 70' lang='lat' dir='ltr'><strong>fuerit</strong></span> <span class='ocrx_word' id='word_1_57' title='bbox 884 1145 1049 1215; x_wconf 57' lang='lat' dir='ltr'><strong>pronaum</strong></span> <span class='ocrx_word' id='word_1_58' title='bbox 1068 1139 1101 1198; x_wconf 81' lang='lat' dir='ltr'><strong>io</strong></span> <span class='ocrx_word' id='word_1_59' title='bbox 1118 1139 1228 1216; x_wconf 85' lang='lat' dir='ltr'><strong>templo</strong></span> <span class='ocrx_word' id='word_1_60' title='bbox 1248 1141 1332 1200; x_wconf 81' lang='lat' dir='ltr'><strong>occi-</strong></span> 
     </span>
    </p>

    <p class='ocr_par' dir='ltr' id='par_1_3' title="bbox 294 1219 1333 1386">
     <span class='ocr_line' id='line_1_9' title="bbox 294 1219 1332 1301; baseline 0.001 -21"><span class='ocrx_word' id='word_1_61' title='bbox 294 1225 431 1285; x_wconf 72' lang='lat' dir='ltr'><strong>atdere?</strong></span> <span class='ocrx_word' id='word_1_62' title='bbox 462 1219 510 1282; x_wconf 84' lang='lat' dir='ltr'><strong>An</strong></span> <span class='ocrx_word' id='word_1_63' title='bbox 532 1221 719 1294; x_wconf 76' lang='lat' dir='ltr'><strong>conlocarit,</strong></span> <span class='ocrx_word' id='word_1_64' title='bbox 742 1223 795 1299; x_wconf 81' lang='lat' dir='ltr'><strong>qai</strong></span> <span class='ocrx_word' id='word_1_65' title='bbox 816 1222 902 1283; x_wconf 82' lang='lat' dir='ltr'><strong>domi</strong></span> <span class='ocrx_word' id='word_1_66' title='bbox 923 1222 1034 1301; x_wconf 73' lang='lat' dir='ltr'><strong>latuit?</strong></span> <span class='ocrx_word' id='word_1_67' title='bbox 1068 1221 1193 1300; x_wconf 78' lang='lat' dir='ltr'><strong>Tempus</strong></span> <span class='ocrx_word' id='word_1_68' title='bbox 1216 1225 1332 1298; x_wconf 93' lang='lat' dir='ltr'><strong>iterum,</strong></span> 
     </span>
     <span class='ocr_line' id='line_1_10' title="bbox 336 1297 1333 1386; baseline -0.001 -19"><span class='ocrx_word' id='word_1_69' title='bbox 336 1307 412 1386; x_wconf 93' lang='lat' dir='ltr'><strong>quod</strong></span> <span class='ocrx_word' id='word_1_70' title='bbox 435 1297 540 1385; x_wconf 82' lang='grc' dir='ltr'><strong><em>καιρὸν</em></strong></span> <span class='ocrx_word' id='word_1_71' title='bbox 560 1305 721 1383; x_wconf 88' lang='lat' dir='ltr'><strong>appellaut;</strong></span> <span class='ocrx_word' id='word_1_72' title='bbox 752 1305 827 1365; x_wconf 88' lang='lat' dir='ltr'><strong>hano</strong></span> <span class='ocrx_word' id='word_1_73' title='bbox 847 1315 941 1365; x_wconf 89' lang='lat' dir='ltr'><strong>autem</strong></span> <span class='ocrx_word' id='word_1_74' title='bbox 962 1304 1054 1364; x_wconf 82' lang='lat' dir='ltr'><strong>videri</strong></span> <span class='ocrx_word' id='word_1_75' title='bbox 1076 1305 1178 1365; x_wconf 90' lang='lat' dir='ltr'><strong>volunt</strong></span> <span class='ocrx_word' id='word_1_76' title='bbox 1200 1308 1333 1384; x_wconf 91' lang='lat' dir='ltr'><strong>speciem</strong></span> 
     </span>
    </p>

    <p class='ocr_par' dir='ltr' id='par_1_4' title="bbox 318 1389 1335 1468">
     <span class='ocr_line' id='line_1_11' title="bbox 318 1389 1335 1468; baseline -0.001 -17"><span class='ocrx_word' id='word_1_77' title='bbox 318 1392 411 1451; x_wconf 70' lang='lat' dir='ltr'><strong>‘illius</strong></span> <span class='ocrx_word' id='word_1_78' title='bbox 428 1391 583 1468; x_wconf 91' lang='lat' dir='ltr'><strong>temporis,</strong></span> <span class='ocrx_word' id='word_1_79' title='bbox 606 1399 636 1448; x_wconf 95' lang='lat' dir='ltr'><strong>ut</strong></span> <span class='ocrx_word' id='word_1_80' title='bbox 652 1398 791 1464; x_wconf 82' lang='lat' dir='ltr'><strong>aestatem</strong></span> <span class='ocrx_word' id='word_1_81' title='bbox 808 1389 856 1449; x_wconf 90' lang='lat' dir='ltr'><strong>vel</strong></span> <span class='ocrx_word' id='word_1_82' title='bbox 874 1390 1010 1457; x_wconf 88' lang='lat' dir='ltr'><strong>hiemem;</strong></span> <span class='ocrx_word' id='word_1_83' title='bbox 1034 1389 1101 1449; x_wconf 91' lang='lat' dir='ltr'><strong>huic</strong></span> <span class='ocrx_word' id='word_1_84' title='bbox 1116 1390 1266 1450; x_wconf 86' lang='lat' dir='ltr'><strong>subiicitur</strong></span> <span class='ocrx_word' id='word_1_85' title='bbox 1280 1392 1335 1452; x_wconf 78' lang='lat' dir='ltr'><strong>ille</strong></span> 
     </span>
    </p>

    <p class='ocr_par' dir='ltr' id='par_1_5' title="bbox 334 1473 1334 1807">
     <span class='ocr_line' id='line_1_12' title="bbox 334 1473 1333 1553; baseline -0.003 -16"><span class='ocrx_word' id='word_1_86' title='bbox 334 1478 366 1537; x_wconf 83' lang='lat' dir='ltr'><strong>in</strong></span> <span class='ocrx_word' id='word_1_87' title='bbox 383 1475 557 1553; x_wconf 79' lang='lat' dir='ltr'><strong>pestilentia</strong></span> <span class='ocrx_word' id='word_1_88' title='bbox 576 1476 763 1538; x_wconf 78' lang='lat' dir='ltr'><strong>comissator.</strong></span> <span class='ocrx_word' id='word_1_89' title='bbox 793 1473 914 1549; x_wconf 81' lang='lat' dir='ltr'><strong>Actum,</strong></span> <span class='ocrx_word' id='word_1_90' title='bbox 937 1473 965 1534; x_wconf 93' lang='lat' dir='ltr'><strong>id</strong></span> <span class='ocrx_word' id='word_1_91' title='bbox 986 1482 1032 1532; x_wconf 92' lang='lat' dir='ltr'><strong>est</strong></span> <span class='ocrx_word' id='word_1_92' title='bbox 1052 1475 1175 1553; x_wconf 78' lang='grc' dir='ltr'><strong><em>πρᾶξιν,</em></strong></span> <span class='ocrx_word' id='word_1_93' title='bbox 1197 1474 1276 1552; x_wconf 92' lang='lat' dir='ltr'><strong>quod</strong></span> <span class='ocrx_word' id='word_1_94' title='bbox 1294 1491 1333 1534; x_wconf 93' lang='lat' dir='ltr'><strong>eo</strong></span> 
     </span>
     <span class='ocr_line' id='line_1_13' title="bbox 334 1559 1334 1633; baseline -0.001 -13"><span class='ocrx_word' id='word_1_95' title='bbox 334 1559 479 1633; x_wconf 85' lang='lat' dir='ltr'><strong>referunt,</strong></span> <span class='ocrx_word' id='word_1_96' title='bbox 505 1559 606 1619; x_wconf 66' lang='lat' dir='ltr'><strong>adens</strong></span> <span class='ocrx_word' id='word_1_97' title='bbox 625 1559 807 1619; x_wconf 67' lang='lat' dir='ltr'><strong>commiserit</strong></span> <span class='ocrx_word' id='word_1_98' title='bbox 830 1576 872 1619; x_wconf 82' lang='lat' dir='ltr'><strong>aa</strong></span> <span class='ocrx_word' id='word_1_99' title='bbox 896 1559 1052 1619; x_wconf 75' lang='lat' dir='ltr'><strong>insciens?</strong></span> <span class='ocrx_word' id='word_1_100' title='bbox 1080 1559 1263 1621; x_wconf 79' lang='lat' dir='ltr'><strong>necessitate</strong></span> <span class='ocrx_word' id='word_1_101' title='bbox 1290 1579 1334 1620; x_wconf 80' lang='lat' dir='ltr'><strong>on</strong></span> 
     </span>
     <span class='ocr_line' id='line_1_14' title="bbox 336 1641 1331 1720; baseline -0.005 -14"><span class='ocrx_word' id='word_1_102' title='bbox 336 1645 434 1706; x_wconf 77' lang='lat' dir='ltr'><strong>cora?</strong></span> <span class='ocrx_word' id='word_1_103' title='bbox 456 1651 486 1700; x_wconf 90' lang='lat' dir='ltr'><strong>et</strong></span> <span class='ocrx_word' id='word_1_104' title='bbox 501 1641 579 1701; x_wconf 87' lang='lat' dir='ltr'><strong>talia.</strong></span> <span class='ocrx_word' id='word_1_105' title='bbox 616 1641 785 1718; x_wconf 87' lang='lat' dir='ltr'><strong>Numerum,</strong></span> <span class='ocrx_word' id='word_1_106' title='bbox 810 1644 858 1720; x_wconf 95' lang='lat' dir='ltr'><strong>qui</strong></span> <span class='ocrx_word' id='word_1_107' title='bbox 874 1642 949 1701; x_wconf 87' lang='lat' dir='ltr'><strong>cadit</strong></span> <span class='ocrx_word' id='word_1_108' title='bbox 963 1643 992 1701; x_wconf 92' lang='lat' dir='ltr'><strong>in</strong></span> <span class='ocrx_word' id='word_1_109' title='bbox 1007 1643 1137 1719; x_wconf 89' lang='lat' dir='ltr'><strong>speciem</strong></span> <span class='ocrx_word' id='word_1_110' title='bbox 1153 1644 1331 1720; x_wconf 84' lang='lat' dir='ltr'><strong>quantitatis,</strong></span> 
     </span>
     <span class='ocr_line' id='line_1_15' title="bbox 335 1725 1333 1807; baseline -0.002 -19"><span class='ocrx_word' id='word_1_111' title='bbox 335 1747 377 1789; x_wconf 83' lang='lat' dir='ltr'><strong>on</strong></span> <span class='ocrx_word' id='word_1_112' title='bbox 401 1725 590 1805; x_wconf 74' lang='lat' dir='ltr'><strong>Thrasybulo</strong></span> <span class='ocrx_word' id='word_1_113' title='bbox 612 1728 736 1806; x_wconf 70' lang='lat' dir='ltr'><strong>triptota</strong></span> <span class='ocrx_word' id='word_1_114' title='bbox 754 1729 897 1805; x_wconf 83' lang='lat' dir='ltr'><strong>proemia</strong></span> <span class='ocrx_word' id='word_1_115' title='bbox 918 1726 1106 1802; x_wconf 78' lang='lat' dir='ltr'><strong>debeantur,</strong></span> <span class='ocrx_word' id='word_1_116' title='bbox 1134 1729 1266 1804; x_wconf 78' lang='lat' dir='ltr'><strong>quietat</strong></span> <span class='ocrx_word' id='word_1_117' title='bbox 1288 1735 1333 1807; x_wconf 77' lang='lat' dir='ltr'><strong>ty-</strong></span> 
     </span>
    </p>

    <p class='ocr_par' dir='ltr' id='par_1_6' title="bbox 292 1808 1333 2310">
     <span class='ocr_line' id='line_1_16' title="bbox 292 1808 1332 1888; baseline -0.001 -18"><span class='ocrx_word' id='word_1_118' title='bbox 292 1824 450 1878; x_wconf 71' lang='lat' dir='ltr'><strong>atroooos</strong></span> <span class='ocrx_word' id='word_1_119' title='bbox 469 1811 649 1873; x_wconf 73' lang='lat' dir='ltr'><strong>sustulerit?</strong></span> <span class='ocrx_word' id='word_1_120' title='bbox 684 1808 823 1887; x_wconf 87' lang='lat' dir='ltr'><strong>Causam,</strong></span> <span class='ocrx_word' id='word_1_121' title='bbox 852 1811 897 1870; x_wconf 90' lang='lat' dir='ltr'><strong>cui</strong></span> <span class='ocrx_word' id='word_1_122' title='bbox 918 1809 1058 1888; x_wconf 86' lang='lat' dir='ltr'><strong>plurimae</strong></span> <span class='ocrx_word' id='word_1_123' title='bbox 1080 1810 1332 1887; x_wconf 87' lang='lat' dir='ltr'><strong>subiacentlites,</strong></span> 
     </span>
     <span class='ocr_line' id='line_1_17' title="bbox 336 1893 1332 1973; baseline 0 -19"><span class='ocrx_word' id='word_1_124' title='bbox 336 1897 469 1973; x_wconf 91' lang='lat' dir='ltr'><strong>quotiens</strong></span> <span class='ocrx_word' id='word_1_125' title='bbox 487 1894 593 1954; x_wconf 88' lang='lat' dir='ltr'><strong>factum</strong></span> <span class='ocrx_word' id='word_1_126' title='bbox 612 1911 669 1955; x_wconf 93' lang='lat' dir='ltr'><strong>uon</strong></span> <span class='ocrx_word' id='word_1_127' title='bbox 689 1904 829 1970; x_wconf 84' lang='lat' dir='ltr'><strong>negatur,</strong></span> <span class='ocrx_word' id='word_1_128' title='bbox 851 1893 904 1954; x_wconf 91' lang='lat' dir='ltr'><strong>sed</strong></span> <span class='ocrx_word' id='word_1_129' title='bbox 926 1895 992 1972; x_wconf 93' lang='lat' dir='ltr'><strong>quia</strong></span> <span class='ocrx_word' id='word_1_130' title='bbox 1013 1896 1088 1954; x_wconf 87' lang='lat' dir='ltr'><strong>iusta</strong></span> <span class='ocrx_word' id='word_1_131' title='bbox 1103 1896 1215 1955; x_wconf 92' lang='lat' dir='ltr'><strong>ratione</strong></span> <span class='ocrx_word' id='word_1_132' title='bbox 1235 1895 1272 1954; x_wconf 90' lang='lat' dir='ltr'><strong>sit</strong></span> <span class='ocrx_word' id='word_1_133' title='bbox 1287 1894 1332 1954; x_wconf 86' lang='lat' dir='ltr'><strong>ia-</strong></span> 
     </span>
     <span class='ocr_line' id='line_1_18' title="bbox 336 1971 1333 2059; baseline -0.002 -20"><span class='ocrx_word' id='word_1_134' title='bbox 336 1989 427 2056; x_wconf 90' lang='lat' dir='ltr'><strong>ctum,</strong></span> <span class='ocrx_word' id='word_1_135' title='bbox 450 1978 622 2039; x_wconf 82' lang='lat' dir='ltr'><strong>defenditur.</strong></span> <span class='ocrx_word' id='word_1_136' title='bbox 669 1971 799 2059; x_wconf 76' lang='lat' dir='ltr'><strong>Tpduoc,</strong></span> <span class='ocrx_word' id='word_1_137' title='bbox 825 1996 889 2038; x_wconf 87' lang='lat' dir='ltr'><strong>oum</strong></span> <span class='ocrx_word' id='word_1_138' title='bbox 908 1978 951 2053; x_wconf 96' lang='lat' dir='ltr'><strong>id,</strong></span> <span class='ocrx_word' id='word_1_139' title='bbox 981 1977 1058 2056; x_wconf 93' lang='lat' dir='ltr'><strong>quod</strong></span> <span class='ocrx_word' id='word_1_140' title='bbox 1080 1979 1138 2038; x_wconf 89' lang='lat' dir='ltr'><strong>alio</strong></span> <span class='ocrx_word' id='word_1_141' title='bbox 1159 1979 1245 2039; x_wconf 93' lang='lat' dir='ltr'><strong>modo</strong></span> <span class='ocrx_word' id='word_1_142' title='bbox 1268 1979 1333 2038; x_wconf 88' lang='lat' dir='ltr'><strong>lieri</strong></span> 
     </span>
     <span class='ocr_line' id='line_1_19' title="bbox 336 2062 1332 2139; baseline -0.001 -16"><span class='ocrx_word' id='word_1_143' title='bbox 336 2063 420 2139; x_wconf 89' lang='lat' dir='ltr'><strong>licet,</strong></span> <span class='ocrx_word' id='word_1_144' title='bbox 443 2063 500 2123; x_wconf 88' lang='lat' dir='ltr'><strong>alio</strong></span> <span class='ocrx_word' id='word_1_145' title='bbox 518 2063 623 2123; x_wconf 92' lang='lat' dir='ltr'><strong>dicitur</strong></span> <span class='ocrx_word' id='word_1_146' title='bbox 637 2063 756 2132; x_wconf 89' lang='lat' dir='ltr'><strong>factum;</strong></span> <span class='ocrx_word' id='word_1_147' title='bbox 778 2063 845 2123; x_wconf 89' lang='lat' dir='ltr'><strong>hinc</strong></span> <span class='ocrx_word' id='word_1_148' title='bbox 861 2070 907 2122; x_wconf 91' lang='lat' dir='ltr'><strong>est</strong></span> <span class='ocrx_word' id='word_1_149' title='bbox 922 2062 1046 2123; x_wconf 78' lang='lat' dir='ltr'><strong>adulter</strong></span> <span class='ocrx_word' id='word_1_150' title='bbox 1062 2063 1136 2124; x_wconf 72' lang='lat' dir='ltr'><strong>loric</strong></span> <span class='ocrx_word' id='word_1_151' title='bbox 1151 2081 1262 2124; x_wconf 76' lang='lat' dir='ltr'><strong>caesata</strong></span> <span class='ocrx_word' id='word_1_152' title='bbox 1283 2063 1332 2123; x_wconf 82' lang='lat' dir='ltr'><strong>vel</strong></span> 
     </span>
     <span class='ocr_line' id='line_1_20' title="bbox 334 2146 1331 2226; baseline -0.004 -17"><span class='ocrx_word' id='word_1_153' title='bbox 334 2149 417 2225; x_wconf 79' lang='lat' dir='ltr'><strong>some</strong></span> <span class='ocrx_word' id='word_1_154' title='bbox 438 2156 577 2209; x_wconf 79' lang='lat' dir='ltr'><strong>raeccine.</strong></span> <span class='ocrx_word' id='word_1_155' title='bbox 620 2146 811 2208; x_wconf 78' lang='lat' dir='ltr'><strong>Occasionem</strong></span> <span class='ocrx_word' id='word_1_156' title='bbox 831 2146 988 2222; x_wconf 77' lang='lat' dir='ltr'><strong>factorum,</strong></span> <span class='ocrx_word' id='word_1_157' title='bbox 1018 2147 1095 2225; x_wconf 89' lang='lat' dir='ltr'><strong>quod</strong></span> <span class='ocrx_word' id='word_1_158' title='bbox 1121 2156 1167 2206; x_wconf 91' lang='lat' dir='ltr'><strong>est</strong></span> <span class='ocrx_word' id='word_1_159' title='bbox 1189 2149 1331 2226; x_wconf 88' lang='lat' dir='ltr'><strong>apertius,</strong></span> 
     </span>
     <span class='ocr_line' id='line_1_21' title="bbox 336 2230 1331 2310; baseline -0.002 -18"><span class='ocrx_word' id='word_1_160' title='bbox 336 2250 420 2310; x_wconf 89' lang='lat' dir='ltr'><strong>quam</strong></span> <span class='ocrx_word' id='word_1_161' title='bbox 435 2239 466 2291; x_wconf 93' lang='lat' dir='ltr'><strong>ut</strong></span> <span class='ocrx_word' id='word_1_162' title='bbox 477 2231 525 2291; x_wconf 90' lang='lat' dir='ltr'><strong>vel</strong></span> <span class='ocrx_word' id='word_1_163' title='bbox 542 2231 785 2310; x_wconf 89' lang='lat' dir='ltr'><strong>interpretandum</strong></span> <span class='ocrx_word' id='word_1_164' title='bbox 796 2231 845 2292; x_wconf 88' lang='lat' dir='ltr'><strong>vel</strong></span> <span class='ocrx_word' id='word_1_165' title='bbox 861 2230 997 2309; x_wconf 85' lang='lat' dir='ltr'><strong>exemplo</strong></span> <span class='ocrx_word' id='word_1_166' title='bbox 1012 2233 1048 2290; x_wconf 90' lang='lat' dir='ltr'><strong>sit</strong></span> <span class='ocrx_word' id='word_1_167' title='bbox 1063 2231 1331 2299; x_wconf 67' lang='lat' dir='ltr'><strong>demonstrandum</strong></span> 
     </span>
    </p>

    <p class='ocr_par' dir='ltr' id='par_1_7' title="bbox 293 2307 1332 2981">
     <span class='ocr_line' id='line_1_22' title="bbox 293 2307 1331 2396; baseline -0.002 -20"><span class='ocrx_word' id='word_1_168' title='bbox 293 2325 430 2384; x_wconf 68' lang='lat' dir='ltr'><strong>notamen</strong></span> <span class='ocrx_word' id='word_1_169' title='bbox 446 2307 582 2396; x_wconf 71' lang='grc' dir='ltr'><em>ἀφορμὰς</em></span> <span class='ocrx_word' id='word_1_170' title='bbox 602 2315 695 2396; x_wconf 76' lang='grc' dir='ltr'><em>ἔργων</em></span> <span class='ocrx_word' id='word_1_171' title='bbox 711 2324 826 2391; x_wconf 85' lang='lat' dir='ltr'><strong>vocant.</strong></span> <span class='ocrx_word' id='word_1_172' title='bbox 862 2314 898 2375; x_wconf 93' lang='lat' dir='ltr'><strong>lli</strong></span> <span class='ocrx_word' id='word_1_173' title='bbox 920 2331 1036 2393; x_wconf 91' lang='lat' dir='ltr'><strong>quoque</strong></span> <span class='ocrx_word' id='word_1_174' title='bbox 1056 2315 1163 2374; x_wconf 91' lang='lat' dir='ltr'><strong>nullam</strong></span> <span class='ocrx_word' id='word_1_175' title='bbox 1184 2317 1331 2392; x_wconf 90' lang='lat' dir='ltr'><strong>quaestio-</strong></span> 
     </span>
     <span class='ocr_line' id='line_1_23' title="bbox 336 2399 1330 2477; baseline -0.001 -19"><span class='ocrx_word' id='word_1_176' title='bbox 336 2419 401 2460; x_wconf 91' lang='lat' dir='ltr'><strong>nem</strong></span> <span class='ocrx_word' id='word_1_177' title='bbox 419 2409 500 2459; x_wconf 86' lang='lat' dir='ltr'><strong>cxtra</strong></span> <span class='ocrx_word' id='word_1_178' title='bbox 516 2399 589 2459; x_wconf 91' lang='lat' dir='ltr'><strong>hacc</strong></span> <span class='ocrx_word' id='word_1_179' title='bbox 604 2408 712 2477; x_wconf 87' lang='lat' dir='ltr'><strong>putant.</strong></span> <span class='ocrx_word' id='word_1_180' title='bbox 748 2399 868 2472; x_wconf 82' lang='lat' dir='ltr'><strong>Quidam</strong></span> <span class='ocrx_word' id='word_1_181' title='bbox 889 2399 1040 2459; x_wconf 88' lang='lat' dir='ltr'><strong>detrahunt</strong></span> <span class='ocrx_word' id='word_1_182' title='bbox 1055 2399 1126 2459; x_wconf 87' lang='lat' dir='ltr'><strong>duas</strong></span> <span class='ocrx_word' id='word_1_183' title='bbox 1142 2407 1257 2477; x_wconf 86' lang='lat' dir='ltr'><strong>partes,</strong></span> <span class='ocrx_word' id='word_1_184' title='bbox 1280 2415 1330 2458; x_wconf 90' lang='lat' dir='ltr'><strong>nu·</strong></span> 
     </span>
     <span class='ocr_line' id='line_1_24' title="bbox 335 2482 1332 2561; baseline 0 -19"><span class='ocrx_word' id='word_1_185' title='bbox 335 2502 444 2544; x_wconf 92' lang='lat' dir='ltr'><strong>merum</strong></span> <span class='ocrx_word' id='word_1_186' title='bbox 461 2492 490 2542; x_wconf 92' lang='lat' dir='ltr'><strong>et</strong></span> <span class='ocrx_word' id='word_1_187' title='bbox 507 2485 702 2557; x_wconf 89' lang='lat' dir='ltr'><strong>occasionem,</strong></span> <span class='ocrx_word' id='word_1_188' title='bbox 719 2492 748 2541; x_wconf 91' lang='lat' dir='ltr'><strong>et</strong></span> <span class='ocrx_word' id='word_1_189' title='bbox 765 2499 819 2561; x_wconf 94' lang='lat' dir='ltr'><strong>pro</strong></span> <span class='ocrx_word' id='word_1_190' title='bbox 836 2483 889 2543; x_wconf 92' lang='lat' dir='ltr'><strong>illo</strong></span> <span class='ocrx_word' id='word_1_191' title='bbox 911 2501 996 2561; x_wconf 91' lang='lat' dir='ltr'><strong>quem</strong></span> <span class='ocrx_word' id='word_1_192' title='bbox 1016 2483 1075 2543; x_wconf 81' lang='lat' dir='ltr'><strong>dixi</strong></span> <span class='ocrx_word' id='word_1_193' title='bbox 1096 2492 1162 2543; x_wconf 90' lang='lat' dir='ltr'><strong>actu</strong></span> <span class='ocrx_word' id='word_1_194' title='bbox 1177 2482 1332 2542; x_wconf 88' lang='lat' dir='ltr'><strong>subiiciunt</strong></span> 
     </span>
     <span class='ocr_line' id='line_1_25' title="bbox 335 2560 1331 2646; baseline 0.001 -21"><span class='ocrx_word' id='word_1_195' title='bbox 335 2586 400 2642; x_wconf 93' lang='lat' dir='ltr'><strong>res,</strong></span> <span class='ocrx_word' id='word_1_196' title='bbox 423 2567 450 2627; x_wconf 94' lang='lat' dir='ltr'><strong>id</strong></span> <span class='ocrx_word' id='word_1_197' title='bbox 473 2575 518 2626; x_wconf 91' lang='lat' dir='ltr'><strong>est</strong></span> <span class='ocrx_word' id='word_1_198' title='bbox 539 2560 704 2646; x_wconf 75' lang='grc' dir='ltr'><em>πράγματα.</em></span> <span class='ocrx_word' id='word_1_199' title='bbox 743 2565 825 2639; x_wconf 84' lang='lat' dir='ltr'><strong>Quae</strong></span> <span class='ocrx_word' id='word_1_200' title='bbox 845 2585 883 2626; x_wconf 91' lang='lat' dir='ltr'><strong>ne</strong></span> <span class='ocrx_word' id='word_1_201' title='bbox 903 2569 1080 2646; x_wconf 88' lang='lat' dir='ltr'><strong>praeterisse</strong></span> <span class='ocrx_word' id='word_1_202' title='bbox 1103 2568 1235 2642; x_wconf 83' lang='lat' dir='ltr'><strong>viderer,</strong></span> <span class='ocrx_word' id='word_1_203' title='bbox 1259 2569 1331 2626; x_wconf 91' lang='lat' dir='ltr'><strong>satis</strong></span> 
     </span>
     <span class='ocr_line' id='line_1_26' title="bbox 335 2647 1332 2727; baseline 0 -17"><span class='ocrx_word' id='word_1_204' title='bbox 335 2650 421 2710; x_wconf 91' lang='lat' dir='ltr'><strong>habui</strong></span> <span class='ocrx_word' id='word_1_205' title='bbox 444 2652 597 2727; x_wconf 86' lang='lat' dir='ltr'><strong>attingere.</strong></span> <span class='ocrx_word' id='word_1_206' title='bbox 638 2647 772 2710; x_wconf 82' lang='lat' dir='ltr'><strong>Ceterum</strong></span> <span class='ocrx_word' id='word_1_207' title='bbox 793 2650 837 2710; x_wconf 90' lang='lat' dir='ltr'><strong>his</strong></span> <span class='ocrx_word' id='word_1_208' title='bbox 859 2669 914 2711; x_wconf 88' lang='lat' dir='ltr'><strong>neo</strong></span> <span class='ocrx_word' id='word_1_209' title='bbox 936 2661 1027 2711; x_wconf 84' lang='lat' dir='ltr'><strong>status</strong></span> <span class='ocrx_word' id='word_1_210' title='bbox 1048 2653 1118 2711; x_wconf 89' lang='lat' dir='ltr'><strong>satis</strong></span> <span class='ocrx_word' id='word_1_211' title='bbox 1141 2650 1254 2711; x_wconf 90' lang='lat' dir='ltr'><strong>ostendi</strong></span> <span class='ocrx_word' id='word_1_212' title='bbox 1275 2669 1332 2710; x_wconf 93' lang='lat' dir='ltr'><strong>neo</strong></span> 
     </span>
     <span class='ocr_line' id='line_1_27' title="bbox 336 2734 1331 2814; baseline 0.001 -21"><span class='ocrx_word' id='word_1_213' title='bbox 336 2752 435 2793; x_wconf 91' lang='lat' dir='ltr'><strong>omnes</strong></span> <span class='ocrx_word' id='word_1_214' title='bbox 452 2736 592 2794; x_wconf 84' lang='lat' dir='ltr'><strong>contineri</strong></span> <span class='ocrx_word' id='word_1_215' title='bbox 608 2734 691 2794; x_wconf 91' lang='lat' dir='ltr'><strong>locos</strong></span> <span class='ocrx_word' id='word_1_216' title='bbox 712 2734 818 2810; x_wconf 88' lang='lat' dir='ltr'><strong>credo,</strong></span> <span class='ocrx_word' id='word_1_217' title='bbox 841 2735 918 2812; x_wconf 91' lang='lat' dir='ltr'><strong>quod</strong></span> <span class='ocrx_word' id='word_1_218' title='bbox 933 2735 1084 2814; x_wconf 88' lang='lat' dir='ltr'><strong>apparebit</strong></span> <span class='ocrx_word' id='word_1_219' title='bbox 1105 2735 1270 2812; x_wconf 82' lang='lat' dir='ltr'><strong>diligentius</strong></span> <span class='ocrx_word' id='word_1_220' title='bbox 1288 2736 1331 2794; x_wconf 89' lang='lat' dir='ltr'><strong>le-</strong></span> 
     </span>
     <span class='ocr_line' id='line_1_28' title="bbox 333 2817 1330 2898; baseline 0.001 -21"><span class='ocrx_word' id='word_1_221' title='bbox 333 2817 478 2895; x_wconf 84' lang='lat' dir='ltr'><strong>gentibus,</strong></span> <span class='ocrx_word' id='word_1_222' title='bbox 496 2836 569 2896; x_wconf 90' lang='lat' dir='ltr'><strong>quae</strong></span> <span class='ocrx_word' id='word_1_223' title='bbox 583 2819 619 2878; x_wconf 90' lang='lat' dir='ltr'><strong>de</strong></span> <span class='ocrx_word' id='word_1_224' title='bbox 631 2828 752 2896; x_wconf 88' lang='lat' dir='ltr'><strong>utraque</strong></span> <span class='ocrx_word' id='word_1_225' title='bbox 767 2819 914 2879; x_wconf 90' lang='lat' dir='ltr'><strong>redicam.</strong></span> <span class='ocrx_word' id='word_1_226' title='bbox 941 2819 1032 2879; x_wconf 82' lang='lat' dir='ltr'><strong>Erunt</strong></span> <span class='ocrx_word' id='word_1_227' title='bbox 1044 2821 1118 2880; x_wconf 92' lang='lat' dir='ltr'><strong>enim</strong></span> <span class='ocrx_word' id='word_1_228' title='bbox 1130 2819 1213 2898; x_wconf 90' lang='lat' dir='ltr'><strong>plura</strong></span> <span class='ocrx_word' id='word_1_229' title='bbox 1227 2820 1330 2894; x_wconf 92' lang='lat' dir='ltr'><strong>multo,</strong></span> 
     </span>
     <span class='ocr_line' id='line_1_29' title="bbox 335 2902 1041 2981; baseline 0 -20"><span class='ocrx_word' id='word_1_230' title='bbox 335 2920 420 2981; x_wconf 92' lang='lat' dir='ltr'><strong>quam</strong></span> <span class='ocrx_word' id='word_1_231' title='bbox 436 2920 509 2980; x_wconf 90' lang='lat' dir='ltr'><strong>quae</strong></span> <span class='ocrx_word' id='word_1_232' title='bbox 525 2902 568 2962; x_wconf 89' lang='lat' dir='ltr'><strong>his</strong></span> <span class='ocrx_word' id='word_1_233' title='bbox 585 2903 734 2962; x_wconf 90' lang='lat' dir='ltr'><strong>elementis</strong></span> <span class='ocrx_word' id='word_1_234' title='bbox 752 2903 1041 2981; x_wconf 89' lang='lat' dir='ltr'><strong>comprehenduntur.</strong></span> 
     </span>
    </p>

    <p class='ocr_par' dir='ltr' id='par_1_8' title="bbox 291 2985 1339 3571">
     <span class='ocr_line' id='line_1_30' title="bbox 291 2985 1331 3066; baseline 0.004 -22"><span class='ocrx_word' id='word_1_235' title='bbox 291 3000 326 3054; x_wconf 81' lang='lat'><strong>29</strong></span> <span class='ocrx_word' id='word_1_236' title='bbox 416 2985 501 3065; x_wconf 87' lang='lat' dir='ltr'><strong>Apud</strong></span> <span class='ocrx_word' id='word_1_237' title='bbox 519 2987 618 3065; x_wconf 88' lang='lat' dir='ltr'><strong>plures</strong></span> <span class='ocrx_word' id='word_1_238' title='bbox 633 2995 767 3046; x_wconf 89' lang='lat' dir='ltr'><strong>auctores</strong></span> <span class='ocrx_word' id='word_1_239' title='bbox 784 2986 854 3064; x_wconf 81' lang='lat' dir='ltr'><strong>legi,</strong></span> <span class='ocrx_word' id='word_1_240' title='bbox 870 2987 1018 3066; x_wconf 89' lang='lat' dir='ltr'><strong>placuisse</strong></span> <span class='ocrx_word' id='word_1_241' title='bbox 1032 2987 1211 3066; x_wconf 88' lang='lat' dir='ltr'><strong>quibusdam,</strong></span> <span class='ocrx_word' id='word_1_242' title='bbox 1226 3007 1331 3048; x_wconf 90' lang='lat' dir='ltr'><strong>unum</strong></span> 
     </span>
     <span class='ocr_line' id='line_1_31' title="bbox 334 3071 1331 3150; baseline 0.003 -21"><span class='ocrx_word' id='word_1_243' title='bbox 334 3072 447 3130; x_wconf 90' lang='lat' dir='ltr'><strong>omniuo</strong></span> <span class='ocrx_word' id='word_1_244' title='bbox 472 3080 575 3130; x_wconf 88' lang='lat' dir='ltr'><strong>statum</strong></span> <span class='ocrx_word' id='word_1_245' title='bbox 597 3089 664 3130; x_wconf 91' lang='lat' dir='ltr'><strong>esse</strong></span> <span class='ocrx_word' id='word_1_246' title='bbox 686 3071 920 3131; x_wconf 87' lang='lat' dir='ltr'><strong>coniecturalem.</strong></span> <span class='ocrx_word' id='word_1_247' title='bbox 963 3072 1021 3132; x_wconf 85' lang='lat' dir='ltr'><strong>Sed</strong></span> <span class='ocrx_word' id='word_1_248' title='bbox 1046 3072 1149 3150; x_wconf 90' lang='lat' dir='ltr'><strong>quibus</strong></span> <span class='ocrx_word' id='word_1_249' title='bbox 1175 3072 1331 3150; x_wconf 88' lang='lat' dir='ltr'><strong>placuerit,</strong></span> 
     </span>
     <span class='ocr_line' id='line_1_32' title="bbox 332 3155 1331 3235; baseline 0.005 -23"><span class='ocrx_word' id='word_1_250' title='bbox 332 3172 428 3231; x_wconf 90' lang='lat' dir='ltr'><strong>neque</strong></span> <span class='ocrx_word' id='word_1_251' title='bbox 443 3155 485 3214; x_wconf 91' lang='lat' dir='ltr'><strong>illi</strong></span> <span class='ocrx_word' id='word_1_252' title='bbox 500 3155 676 3217; x_wconf 89' lang='lat' dir='ltr'><strong>tradiderunt</strong></span> <span class='ocrx_word' id='word_1_253' title='bbox 691 3172 786 3233; x_wconf 88' lang='lat' dir='ltr'><strong>neque</strong></span> <span class='ocrx_word' id='word_1_254' title='bbox 803 3172 860 3232; x_wconf 85' lang='lat' dir='ltr'><strong>ego</strong></span> <span class='ocrx_word' id='word_1_255' title='bbox 871 3173 992 3234; x_wconf 89' lang='lat' dir='ltr'><strong>usquam</strong></span> <span class='ocrx_word' id='word_1_256' title='bbox 1008 3159 1139 3235; x_wconf 90' lang='lat' dir='ltr'><strong>reperire</strong></span> <span class='ocrx_word' id='word_1_257' title='bbox 1155 3158 1246 3235; x_wconf 92' lang='lat' dir='ltr'><strong>potui.</strong></span> <span class='ocrx_word' id='word_1_258' title='bbox 1272 3156 1331 3218; x_wconf 83' lang='lat' dir='ltr'><strong>Ra-</strong></span> 
     </span>
     <span class='ocr_line' id='line_1_33' title="bbox 332 3239 1331 3318; baseline 0.004 -22"><span class='ocrx_word' id='word_1_259' title='bbox 332 3239 440 3297; x_wconf 91' lang='lat' dir='ltr'><strong>tionem</strong></span> <span class='ocrx_word' id='word_1_260' title='bbox 462 3249 557 3299; x_wconf 89' lang='lat' dir='ltr'><strong>tameu</strong></span> <span class='ocrx_word' id='word_1_261' title='bbox 577 3240 651 3300; x_wconf 91' lang='lat' dir='ltr'><strong>hauc</strong></span> <span class='ocrx_word' id='word_1_262' title='bbox 671 3240 763 3299; x_wconf 90' lang='lat' dir='ltr'><strong>secuti</strong></span> <span class='ocrx_word' id='word_1_263' title='bbox 786 3239 935 3316; x_wconf 91' lang='lat' dir='ltr'><strong>dicuutur,</strong></span> <span class='ocrx_word' id='word_1_264' title='bbox 958 3240 1035 3318; x_wconf 94' lang='lat' dir='ltr'><strong>quod</strong></span> <span class='ocrx_word' id='word_1_265' title='bbox 1056 3258 1105 3300; x_wconf 89' lang='lat' dir='ltr'><strong>res</strong></span> <span class='ocrx_word' id='word_1_266' title='bbox 1126 3242 1217 3300; x_wconf 91' lang='lat' dir='ltr'><strong>omnis</strong></span> <span class='ocrx_word' id='word_1_267' title='bbox 1238 3242 1331 3318; x_wconf 83' lang='lat' dir='ltr'><strong>signis</strong></span> 
     </span>
     <span class='ocr_line' id='line_1_34' title="bbox 333 3320 1330 3402; baseline 0.005 -22"><span class='ocrx_word' id='word_1_268' title='bbox 333 3320 533 3399; x_wconf 85' lang='lat' dir='ltr'><strong>colligeretur.</strong></span> <span class='ocrx_word' id='word_1_269' title='bbox 562 3324 726 3399; x_wconf 86' lang='lat' dir='ltr'><strong>Quomodo</strong></span> <span class='ocrx_word' id='word_1_270' title='bbox 743 3322 813 3383; x_wconf 86' lang='lat' dir='ltr'><strong>licet</strong></span> <span class='ocrx_word' id='word_1_271' title='bbox 825 3323 969 3402; x_wconf 88' lang='lat' dir='ltr'><strong>qualitatis</strong></span> <span class='ocrx_word' id='word_1_272' title='bbox 982 3341 1100 3402; x_wconf 89' lang='lat' dir='ltr'><strong>quoque</strong></span> <span class='ocrx_word' id='word_1_273' title='bbox 1116 3325 1210 3385; x_wconf 88' lang='lat' dir='ltr'><strong>solum</strong></span> <span class='ocrx_word' id='word_1_274' title='bbox 1225 3333 1330 3385; x_wconf 89' lang='lat' dir='ltr'><strong>statum</strong></span> 
     </span>
     <span class='ocr_line' id='line_1_35' title="bbox 332 3406 1331 3486; baseline 0.003 -21"><span class='ocrx_word' id='word_1_275' title='bbox 332 3406 455 3483; x_wconf 87' lang='lat' dir='ltr'><strong>iaciant,</strong></span> <span class='ocrx_word' id='word_1_276' title='bbox 480 3409 544 3485; x_wconf 87' lang='lat' dir='ltr'><strong>quia</strong></span> <span class='ocrx_word' id='word_1_277' title='bbox 560 3408 682 3486; x_wconf 92' lang='lat' dir='ltr'><strong>ubique,</strong></span> <span class='ocrx_word' id='word_1_278' title='bbox 706 3407 799 3485; x_wconf 87' lang='lat' dir='ltr'><strong>qualis</strong></span> <span class='ocrx_word' id='word_1_279' title='bbox 821 3410 859 3467; x_wconf 87' lang='lat' dir='ltr'><strong>sit</strong></span> <span class='ocrx_word' id='word_1_280' title='bbox 874 3410 1013 3486; x_wconf 91' lang='lat' dir='ltr'><strong>cuiusque</strong></span> <span class='ocrx_word' id='word_1_281' title='bbox 1028 3410 1072 3468; x_wconf 90' lang='lat' dir='ltr'><strong>rei</strong></span> <span class='ocrx_word' id='word_1_282' title='bbox 1089 3417 1205 3483; x_wconf 86' lang='lat' dir='ltr'><strong>natura,</strong></span> <span class='ocrx_word' id='word_1_283' title='bbox 1229 3410 1331 3486; x_wconf 87' lang='lat' dir='ltr'><strong>quaeri</strong></span> 
     </span>
     <span class='ocr_line' id='line_1_36' title="bbox 332 3491 1339 3571; baseline 0.004 -23"><span class='ocrx_word' id='word_1_284' title='bbox 332 3498 440 3568; x_wconf 89' lang='lat' dir='ltr'><strong>potest.</strong></span> <span class='ocrx_word' id='word_1_285' title='bbox 478 3491 536 3551; x_wconf 89' lang='lat' dir='ltr'><strong>Sed</strong></span> <span class='ocrx_word' id='word_1_286' title='bbox 558 3502 739 3568; x_wconf 91' lang='lat' dir='ltr'><strong>utrocunque</strong></span> <span class='ocrx_word' id='word_1_287' title='bbox 759 3491 845 3551; x_wconf 92' lang='lat' dir='ltr'><strong>modo</strong></span> <span class='ocrx_word' id='word_1_288' title='bbox 870 3501 1043 3571; x_wconf 92' lang='lat' dir='ltr'><strong>sequeretur</strong></span> <span class='ocrx_word' id='word_1_289' title='bbox 1057 3510 1164 3552; x_wconf 90' lang='lat' dir='ltr'><strong>summa</strong></span> <span class='ocrx_word' id='word_1_290' title='bbox 1185 3492 1339 3571; x_wconf 59' lang='lat' dir='ltr'><strong>conlusio,</strong></span> 
     </span>
    </p>

    <p class='ocr_par' dir='ltr' id='par_1_9' title="bbox 290 3573 1331 3824">
     <span class='ocr_line' id='line_1_37' title="bbox 290 3573 1331 3653; baseline -0.002 -16"><span class='ocrx_word' id='word_1_291' title='bbox 290 3573 436 3653; x_wconf 73' lang='lat' dir='ltr'><strong>toNequc</strong></span> <span class='ocrx_word' id='word_1_292' title='bbox 451 3576 581 3651; x_wconf 89' lang='lat' dir='ltr'><strong>interest,</strong></span> <span class='ocrx_word' id='word_1_293' title='bbox 597 3595 681 3635; x_wconf 91' lang='lat' dir='ltr'><strong>unum</strong></span> <span class='ocrx_word' id='word_1_294' title='bbox 699 3576 762 3653; x_wconf 93' lang='lat' dir='ltr'><strong>quis</strong></span> <span class='ocrx_word' id='word_1_295' title='bbox 778 3584 882 3635; x_wconf 90' lang='lat' dir='ltr'><strong>statum</strong></span> <span class='ocrx_word' id='word_1_296' title='bbox 898 3576 986 3635; x_wconf 88' lang='lat' dir='ltr'><strong>iaciat</strong></span> <span class='ocrx_word' id='word_1_297' title='bbox 1000 3593 1036 3634; x_wconf 89' lang='lat' dir='ltr'><strong>an</strong></span> <span class='ocrx_word' id='word_1_298' title='bbox 1051 3577 1168 3652; x_wconf 92' lang='lat' dir='ltr'><strong>nullum,</strong></span> <span class='ocrx_word' id='word_1_299' title='bbox 1187 3577 1211 3635; x_wconf 93' lang='lat' dir='ltr'><strong>si</strong></span> <span class='ocrx_word' id='word_1_300' title='bbox 1229 3593 1331 3637; x_wconf 90' lang='lat' dir='ltr'><strong>omues</strong></span> 
     </span>
     <span class='ocr_line' id='line_1_38' title="bbox 333 3658 1331 3733; baseline 0.003 -16"><span class='ocrx_word' id='word_1_301' title='bbox 333 3675 439 3718; x_wconf 87' lang='lat' dir='ltr'><strong>causae</strong></span> <span class='ocrx_word' id='word_1_302' title='bbox 466 3669 532 3733; x_wconf 87' lang='lat' dir='ltr'><strong>sunt</strong></span> <span class='ocrx_word' id='word_1_303' title='bbox 557 3660 734 3719; x_wconf 89' lang='lat' dir='ltr'><strong>condicionis</strong></span> <span class='ocrx_word' id='word_1_304' title='bbox 758 3659 896 3719; x_wconf 90' lang='lat' dir='ltr'><strong>eiusdem.</strong></span> <span class='ocrx_word' id='word_1_305' title='bbox 945 3658 1118 3720; x_wconf 85' lang='lat' dir='ltr'><strong>Coniectura</strong></span> <span class='ocrx_word' id='word_1_306' title='bbox 1144 3660 1221 3720; x_wconf 91' lang='lat' dir='ltr'><strong>dicta</strong></span> <span class='ocrx_word' id='word_1_307' title='bbox 1248 3669 1331 3730; x_wconf 89' lang='lat' dir='ltr'><strong>esta</strong></span> 
     </span>
     <span class='ocr_line' id='line_1_39' title="bbox 317 3734 1330 3824; baseline 0.006 -23"><span class='ocrx_word' id='word_1_308' title='bbox 317 3734 482 3822; x_wconf 87' lang='lat' dir='ltr'><strong>&#39;coniectu,</strong></span> <span class='ocrx_word' id='word_1_309' title='bbox 511 3743 540 3804; x_wconf 92' lang='lat' dir='ltr'><strong>id</strong></span> <span class='ocrx_word' id='word_1_310' title='bbox 562 3752 607 3804; x_wconf 91' lang='lat' dir='ltr'><strong>est</strong></span> <span class='ocrx_word' id='word_1_311' title='bbox 628 3743 787 3804; x_wconf 87' lang='lat' dir='ltr'><strong>directione</strong></span> <span class='ocrx_word' id='word_1_312' title='bbox 816 3742 937 3821; x_wconf 88' lang='lat' dir='ltr'><strong>quadam</strong></span> <span class='ocrx_word' id='word_1_313' title='bbox 962 3745 1082 3803; x_wconf 88' lang='lat' dir='ltr'><strong>rationis</strong></span> <span class='ocrx_word' id='word_1_314' title='bbox 1107 3742 1143 3804; x_wconf 88' lang='lat' dir='ltr'><strong>ad</strong></span> <span class='ocrx_word' id='word_1_315' title='bbox 1165 3745 1330 3824; x_wconf 83' lang='lat' dir='ltr'><strong>veritatem,</strong></span> 
     </span>
    </p>
   </div>
   <div class='ocr_carea' id='block_1_3' title="bbox 0 0 1596 4409">
    <p class='ocr_par' dir='ltr' id='par_1_10' title="bbox 0 0 1596 4409">
     <span class='ocr_line' id='line_1_40' title="bbox 0 0 1596 4409; baseline 0 0"><span class='ocrx_word' id='word_1_316' title='bbox 0 0 1596 4409; x_wconf 95' lang='lat' dir='ltr'><strong> </strong></span> 
     </span>
    </p>
   </div>
  </div>
 </body>
</html>
