3184 4409
380 520 422 587 m
695 505 1053 593 uunaaarurrumnr

382 701 461 768 sunt,
485 692 637 756 consistet:
660 689 807 750 doctiores
827 690 915 748 multa
932 689 1079 762 adiiciant,
1097 687 1146 747 vel
1163 687 1221 747 hoc
1237 687 1353 765 primum

356 776 460 856 ttquod
476 775 679 836 barbarismum
697 773 827 851 pluribus
844 773 935 832 modis
955 773 1119 850 accipimus.
1161 772 1252 832 Unum
1270 780 1353 848 gente

383 860 467 939 quale
487 860 534 934 lit,
557 861 581 917 si
601 859 664 937 quis
684 857 783 916 Afrum
804 856 853 937 vel
872 856 1026 934 Hispanum
1043 855 1301 915 Latineeorationi
1320 871 1353 914 no

381 944 446 1003 meri
468 944 590 1019 inserat,
616 950 647 1000 ut
670 942 792 1016 ferrum,
818 957 875 1018 quo
900 948 992 1000 notaex
1007 941 1183 1015 vinciuntur,
1211 939 1268 998 dici
1293 938 1353 998 sole

383 1034 509 1097 caatas,·
527 1044 685 1105 quanquam
703 1042 740 1084 eo
757 1033 889 1102 tanquam
905 1032 1027 1102 recepto
1045 1024 1131 1082 utitur
1144 1023 1274 1090 Persius;
1296 1023 1353 1082 sico

383 1107 511 1171 Catullus
529 1111 693 1189 ploacaam
713 1110 789 1167 circa
808 1108 912 1169 Padum
933 1110 1053 1181 invenit,
1075 1116 1104 1166 et
1121 1109 1148 1166 in
1169 1109 1300 1167 oratione
1319 1105 1353 1166 tr

373 1193 459 1254 'bieni
478 1195 554 1272 (sive
573 1194 623 1253 illa
643 1190 769 1252 Cornelii
789 1190 863 1252 Galli
883 1193 943 1271 est)
965 1193 993 1251 in
1013 1190 1172 1251 Pollionem
1191 1209 1309 1252 caonas·
1324 1195 1353 1250 as

369 1287 525 1353 sectator,
551 1296 567 1337 e
588 1277 679 1337 Gallia
703 1276 817 1335 ductum
837 1283 901 1350 ¹est;
921 1293 985 1334 nam
1002 1283 1205 1350 mastrucam,
1228 1273 1306 1352 quod
1326 1291 1353 1334 es

357 1362 517 1437 9Sardnm,
537 1361 657 1421 irridens
678 1357 782 1419 Cicero
804 1377 841 1419 ex
857 1359 995 1419 industria
1014 1359 1094 1418 dixit.
1131 1358 1262 1418 Alterum
1277 1375 1353 1434 genu

382 1444 550 1504 barbarismi
575 1445 746 1522 accipimus,
767 1443 844 1521 quod
865 1442 895 1502 iit
915 1444 998 1501 animi
1022 1452 1136 1518 natura,
1158 1452 1188 1502 ut
1207 1444 1248 1517 is,
1272 1459 1289 1502 a
1312 1459 1353 1519 qa

382 1529 542 1588 insolenter
559 1528 626 1606 quid
645 1535 692 1587 aut
709 1528 857 1587 minaciter
872 1536 920 1586 aut
938 1527 1094 1587 crudeliter
1111 1527 1215 1586 dictum
1234 1527 1286 1601 sit,
1306 1525 1353 1585 bar

341 1613 453 1672 lohere
477 1613 590 1672 locutus
612 1613 797 1670 existimatur.
837 1610 964 1671 Tertium
985 1618 1030 1669 est
1057 1610 1126 1670 illud
1147 1613 1245 1669 vitium
1268 1608 1353 1669 barba

382 1697 476 1770 rismi,
494 1698 573 1755 cuius
591 1693 723 1772 exempla
739 1694 827 1771 vulgo
843 1702 908 1753 sunt
922 1694 1057 1772 plurima,
1075 1694 1129 1753 sibi
1145 1695 1230 1753 etiam
1249 1695 1353 1772 quisqu

383 1779 493 1855 fingere
509 1787 621 1857 potest,
640 1787 671 1837 ut
687 1777 795 1853 verbo,
815 1781 860 1837 cui
877 1777 993 1853 libebit,
1012 1778 1126 1839 adiiciat
1143 1777 1267 1837 litteram
1283 1776 1353 1852 splla

383 1863 484 1922 bamve
498 1863 546 1923 vel
562 1861 700 1937 detrahat,
717 1871 764 1922 aut
779 1862 862 1921 aliam
877 1879 930 1940 pro
943 1861 998 1921 alia
1012 1865 1060 1922 abt
1075 1860 1193 1922 eandem
1205 1861 1274 1936 alio,
1287 1878 1353 1940 quar

342 1951 492 2006 llrectum
507 1955 566 2022 est,
581 1947 647 2006 loco
663 1955 759 2023 ponat.
789 1945 848 2006 Sed
864 1946 976 2024 quidam
989 1946 1053 2005 lere
1067 1948 1095 2005 ia
1109 1947 1295 2019 iactationem
1308 1963 1353 2005 ern

383 2030 497 2090 ditionis
512 2049 625 2090 sumere
643 2030 693 2089 illa
707 2048 744 2089 ex
758 2031 853 2108 poetis
871 2030 967 2089 solent
985 2040 1013 2089 et
1027 2039 1176 2104 auctores,
1195 2046 1270 2106 quos
1288 2045 1353 2108 prae

385 2113 498 2191 legunt,
525 2115 714 2174 criminantur.
757 2114 840 2173 Scire
865 2123 958 2174 autem
978 2113 1066 2176 debet
1084 2131 1170 2192 puer,
1197 2113 1274 2173 baec
1298 2130 1352 2191 apu

384 2200 542 2276 scriptores
564 2200 715 2258 carminum
738 2207 785 2257 aut
809 2200 893 2257 venia
911 2197 996 2273 digna
1015 2207 1063 2257 aut
1082 2199 1166 2258 etiam
1190 2197 1277 2256 laude
1296 2197 1353 2258 duc

342 2284 537 2359 12potiusqoe
561 2282 610 2342 illa
629 2282 751 2341 docendi
776 2289 859 2340 erunt
881 2283 971 2340 minus
993 2282 1119 2358 vulgata.
1155 2279 1228 2340 Nam
1248 2279 1322 2341 duos
1344 2281 1353 2339 i

384 2382 440 2424 uno
462 2368 575 2424 nomine
598 2364 722 2424 faciebat
742 2363 935 2424 barbarismos
954 2365 1044 2441 'linga
1065 2365 1247 2425 Placentinus
1268 2364 1309 2441 (si
1328 2381 1353 2423 re

384 2448 572 2527 prehendenti
589 2447 741 2507 Hortensio
762 2448 918 2528 credimus)
934 2451 1096 2528 preculam
1111 2466 1164 2526 pro
1181 2447 1353 2526 perpaladi

386 2550 469 2607 cens,
494 2540 522 2590 et
546 2533 739 2590 immutatione
757 2550 825 2606 ¹cum
845 2552 863 2592 c
880 2549 934 2609 pro
950 2552 971 2610 p
988 2541 1134 2608 uteretur,
1156 2541 1186 2590 et
1204 2540 1353 2592 transmuts

384 2617 463 2674 tione
490 2633 593 2674 cumr
616 2624 811 2694 praeponeret
836 2618 1027 2676 antecedenti.
1074 2616 1112 2675 At
1135 2618 1163 2675 in
1186 2617 1289 2676 eadem
1314 2617 1352 2675 vit

384 2701 576 2775 geminatione
595 2697 732 2760 Mattiaco
749 2699 914 2778 Fafcttioco
932 2695 1030 2760 dicenb
1048 2699 1157 2759 Ennius
1174 2703 1294 2778 poetico
1313 2701 1352 2758 iur

344 2789 377 2842 13
385 2783 555 2842 defenditur.
594 2782 652 2842 Sed
674 2785 702 2841 iu
720 2801 807 2862 prosa
827 2801 942 2861 quoque
962 2792 1006 2843 est
1024 2784 1162 2861 quaedam
1181 2787 1236 2843 iam
1254 2790 1352 2861 recept

383 2869 548 2927 immutatio.
584 2866 656 2926 Nam
675 2865 779 2926 Cicero
799 2863 1017 2945 canopitarum
1037 2871 1194 2928 exercitum
1213 2868 1299 2943 dicit,
1319 2869 1353 2945 ips

385 2950 529 3013 Canobon
546 2959 663 3017 vocant;
685 2961 714 3010 et
734 2949 974 3014 Trasameaaam
991 2968 1045 3029 pro
1067 2951 1276 3012 Tarsamcnao
1295 2948 1353 3010 mult

384 3044 532 3109 auctores,
554 3036 663 3094 etiamsi
681 3044 725 3094 est
743 3037 771 3094 in
790 3053 826 3094 eo
844 3037 1054 3111 transmutatio,
1073 3037 1298 3096 vindicaverunt.
1329 3033 1353 3093 Si

383 3119 487 3178 militer
507 3118 574 3186 alia;
595 3135 658 3177 nam
678 3120 740 3178 sive
763 3129 808 3178 est
825 3121 992 3194 assentior,
1012 3120 1133 3179 Sisenna
1153 3120 1224 3179 dixit
1242 3116 1353 3180 maesii

383 3201 520 3279 multique
539 3211 568 3260 et
590 3201 665 3262 huuc
687 3212 716 3262 et
732 3203 878 3280 analogias
897 3205 1005 3277 secuti,
1030 3205 1092 3263 sive
1107 3203 1177 3262 illud
1194 3220 1296 3262 verum
1315 3207 1353 3260 est

343 3282 457 3343 llhaec
479 3302 593 3362 quoque
615 3304 682 3363 pars
704 3305 847 3346 consensu
866 3286 1036 3346 defenditur.
1074 3286 1113 3346 At
1132 3287 1183 3346 ille
1202 3304 1296 3364 pexus
1314 3285 1353 3363 piu

385 3370 507 3444 guisque
532 3367 634 3428 doctor
656 3379 704 3429 aut
727 3370 787 3429 illic
810 3371 1016 3430 detractionem
1044 3381 1091 3430 aut
1115 3371 1162 3430 hic
1184 3370 1353 3430 adiectiones

385 3451 503 3527 putabit.
544 3450 638 3524 Quid?
666 3454 742 3531 quod
763 3455 916 3530 quaedam,
938 3473 1012 3532 quae
1033 3455 1146 3531 singula
1165 3452 1269 3532 procul
1289 3452 1352 3513 dubi

342 3539 375 3592 15
385 3535 488 3594 vitiosa
512 3543 591 3610 sunt,
613 3537 706 3596 iuncta
732 3539 794 3596 sine
818 3538 1045 3615 reprehensione
1068 3534 1219 3598 dicuntur?
1251 3535 1353 3597 Nemi

385 3619 448 3680 aaa
470 3628 499 3678 et
518 3623 682 3696 trepondo
701 3621 880 3681 diversorum
897 3640 1035 3697 generum
1056 3632 1120 3682 sunt
1140 3620 1324 3690 barbarismi;
1345 3635 1353 3677 a

384 3703 547 3781 daapoado
569 3711 597 3760 et
617 3706 764 3782 trepoada
783 3723 875 3781 usque
895 3705 930 3764 ad
948 3715 1074 3765 nostram
1094 3715 1217 3765 aetatem
1235 3703 1272 3763 ab
1288 3721 1352 3765 amu

328 3782 431 3844 labus
448 3788 555 3850 dictum
575 3794 636 3867 est,
656 3796 685 3850 et
704 3797 785 3850 recte
803 3789 861 3850 dici
876 3787 1004 3852 blessala
1021 3790 1178 3869 coufirmat.
1212 3787 1353 3849 Absurde
