3184 4409
546 489 956 557 rxsr.oanroa.cm.1‚1.
1208 478 1243 537 11

274 649 318 707 iat.
361 645 537 707 Incredibile
558 653 619 720 est,
645 654 779 723 quantum
800 662 898 704 morae
920 646 1038 705 lectioni
1060 642 1286 708 festinationem

274 732 408 792 diiciatur.
425 731 507 790 *Hinc
523 732 597 789 enim
612 730 716 789 accidit
732 729 886 805 dubitatio,
902 731 1091 806 intermissio,
1107 732 1243 807 repetitio

276 816 313 875 lus
329 835 414 894 quam
427 823 548 893 possunt
564 812 750 888 audentibus,
772 813 894 887 deinde,
917 831 980 872 cum
996 822 1141 889 errarunt,
1160 815 1243 872 ctiam

276 918 379 978 squae
401 903 456 958 iam
478 900 572 957 sciunt
593 896 797 956 diffidentibus.
836 894 923 955 Certa
944 899 981 955 sit
1001 915 1073 973 ergo
1095 900 1122 956 in
1145 899 1286 976 primis33

273 987 343 1051 ectio,
360 983 465 1044 deinde
487 984 636 1041 coniuncta
659 990 688 1039 et
709 980 755 1040 diu
778 981 900 1054 lentior,
921 979 1015 1040 donec
1036 983 1243 1041 exercitatione

274 1071 397 1144 outin'gat
418 1066 566 1126 emendata
589 1065 740 1124 velocitas.
776 1064 849 1123 Nam
871 1066 1042 1142 prospicere
1063 1068 1090 1124 in
1113 1066 1286 1126 dextrum34

273 1152 342 1229 quod
364 1169 467 1210 omues
485 1151 679 1228 praecipiunt)
704 1157 734 1207 et
752 1149 925 1226 providere,
947 1164 1004 1207 non
1025 1151 1143 1208 rationis
1157 1148 1243 1208 modo

273 1235 301 1295 cd
320 1255 390 1295 usus
412 1252 528 1312 quoque
548 1242 605 1299 est:
632 1234 764 1310 quoniam
786 1235 937 1310 sequentia
952 1234 1071 1292 intuenti
1091 1234 1188 1311 priora
1203 1232 1243 1291 di·

273 1321 339 1380 enda
362 1329 444 1394 sunt,
472 1327 518 1393 et,
547 1317 623 1395 quod
647 1315 844 1376 difficillimum
865 1325 927 1392 est,
953 1316 1104 1376 dividenda
1124 1319 1242 1375 intentio

273 1404 348 1479 nimi,
371 1413 401 1462 ut
421 1402 498 1462 aliud
520 1418 595 1460 voce
610 1401 685 1460 aliud
708 1400 800 1459 oculis
823 1411 933 1477 agatur.
971 1399 1045 1460 lllud
1065 1419 1123 1459 non
1143 1401 1242 1477 poeci-

273 1488 319 1547 tbit
345 1505 481 1560 curasse,
510 1503 573 1545 curn
598 1483 728 1543 scribere
755 1486 868 1543 nomina
894 1502 967 1562 puer
993 1483 1243 1563 (quemadmodum

273 1573 334 1631 roris
351 1574 413 1650 est)
431 1571 578 1648 coeperit,
596 1586 633 1626 ne
648 1568 720 1627 hanc
735 1585 854 1647 operam
868 1570 896 1627 in
910 1568 1061 1628 vocabulis
1075 1567 1243 1646 vulgaribus

272 1666 278 1715 t
298 1656 375 1715 iorte
399 1652 617 1713 occurrentibus
639 1651 750 1730 perdat.
786 1651 919 1712 Protinus
943 1655 1017 1712 enim
1037 1661 1135 1731 potest
1155 1655 1283 1714 inter-35

272 1741 438 1799 rotationem
463 1738 578 1814 linguae
602 1737 789 1812 secretioris,
818 1755 888 1814 quas
912 1735 1016 1796 Graeci
1035 1731 1167 1815 γλώσσας
1190 1753 1242 1795 vo-

272 1833 328 1899 ant,
358 1823 423 1882 dum
447 1822 523 1881 aliud
547 1822 657 1897 agitur,
683 1820 817 1880 ediscere
839 1829 869 1880 et
890 1822 965 1879 inter
989 1822 1077 1897 prima
1100 1820 1242 1880 elementa

272 1910 388 1985 insequi
410 1925 470 1965 rem
494 1913 598 1983 postea
620 1906 767 1983 proprium
792 1912 905 1982 tempus
927 1905 1162 1964 desideraturam.
1206 1903 1243 1963 Et

272 1994 380 2051 uoniam
399 1993 476 2050 circa
491 2007 539 2048 res
555 1989 647 2048 adhuc
662 1997 764 2048 tenues
780 2005 937 2064 moramur,
960 1991 979 2049 ii
995 2005 1111 2066 quoque
1127 2006 1241 2062 versus,

272 2078 294 2135 ui
310 2076 346 2136 ad
362 2076 545 2135 imitationem
561 2073 705 2132 scribendi
720 2082 936 2150 proponentur,
956 2090 1013 2132 non
1031 2074 1140 2131 otiosas
1155 2072 1242 2130 velim

272 2161 406 2219 ententias
428 2157 551 2218 habeant
571 2157 624 2216 sed
645 2157 797 2215 honestum
819 2156 926 2234 aliquid
946 2165 1106 2215 monentes.
1138 2155 1239 2214 Prose-
1250 2159 1284 2214 36

272 2247 343 2303 uitur
364 2243 437 2303 haec
452 2242 588 2300 memoria
611 2243 639 2298 in
656 2248 836 2299 senectutem
857 2250 885 2299 et
904 2241 1045 2318 impressa
1068 2241 1160 2298 animo
1180 2239 1242 2298 rudi

272 2345 340 2406 aque
358 2327 503 2386 admones
523 2325 665 2403 proficiet.
699 2321 793 2382 Etiam
808 2325 883 2384 dicta
905 2323 1048 2383 clarorum
1067 2324 1194 2381 virorum
1213 2330 1243 2381 et

272 2415 361 2471 lectos
381 2429 419 2469 ex
439 2411 535 2488 poetis
554 2410 677 2468 maxime
703 2407 841 2485 (namque
868 2425 967 2468 eorum
993 2408 1120 2484 cognitio
1145 2407 1241 2484 parvis

272 2498 357 2555 ratior
372 2498 431 2574 est)
446 2495 529 2553 locos
543 2494 675 2553 ediscere
689 2493 763 2551 inter
778 2491 870 2551 lusum
885 2491 964 2552 licet.
989 2491 1060 2551 Nam
1076 2500 1106 2550 et
1120 2491 1242 2551 maxime

271 2580 414 2639 ecessaria
435 2587 480 2637 est
502 2579 609 2636 oratori
630 2577 721 2653 (sicut
742 2592 795 2634 suo
818 2577 886 2635 loco
907 2576 1013 2654 dicam)
1037 2577 1189 2649 memoria,
1212 2583 1242 2634 ct

271 2682 281 2723 a
304 2665 463 2742 praecipue
485 2661 611 2720 firmatur
633 2670 719 2738 atque
742 2660 828 2719 alitur
848 2662 1072 2733 exercitatione,
1095 2667 1125 2719 et
1144 2659 1173 2717 iu
1194 2659 1240 2733 iis,

271 2747 407 2826 equibus
432 2764 507 2805 nunc
534 2745 693 2822 loquimur,
718 2743 877 2818 aetatibus,
904 2762 978 2821 quae
999 2743 1135 2803 nihildum
1159 2743 1241 2821 ipsae

271 2849 391 2890 enerare
406 2848 443 2889 ex
458 2847 490 2887 se
507 2839 629 2906 queunt,
646 2845 739 2906 prope
755 2828 820 2887 sola
835 2835 895 2902 est,
913 2845 987 2906 quae
1002 2829 1091 2887 iuvari
1107 2844 1175 2886 cura
1190 2827 1240 2886 do·

271 2918 373 2975 entium
386 2916 489 2992 possit.
517 2912 582 2973 Non
600 2913 723 2972 alienum
737 2911 825 2970 fuerit
840 2913 960 2988 exigere
977 2912 1012 2973 ab
1028 2912 1071 2971 his
1088 2909 1240 2985 aetatibus,
1248 2913 1282 2968 37

271 3017 303 3059 uo
320 3001 358 3057 sit
378 2998 538 3057 absolutius
561 3015 594 3056 os
610 3006 639 3056 et
660 2998 830 3072 expressior
846 3013 957 3071 sermo,
979 3005 1010 3055 ut
1025 2997 1137 3054 nomina
1153 3012 1240 3072 quae·

271 3102 308 3142 rm
331 3100 494 3160 versusque
516 3081 669 3140 affectatae
689 3079 866 3141 difficultatis
890 3079 1077 3158 expluribus
1099 3088 1128 3139 et
1141 3095 1241 3155 asper-

270 3185 315 3226 me
337 3166 509 3226 coeuntibus
529 3167 605 3225 inter
624 3183 657 3223 se
678 3163 799 3239 syllabis
820 3172 968 3223 catenatos
985 3172 1014 3224 et
1028 3162 1108 3222 velut
1128 3162 1241 3222 confra-

270 3267 338 3310 osos
366 3268 449 3327 quam
474 3250 641 3308 citatissime
666 3247 800 3314 volvant;
826 3244 939 3324 χαλινοὶ
959 3245 1070 3307 Graece
1089 3254 1239 3305 vocantur.

272 3352 305 3393 es
326 3334 440 3393 modica
463 3333 556 3408 dictu,
586 3350 641 3410 qua
662 3340 756 3391 tamen
784 3332 890 3389 omissa
914 3330 1001 3390 multa
1023 3331 1139 3407 linguae
1159 3332 1240 3405 vitia,

274 3420 298 3476 si
320 3419 419 3495 primis
436 3419 596 3477 eximantur
616 3417 714 3492 annis,
734 3413 936 3475 inemendabili
956 3416 986 3474 in
1005 3424 1153 3492 posterum
1175 3432 1239 3493 pra·

273 3509 333 3561 tate
349 3501 495 3561 durantur.

377 3652 503 3704 UTILlilS
522 3651 604 3702 DOMI
622 3652 666 3702 AN
685 3651 718 3702 IN
737 3650 872 3703 solionis
890 3651 1110 3703 ERUDIANTUR.

328 3748 366 3811 ll.
404 3750 462 3811 Sed
481 3749 565 3811 nobis
586 3750 642 3811 iam
660 3748 796 3830 paulatim
817 3765 990 3810 accrescere
1012 3765 1086 3828 puer
1107 3754 1137 3806 et
1158 3746 1241 3806 exire
