3184 4409
533 444 799 538 ‚marjonnron
812 467 882 515 nm.
895 468 931 536 11,
944 464 986 519 19.
999 465 1043 518 ao
1256 456 1296 519 99

298 621 391 682 atione
413 638 481 682 esse
504 629 649 681 contenta.
683 619 746 681 Erit
766 623 840 680 enim
860 621 1007 682 rhetorice
1027 624 1056 683 in
1075 632 1192 683 oratore
1211 626 1295 702 etiam

296 696 428 781 tabente,
451 714 481 765 et
501 707 525 764 si
548 705 668 764 desierit
683 723 773 781 agere
792 705 841 764 vel
862 709 1014 784 proposito
1036 707 1084 766 vel
1106 708 1204 785 aliquo
1226 727 1295 768 casn

246 812 248 833 τ
295 789 462 866 impeditus:
481 806 539 848 non
553 790 645 867 magis
661 789 775 848 desinet
790 807 857 848 esse
873 799 972 850 orator
986 808 1071 868 quam
1085 791 1224 867 medicus,
1245 794 1292 870 qni

297 871 411 933 ourandl
428 872 532 933 feeerit
547 873 641 932 linem.
679 872 751 932 Nam
773 882 818 932 est
839 873 959 951 aliquis,
980 892 1015 934 ao
1029 877 1130 934 nesoio
1151 893 1186 935 an
1206 878 1320 936 maxi-i

294 974 371 1032 mus,
395 958 482 1017 etiam
504 959 680 1016 exsecretis
696 956 797 1016 studiis
817 956 927 1016 fruetus
949 976 984 1017 ao
999 967 1056 1017 tum
1074 976 1145 1037 pura
1159 960 1294 1037 voluptas

295 1039 469 1117 litterarum,
494 1059 557 1101 oum
572 1040 608 1100 ab
624 1050 689 1100 actu
707 1042 734 1101 id
751 1050 795 1100 est
812 1058 903 1120 opere
920 1052 1106 1102 recesserunt
1122 1052 1151 1101 et
1166 1053 1293 1102 oontem-

295 1125 423 1202 platinae
445 1126 489 1183 sui
510 1125 651 1184 fruuntur.
689 1124 748 1184 Sed
769 1125 922 1185 effectivae
944 1143 1060 1204 quoque
1075 1126 1181 1204 aliquid
1201 1127 1319 1188 similet

246 1242 250 1269 t
295 1210 411 1287 seriptis
428 1209 605 1268 orationibus
619 1208 667 1268 vel
682 1208 829 1285 historiis,
853 1209 930 1286 quod
951 1213 1047 1288 ipsum
1067 1228 1140 1287 opus
1161 1213 1189 1270 in
1212 1221 1294 1288 parte

295 1293 422 1353 oratoria
436 1295 538 1352 merito
554 1293 702 1370 ponimus,
726 1303 931 1370 consequetur.
967 1296 998 1354 Si
1016 1304 1109 1354 tamen
1124 1313 1178 1354 uua
1193 1313 1230 1353 ex
1245 1297 1293 1354 tri·

295 1375 345 1436 bus
359 1376 472 1436 artibus
484 1377 615 1437 habenda
629 1378 680 1435 sit:
697 1379 763 1455 quia
777 1379 914 1437 maximus
930 1380 991 1437 eius
1003 1397 1072 1437 usus
1086 1387 1151 1437 actu
1164 1381 1293 1438 eontine-

296 1469 338 1520 tnr
360 1468 451 1539 atque
476 1470 520 1519 est
545 1463 574 1520 in
600 1477 636 1521 eo
664 1460 911 1538 frequentissima,
946 1461 1057 1521 dicatur
1085 1464 1208 1524 aotiva
1232 1463 1294 1522 rel

295 1546 609 1622 administrativa,
629 1563 692 1604 nem
711 1554 740 1604 et
755 1545 812 1605 boo
828 1547 956 1606 eiusdem
973 1549 1017 1605 rei
1031 1564 1135 1606 nomen
1151 1556 1207 1606 est.

428 1695 563 1747 NATURA
582 1695 628 1746 AN
644 1694 811 1746 bocnnntn
829 1695 909 1746 PLUS
928 1697 962 1746 ΕΙ
980 1696 1162 1746 CONFERAT.

377 1784 457 1853 XIX.
487 1793 573 1868 Soio,
590 1794 690 1870 quaeri
706 1794 801 1869 etiam,
817 1802 954 1852 naturane
969 1794 1034 1872 plus
1050 1795 1085 1854 ad
1101 1794 1293 1872 eloquentiam

296 1878 428 1940 conferat
453 1895 488 1936 an
510 1877 649 1937 doctrina.
692 1876 776 1951 Quod
799 1877 834 1936 ad
859 1880 1039 1956 propositum
1066 1879 1179 1956 quidem
1203 1881 1294 1938 nostri

295 1965 394 2043 operis
422 1956 492 2021 nihil
517 1962 657 2040 pertinet:
680 1979 775 2039 neque
797 1964 871 2020 eninr
892 1971 1101 2021 consummatus
1122 1971 1220 2021 orator
1239 1964 1294 2022 nisi

295 2067 330 2108 ex
351 2056 478 2124 utroque
499 2045 561 2104 lieri
585 2053 699 2124 potest,
727 2044 879 2122 plurimum
904 2054 998 2104 tamen
1020 2045 1131 2104 referre
1157 2046 1291 2120 arbitror,

294 2151 379 2210 quam
396 2148 464 2189 esse
484 2131 512 2188 in
531 2129 588 2189 boo
603 2129 670 2189 loco
694 2131 893 2207 quaestionem
914 2129 1045 2188 velimus.
1081 2128 1161 2187 Nam
1173 2132 1197 2187 si
1218 2131 1316 2207 partib

292 2215 425 2276 utrilibet
441 2216 553 2274 omnino
569 2213 688 2273 alteram
704 2212 850 2287 detrahas,
869 2221 968 2272 natura
985 2215 1069 2271 etiam
1083 2214 1144 2271 sine
1163 2213 1293 2272 doctrina

292 2300 411 2359 multum
428 2297 553 2374 valebit,
577 2297 707 2357 doctrina
722 2296 802 2355 nulla
819 2314 886 2354 esse
900 2299 961 2357 sine
978 2305 1078 2355 natura
1095 2298 1211 2374 poterit.
1243 2299 1293 2356 Sin

293 2403 331 2443 ex
346 2384 411 2462 pari
427 2391 545 2442 coeant:
564 2383 592 2440 in
608 2379 802 2440 mediocribus
820 2381 933 2458 quidem
949 2382 1080 2457 utrisque
1094 2382 1184 2439 maius
1200 2379 1293 2439 adhue

293 2468 412 2527 credam
431 2475 549 2526 naturae
575 2484 642 2525 esse
662 2473 851 2541 momentum,
881 2474 1091 2524 eonsummatos
1112 2473 1206 2523 autem
1227 2464 1292 2542 plus

292 2552 446 2613 doctrinae
462 2549 571 2610 debere
586 2567 669 2627 quam
684 2557 818 2624 naturae,
841 2549 963 2627 putabo;
986 2551 1060 2608 sieut
1076 2558 1172 2608 terrae
1187 2548 1292 2607 nullam

291 2632 473 2706 fertilitatem
489 2634 604 2693 babenti
621 2633 691 2693 nibil
707 2635 831 2711 optimus
848 2633 977 2710 agricola
997 2633 1158 2712 profuerit,
1183 2641 1291 2692 eterra

293 2720 377 2780 uberi
397 2718 469 2778 utile
491 2717 596 2796 aliquid
618 2719 702 2777 etiam
723 2717 803 2776 nullo
825 2718 941 2777 colente
962 2726 1114 2793 nascetur,
1137 2725 1166 2776 at
1180 2719 1209 2775 in
1226 2717 1291 2776 solo

294 2802 421 2864 ieoundo
436 2801 501 2879 plns
514 2801 607 2862 cultor
620 2819 703 2879 quam
718 2803 781 2878 ipsa
795 2819 894 2880 perse
909 2801 1022 2861 bonitas
1037 2802 1093 2861 soli
1106 2802 1224 2861 efficiet.
1243 2799 1318 2873 Eas

295 2890 317 2947 si
332 2885 496 2948 Praxiteles
516 2888 628 2962 signum
642 2884 759 2962 aliquod
781 2904 819 2944 ex
837 2886 938 2945 molari
959 2886 1055 2964 lapide
1072 2895 1192 2946 conatus
1214 2894 1293 2944 esset

297 2970 475 3047 exculpere,
499 2969 609 3030 Parium
628 2985 751 3028 marmor
775 2969 890 3028 mallem
914 2970 1002 3037 rude;
1026 2979 1055 3029 at
1080 2973 1104 3028 si
1124 2969 1195 3029 illud
1218 2968 1293 3027 idem

297 3053 402 3114 artilex
418 3053 596 3131 expulisset,
613 3052 678 3130 plus
693 3054 722 3111 in
735 3052 865 3112 manibus
880 3053 983 3113 fuisset
999 3071 1082 3131 quam
1093 3055 1121 3112 in
1139 3070 1290 3112 marmore.

295 3137 429 3216 Denique
450 3147 550 3197 natura
570 3139 689 3196 materia
710 3136 859 3196 doetrinae
883 3145 941 3205 est;
963 3138 1036 3197 haee
1057 3138 1154 3213 lingit,
1177 3136 1226 3195 illa
1242 3136 1291 3194 lin-

293 3225 381 3299 gitur.
419 3221 496 3282 Nibil
517 3239 563 3280 ars
580 3223 642 3280 sine
658 3222 793 3295 materia,
816 3223 954 3281 materiae
972 3224 1056 3280 etiam
1070 3223 1133 3280 sine
1148 3228 1210 3280 arte
1225 3238 1291 3299 pre·

293 3309 365 3366 tium
382 3315 445 3383 est,
466 3323 513 3365 ars
531 3323 638 3364 summa
652 3306 772 3364 materia
787 3307 894 3383 optima
908 3306 1020 3364 melior.
1069 3306 1070 3309 ’

594 3451 640 3501 ΑΝ
659 3450 778 3502 vitatus
796 3449 989 3501 bastantes.

380 3548 445 3611 XX.
482 3549 535 3610 Illa
551 3551 683 3628 quaestio
704 3554 750 3608 est
769 3550 876 3608 maior:
899 3565 936 3606 ex
954 3547 1055 3606 mediis
1074 3546 1198 3619 artibus,
1219 3563 1293 3623 quae

292 3653 391 3714 neque
413 3634 523 3694 laudari
544 3650 598 3712 per
620 3652 653 3693 se
675 3651 731 3692 neo
751 3633 908 3712 vituperari
927 3639 1048 3710 possunt
1068 3631 1119 3690 sed
1142 3629 1229 3688 utiles
1245 3636 1293 3687 aut

292 3738 383 3782 secus
398 3717 556 3781 secundum
569 3717 667 3778 mores
684 3719 822 3777 utentium
839 3716 919 3792 liunt,
936 3712 1294 3858 habendasiltphetprioe,
