3184 4409
390 472 451 538 238
688 474 1050 535 nuncupamur

388 635 500 695 calatus
514 650 582 692 reus
596 630 706 690 Verres
723 619 882 690 fortiter'et
897 630 1035 689 industrie
1049 629 1137 689 tuitus
1153 639 1255 691 contra
1270 633 1359 711 pirata

388 717 516 778 Siciliam
530 717 642 776 dicitur.

347 813 381 867 36
469 799 578 860 Eadem
596 798 735 858 adversus
761 796 1082 860 contradictiones
1110 796 1197 856 uobis
1227 800 1359 877 opposita

389 893 545 964 praecepta
562 891 648 957 -sunt,
669 882 727 941 hoc
747 890 842 941 tamen
869 881 1005 960 amplius,
1031 879 1108 958 quod
1133 883 1211 944 circa
1234 899 1286 942 eas
1300 884 1359 942 mult

316 1033 320 1043 ,
389 968 500 1029 duobus
522 968 598 1026 vitiis
618 967 741 1026 diversis
762 964 904 1025 laborant.
945 962 1016 1024 Nam
1033 964 1147 1042 quidam
1167 967 1252 1025 etiam
1270 969 1298 1025 iu
1313 967 1359 1027 fon

388 1061 520 1130 tanquam
534 1069 596 1110 rem
612 1049 762 1109 molestam
787 1059 817 1108 et
839 1049 967 1109 odiosam
985 1057 1185 1126 praetercunt,
1207 1058 1237 1108 et
1257 1051 1294 1109 iis
1316 1050 1359 1129 ple

387 1154 517 1214 rumque,
534 1152 607 1212 qrrae
623 1134 783 1211 composita
802 1134 887 1193 domo
904 1131 1076 1206 attulerunt,
1099 1135 1226 1192 conteuti
1245 1135 1309 1193 aine
1329 1133 1359 1194 ad

387 1221 517 1279 versario
533 1220 645 1284 dicuut;
663 1226 692 1276 et
706 1217 821 1276 scilicet
840 1216 929 1276 multo
944 1219 1034 1292 magis
1051 1217 1079 1274 in
1096 1216 1216 1291 scholis,
1232 1218 1262 1276 in
1277 1218 1359 1295 quibu

388 1321 445 1363 uon
462 1303 555 1362 solum
571 1300 813 1360 contradictiones
829 1302 1010 1375 omittuntur,
1025 1318 1124 1359 verum
1140 1301 1225 1360 etiam
1241 1303 1359 1361 materia

389 1389 470 1466 ipsae
485 1389 528 1446 sic
543 1385 713 1464 plerumque
730 1385 890 1461 linguntur,
906 1393 937 1442 ut
951 1383 1021 1443 nihil
1037 1384 1094 1443 dici
1112 1401 1165 1462 pro
1187 1394 1273 1462 parte
1289 1387 1359 1445 alter

347 1472 491 1550 tlpossit.
533 1469 592 1528 Alii
617 1468 765 1544 diligentia
790 1469 864 1546 lapsi
887 1466 985 1526 verbis
1012 1469 1096 1526 etiam
1122 1467 1171 1527 vel
1197 1468 1359 1534 sententiali

390 1555 519 1615 omnibus
541 1551 771 1630 respondendum
794 1561 909 1630 putant,
931 1551 1007 1628 quod
1029 1561 1074 1610 est
1091 1560 1120 1610 et
1134 1552 1272 1612 inlinitum
1291 1562 1320 1612 et
1333 1570 1359 1612 sa

390 1655 577 1717 pervacuum
601 1653 658 1695 non
679 1637 752 1694 enim
772 1654 859 1696 causa
873 1635 1093 1714 reprehenditur
1110 1636 1163 1695 sed
1179 1645 1273 1713 actor,
1297 1654 1359 1715 quer

390 1738 447 1799 ego
469 1738 584 1798 semper
602 1720 693 1778 videri
715 1719 809 1778 malim
827 1721 982 1794 disertum,
1005 1729 1052 1794 ut,
1075 1720 1099 1778 si
1119 1718 1222 1779 dixerit
1244 1722 1324 1798 quod
1338 1739 1359 1780 rr

390 1806 497 1884 prosit,
517 1805 623 1881 ingenii
639 1803 772 1863 credatur
789 1803 850 1864 laus
867 1820 1006 1862 essenon
1023 1820 1144 1872 causae;
1166 1804 1191 1862 si
1209 1804 1288 1864 iorte
1304 1821 1359 1882 quo

348 1894 382 1948 38
391 1888 495 1963 laedat,
512 1905 617 1947 causae
631 1905 689 1946 non
700 1888 807 1963 ingenii
819 1887 913 1965 culpa.
942 1885 1042 1964 ltaque
1055 1887 1123 1946 illae
1135 1888 1359 1965 reprehensione

390 1981 438 2034 aut
453 1972 653 2047 obscuritatis,
674 1972 766 2050 qualis
790 1972 819 2030 in
841 1970 956 2030 Rullum
973 1980 1033 2046 est,
1059 1981 1107 2041 aut
1127 1971 1263 2030 infantiae
1286 1975 1315 2031 iu
1340 1971 1359 2030 d

390 2057 492 2131 ceudo,
510 2057 601 2133 qualis
619 2057 647 2114 iu
662 2055 811 2130 Pisonem,
834 2063 882 2116 aut
904 2056 1035 2113 inscitiae
1055 2073 1150 2115 rerum
1166 2054 1359 2133 verborumqu

390 2150 418 2201 et
435 2141 601 2199 insulsitatis
624 2141 725 2214 etiam,
753 2140 846 2217 qualis
863 2141 892 2199 in
906 2139 1060 2198 Antonium
1077 2147 1138 2215 est,
1162 2141 1256 2198 auimo
1281 2140 1359 2199 dautu

389 2234 437 2284 aut
450 2226 531 2284 iustis
548 2223 631 2298 odiis,
652 2233 774 2301 suntque
789 2223 876 2282 utiles
896 2224 931 2283 ad
947 2223 1156 2283 conciliandum
1171 2224 1224 2296 iis,
1248 2240 1324 2300 quos
1340 2224 1359 2280 ir

347 2311 467 2369 39visos
488 2309 587 2367 facere
617 2307 763 2381 volueris,
791 2307 896 2366 odium.
940 2306 1006 2365 Alia
1032 2306 1225 2385 respondendi
1252 2309 1359 2385 patroru'

388 2394 480 2460 ratio;
504 2400 532 2449 et
557 2390 708 2467 aliquando
730 2399 824 2449 tamen
848 2407 946 2450 eorum
966 2406 1025 2448 uon
1044 2389 1237 2450 oratiomodo
1257 2391 1310 2450 sed
1324 2391 1359 2448 vit

390 2477 485 2543 etiam,
501 2475 597 2533 vultus
610 2475 745 2551 denique,
763 2476 906 2549 incessus,
923 2473 1036 2533 habitus
1047 2483 1129 2534 recte
1145 2477 1271 2534 incusari
1287 2474 1359 2533 solet

388 2566 419 2617 nt
447 2559 585 2617 adversus
612 2557 755 2630 Quintium
781 2556 887 2617 Cicero
914 2575 972 2616 uon
1000 2557 1074 2617 haec
1099 2558 1191 2617 solum
1211 2557 1265 2617 sed
1290 2560 1359 2635 ipsa]

390 2643 474 2700 etiam
496 2650 675 2719 praetextam
698 2640 850 2701 demissam
871 2642 906 2702 ad
926 2642 1001 2701 talos
1019 2644 1175 2701 insectatus
1201 2650 1256 2701 est.
1297 2641 1359 2701 Prer

347 2728 467 2785 abserat
485 2726 559 2783 enim
576 2724 746 2784 turbulentis
763 2725 943 2785 contionibus
957 2724 1116 2785 Cluentium
1132 2725 1273 2798 Quintius.
1304 2723 1359 2784 Nor

389 2826 529 2886 nunquam
543 2807 702 2868 elevandae
720 2809 842 2869 invidiae
861 2811 963 2886 gratia,
979 2827 1053 2887 quae
1069 2811 1199 2888 asperius
1213 2808 1289 2868 dicta
1305 2826 1359 2868 suu

390 2890 602 2967 eluduntur,
626 2901 655 2950 ut
671 2910 687 2951 a
703 2890 847 2953 Cicerone
865 2893 1001 2953 Triarius.
1038 2893 1110 2952 Nam
1131 2911 1195 2952 cum
1213 2893 1318 2952 Scauri
1334 2909 1359 2952 c<

389 2974 498 3036 lamnas
518 2993 571 3054 per
591 2975 691 3035 urbem
714 2977 851 3054 plaustris
873 2986 973 3037 vectas
996 2995 1063 3036 esse
1084 2977 1170 3051 dixit,
1191 2973 1259 3055 Epo
1277 2994 1359 3053 porra

387 3059 488 3139 iuquit,
505 3056 706 3139 quantoclus
720 3061 817 3122 habco
827 3062 992 3136 colonam,
1009 3062 1127 3122 clitellis
1140 3079 1195 3123 eos
1206 3067 1359 3138 oppos-icc

388 3140 425 3204 lit
445 3145 535 3222 magis
554 3143 611 3205 hoc
632 3144 660 3202 in
681 3154 869 3204 accusatores
885 3162 1056 3205 concessum
1077 3152 1136 3219 est,
1160 3142 1262 3221 quibus
1284 3160 1359 3203 conr

347 3230 381 3287 41
390 3227 459 3288 ciari
485 3227 639 3306 aliquando
661 3229 906 3306 patrociniiiides
930 3231 1019 3306 cogit.
1065 3228 1118 3288 llla
1143 3244 1215 3287 vero
1242 3226 1359 3287 adversa

390 3325 489 3370 omncs
512 3321 541 3371 et
562 3321 681 3389 recepta
706 3320 812 3371 elnon
833 3313 981 3372 inhumana
1008 3314 1196 3390 conquestio,
1223 3312 1249 3370 si
1276 3309 1359 3371 calb'd

348 3393 457 3471 inquid
472 3396 596 3471 acuisse,
611 3395 771 3470 breviasse,
789 3395 963 3456 obscurasse
988 3397 1135 3456 distulisse
1152 3396 1302 3455 dicuntur.¹
1324 3394 1359 3453 lla

283 3506 286 3513 ·
389 3476 528 3536 leusiouis
549 3496 664 3557 quoque
686 3481 856 3557 permutatio
874 3480 1095 3558 reprehenditur
1108 3496 1214 3557 saepe,
1235 3488 1266 3538 ut
1287 3477 1359 3538 Attia

390 3560 529 3621 adversus
545 3559 716 3638 Cluentium,
732 3562 895 3623 Aeschines
911 3564 1050 3624 adversus
1067 3562 1286 3641 Ctesiphontem
1302 3559 1359 3622 lacn

472 3643 523 3705 ille
539 3641 710 3705 Ciceronem
727 3646 795 3725 lege
812 3666 928 3706 usurum
941 3648 1045 3724 modo,
1061 3647 1109 3708 hic
1124 3636 1240 3707 minime'
1258 3646 1296 3707 de
1314 3646 1359 3721 leg

293 3660 529 3888 ἄν
541 3725 755 3790 Demosthenen
770 3733 908 3810 queritur.
