3184 4409
334 469 396 532 252
647 479 1009 540 alamannicarum

255 670 260 685 ι
335 636 500 714 adversario
523 636 661 710 iudicem,
675 635 833 706 concitare
856 634 978 694 affectus
1004 641 1035 693 ot
1060 650 1246 712 componere.
1290 631 1327 694 Et

334 721 532 780 brevissimum
550 720 663 798 quidem
679 719 736 778 hoc
756 726 944 796 praeceptum
960 717 1021 777 dari
1042 719 1155 796 utrique
1171 717 1246 796 parti
1263 726 1326 796 pot·

335 813 400 879 est,
423 813 453 863 ut
473 813 549 863 totas
566 821 672 863 causae
685 805 764 862 vires
782 811 880 862 orator
901 811 990 879 ponat
1004 811 1070 860 ante
1085 802 1203 868 oculos;
1221 809 1250 861 ct
1264 818 1326 862 cum

332 889 455 963 viderit,
488 887 555 965 quid
578 886 761 962 invidiosum,
791 885 968 959 favorabile,
994 887 1128 952 invisum,
1160 885 1326 945 miserabile

334 982 381 1032 aut
394 974 431 1032 sit
445 973 473 1029 in
489 971 577 1030 rebus
592 980 640 1030 aut
654 971 747 1030 videri
762 973 870 1048 possit:
894 987 928 1029 ea
947 968 1039 1044 dicat,
1056 969 1174 1047 quibus,
1198 970 1224 1027 si
1240 970 1327 1029 iudex

292 1063 429 1131 ltesset,
459 1056 522 1133 ipse
546 1056 667 1114 maxime
695 1063 871 1135 moveretur.
916 1052 976 1113 Sed
1005 1055 1111 1112 certius
1133 1063 1179 1112 est
1204 1054 1248 1112 ire
1274 1070 1327 1132 per

334 1143 376 1199 siu
398 1139 455 1199 ula.

377 1159 453 1282 glit
473 1241 548 1301 quae
574 1213 729 1283 concilient
755 1220 869 1298 quidem
891 1229 1163 1296 accusatorem,
1185 1221 1214 1278 in
1242 1238 1326 1299 prae·

334 1308 428 1386 ceptis
457 1307 569 1367 exordii
594 1309 649 1366 iam
671 1307 802 1365 diximus.
848 1303 995 1377 Quaedam
1021 1312 1132 1380 tamen,
1160 1320 1236 1383 quae
1266 1304 1328 1367 illic

333 1391 488 1451 ostendere
509 1399 553 1450 sat
575 1399 635 1465 est,
658 1390 686 1448 in
710 1389 896 1467 peroratione
921 1388 1064 1465 implenda
1088 1398 1152 1447 sunt
1171 1389 1283 1465 magis,
1303 1390 1327 1448 si

334 1468 433 1535 cdntra
457 1476 660 1552 impotentem,
694 1474 830 1547 invisum,
858 1473 1051 1549 perniciosum
1080 1480 1217 1549 suscepta
1240 1490 1328 1532 causa

260 1616 262 1621 .
334 1569 392 1626 est;
418 1558 605 1635 siiudicibus
626 1559 696 1634 ipsis
718 1565 765 1616 aut
786 1556 900 1633 gloriae
923 1556 1064 1616 damnatio
1085 1557 1128 1615 rei
1152 1564 1199 1614 aut
1227 1555 1326 1615 delor-

291 1643 421 1714 13mitati
437 1642 531 1701 futura
547 1641 700 1701 absolutio.
744 1638 817 1699 Nam
840 1641 961 1716 egregie
985 1641 1013 1698 iu
1038 1638 1180 1699 Vatinium
1205 1637 1327 1714 Calvus,

331 1723 575 1803 Factuminquit,
583 1727 726 1786 ambitum
737 1725 824 1785 critic
835 1732 983 1799 omnes,et
995 1725 1051 1784 boc
1063 1742 1117 1784 coc
1128 1726 1211 1784 scire
1224 1741 1330 1785 omnes

331 1810 441 1871 ocium.
486 1806 590 1868 Cicero
607 1809 721 1891 quidem
735 1810 763 1866 in
778 1808 902 1867 Verrem
918 1809 1003 1867 etiam
1019 1808 1164 1867 emendari
1179 1822 1270 1886 posse
1285 1807 1327 1867 in-

331 1893 445 1952 famiam
469 1893 637 1952 iudioiorum
662 1893 793 1952 damnato
817 1908 868 1951 reo
896 1891 983 1959 dicit;
1011 1892 1089 1970 quod
1110 1899 1156 1950 cst
1182 1908 1267 1949 unum
1290 1910 1328 1951 ex

332 1994 419 2054 supra
447 1977 539 2036 dictis.
583 1976 676 2037 llletus
705 1978 806 2051 etiam,
832 1977 857 2034 si
886 1984 931 2034 est
959 1975 1152 2050 adhibendus,
1182 1977 1213 2033 ut
1238 1974 1328 2035 iaciat

331 2060 421 2137 idem,
441 2061 516 2120 hunc
532 2060 621 2134 babet
634 2061 729 2120 locum
740 2061 890 2119 fortiorem
907 2077 990 2136 quam
1012 2061 1040 2118 iu
1055 2059 1217 2138 prooemio.
1262 2057 1327 2131 Qua

290 2145 366 2204 llde
382 2163 414 2204 re
430 2145 496 2223 quid
512 2147 663 2220 sentirem,
682 2145 739 2204 alio
751 2146 806 2203 iam
818 2143 892 2202 libro
907 2143 1038 2221 exposui.
1084 2139 1239 2202 concitare
1255 2158 1326 2220 quo·

332 2248 388 2306 que
404 2230 554 2303 invidiam,
568 2229 677 2304 odium,
695 2230 781 2304 iram,
796 2227 916 2286 liberius
928 2228 957 2285 in
971 2227 1325 2305 perorationecontingit:

331 2319 451 2391 quorum
476 2313 607 2373 invidiam
639 2313 747 2389 gratia,
780 2312 876 2372 odium
906 2311 1069 2390 turpitudo,
1103 2311 1172 2370 iram
1202 2310 1326 2369 offensio

330 2396 416 2455 iudici
431 2396 516 2471 iacit,
539 2398 564 2455 si
587 2406 755 2471 contumax,
780 2412 936 2472 arrogans,
959 2412 1079 2453 securus
1101 2395 1155 2469 sit,
1179 2412 1253 2472 quae
1268 2410 1327 2453 uon

332 2498 368 2538 ex
398 2480 475 2539 iacto
503 2480 588 2539 modo
617 2481 732 2538 dictove
755 2477 852 2556 aliquo
874 2479 926 2539 sed
946 2478 1044 2553 vultu,
1068 2477 1181 2553 habitu,
1204 2486 1326 2555 aspectu

330 2565 441 2622 moveri
457 2563 543 2622 solet.
588 2563 775 2640 Egregieque
790 2563 873 2622 nobis
890 2561 1125 2622 adolescentibus
1146 2562 1255 2622 dixisse
1278 2579 1326 2620 ac·

332 2656 448 2706 cusator
463 2644 623 2706 Cossutiani
642 2644 789 2724 Capitonis
811 2646 979 2722 uidebatur,
1002 2643 1114 2705 Graece
1136 2646 1251 2724 quidem
1271 2644 1326 2704 sed

290 2741 322 2793 15
333 2732 360 2789 in
375 2730 449 2789 huuc
464 2749 596 2805 sensum,
613 2728 780 2792 Erubescit
802 2728 969 2791 Caesarem
993 2731 1107 2790 timere.
1151 2730 1266 2789 Summa
1284 2738 1326 2788 ta-

330 2832 395 2872 men
412 2815 573 2874 concitandi
597 2815 717 2874 allectus
738 2815 902 2874 accusatori
927 2815 956 2872 in
971 2812 1031 2872 boc
1052 2822 1112 2889 est,
1134 2823 1165 2872 ut
1182 2813 1227 2889 id,
1248 2812 1327 2890 quod

331 2898 453 2974 obiecit,
478 2907 524 2957 aut
545 2917 628 2976 quam
652 2899 860 2957 atrocissimum
883 2906 931 2957 aut
952 2898 1054 2974 etiam,
1082 2898 1107 2955 si
1129 2896 1193 2955 lieri
1214 2905 1325 2975 potest,

331 3000 415 3059 quam
437 2984 558 3042 maxime
579 2982 744 3042 miserabile
766 3000 834 3041 esse
860 2982 1000 3041 videatur.
1045 2981 1192 3040 Atrocitas
1218 2980 1328 3040 crescit

331 3083 369 3124 ex
383 3066 442 3141 his,
460 3067 526 3144 quid
541 3066 646 3126 lactum
665 3067 717 3141 sit,
741 3084 757 3126 a
776 3084 850 3144 quo,
870 3066 899 3124 in
924 3083 1025 3143 quem,
1051 3082 1108 3143 quo
1131 3065 1242 3140 animo,
1266 3080 1326 3142 quo

330 3158 479 3227 tempore,
499 3167 555 3229 quo
575 3151 657 3224 loco,
676 3166 732 3228 quo
748 3150 848 3218 modo;
868 3162 942 3228 quae
963 3149 1057 3208 omnia
1077 3147 1201 3208 infinitos
1219 3156 1326 3208 tracta·

289 3241 375 3299 16tus
391 3233 505 3293 babent.
549 3234 694 3294 Pulsatum
713 3234 872 3312 querimur:
897 3233 934 3293 de
957 3251 989 3293 re
1007 3233 1128 3311 primum
1144 3233 1207 3310 ipsa
1227 3231 1326 3291 dicen·

330 3316 412 3383 dum;
433 3327 490 3377 tum
507 3319 531 3377 si
549 3337 657 3394 senex,
680 3318 704 3376 si
727 3335 817 3395 puer,
841 3317 867 3375 si
887 3317 1087 3392 magistratus,
1110 3318 1134 3376 si
1154 3315 1280 3396 probus,
1300 3318 1326 3375 si

329 3399 404 3459 bene
427 3400 462 3459 de
484 3420 516 3459 rc
544 3403 659 3480 publica
681 3402 814 3468 meritus;
842 3402 927 3461 etiam
949 3401 974 3459 si
996 3418 1155 3478 percussus
1178 3401 1215 3459 sit
1235 3417 1251 3459 a
1273 3400 1326 3460 uili

330 3484 426 3561 aliquo
446 3487 669 3564 contemptoque
685 3485 734 3544 vel
751 3503 788 3543 ex
810 3485 955 3545 contrario
976 3502 993 3545 a
1011 3492 1130 3562 potente
1146 3485 1260 3544 nimium
1274 3483 1325 3543 vel

331 3566 366 3626 ab
385 3584 437 3642 eo,
451 3584 510 3646 quo
525 3570 637 3627 minime
654 3569 794 3646 oportuit,
817 3576 846 3628 et
869 3570 894 3627 si
914 3569 961 3628 die
976 3569 1053 3628 forte
1072 3568 1205 3627 sollemni
1226 3575 1274 3627 aut
1289 3567 1324 3626 iis

330 3650 523 3731 temporibus,
544 3671 606 3711 cum
624 3652 726 3714 iudicia
750 3652 812 3732 eius
840 3652 882 3711 rei
899 3653 1021 3712 maxime
1037 3661 1259 3727 exercerentur,
1275 3658 1326 3711 aut

324 3738 357 3793 in
372 3735 503 3797 sollicito
525 3736 648 3797 civitatis
672 3744 768 3813 statu,
789 3734 859 3796 item
878 3737 907 3796 in
928 3735 1059 3812 theatro,
1085 3737 1114 3795 in
1138 3735 1265 3816 templo,
1294 3735 1324 3794 in

282 3830 315 3880 h
