3184 4409
334 465 375 527 36
593 474 595 478 ’
651 474 1010 539 u.rnn.ou1uu1umur

334 635 490 714 quaestio,¹
502 651 585 711 quam
599 635 755 712 temporis,
775 642 838 693 utra
853 635 934 712 prior
948 634 998 702 sit:
1020 643 1067 693 aut
1082 634 1243 713 qualitatis,
1267 645 1326 698 ntra

334 721 435 777 iustior
457 719 493 776 sit
521 719 633 795 petitio.
676 718 818 777 Diversae
845 735 961 796 quoque
988 717 1072 794 leges
1101 719 1260 796 confligunt
1282 730 1327 780 aut

305 803 451 866 isimiles.
494 801 650 876 Diversae,
672 801 774 880 quibos
791 803 876 860 etiam
892 803 962 860 citra
983 801 1132 861 adversam
1147 803 1246 881 legem
1261 822 1325 863 con·

333 887 434 946 tradioi
449 889 557 963 possit,
581 895 615 944 ui
632 887 659 943 in
676 884 730 943 hac
748 886 961 944 controversia:
979 883 1181 962 Mopistrutuo
1195 888 1325 950 abarce

332 990 371 1031 ne
388 971 547 1038 diocedut;
567 970 616 1028 vel
631 969 686 1029 alia
704 969 781 1028 nulla
798 968 930 1027 obstante
948 972 1047 1046 quaeri
1064 978 1177 1048 potest,
1197 968 1254 1031 Vir
1265 973 1326 1050 for-

333 1056 370 1115 tis
395 1073 454 1129 un,
499 1055 629 1130 ruidquid
648 1055 777 1130 optarit,
800 1056 944 1131 accipere
966 1055 1085 1114 debent.
1127 1052 1165 1112 Et
1190 1055 1219 1113 in
1240 1056 1325 1132 magi·

333 1147 422 1197 stratu
438 1070 526 1197 muita
543 1139 688 1212 dicentur,
708 1136 810 1213 quibus
825 1139 962 1214 seriptum
977 1147 1172 1215 expugnatur:
1191 1140 1216 1197 si
1231 1141 1324 1198 iucen-

303 1223 407 1282 5dium
425 1223 452 1280 in
471 1240 538 1281 arce
558 1222 658 1294 luerit,
676 1222 700 1278 si
710 1222 738 1278 in
754 1220 853 1279 hostes
869 1220 1086 1279 decurrendum.
1111 1222 1243 1297 Similes,
1260 1225 1324 1282 'eon-

332 1301 375 1365 tra
399 1324 470 1385 quas
495 1305 562 1364 nihil
580 1306 687 1383 opponi
703 1313 802 1382 potest
821 1306 874 1363 nisi
900 1304 949 1363 lex
968 1304 1074 1364 altera:
1100 1303 1325 1384 Tyrannicidae

276 1431 279 1434 -
331 1392 431 1469 imupo
458 1391 491 1450 iu
514 1392 669 1468 pprnnuoio
692 1397 845 1467 puuctum·
879 1396 994 1464 contra,
1019 1387 1157 1450 Mulieris
1174 1391 1278 1469 imupo
1295 1391 1325 1451 in

330 1475 486 1552 ppmuusio
500 1493 538 1533 ne
550 1483 692 1550 ponatur.
715 1471 836 1533 Mulier
851 1480 1012 1552 tyrannum
1027 1473 1147 1536 occidit.
1191 1472 1264 1532 Nam
1273 1473 1323 1534 'ne

335 1575 390 1635 que
413 1557 539 1615 mulieris
555 1559 649 1632 imago
664 1556 725 1615 ullo
742 1556 798 1615 alio
815 1574 883 1615 casu
903 1558 972 1634 poni
988 1565 1086 1634 potest
1106 1575 1161 1616 nec
1175 1559 1323 1632 tyrannici

305 1642 388 1700 Gelae
412 1640 472 1699 ullo
499 1640 556 1699 alio
583 1659 651 1699 casu
675 1642 857 1698 summoveri.
901 1639 1028 1718 Impares
1050 1649 1130 1716 sunl,
1158 1659 1222 1701 cum
1246 1641 1324 1701 alteri

329 1725 420 1783 multa
446 1725 554 1801 opponi
570 1733 690 1802 possunt
711 1724 794 1783 alteri
812 1723 896 1799 nihil,
917 1725 970 1782 nisi
991 1724 1068 1802 quod
1090 1726 1118 1782 in
1139 1724 1189 1784 lite
1211 1734 1272 1785 est:
1297 1732 1324 1784 ut

333 1827 396 1867 cum
417 1809 466 1868 uir
483 1809 573 1885 fortis
593 1810 800 1886 impunitatem
822 1809 988 1870 desertoris
1006 1810 1089 1887 petit.
1133 1807 1204 1867 Nam
1229 1817 1323 1869 contre

332 1892 429 1968 legem
444 1892 497 1950 viri
512 1893 611 1968 fortis,
627 1901 759 1969 utsupra
778 1892 907 1968 ostendi,
921 1892 1007 1951 multa
1023 1892 1169 1960 dicuntum
1189 1891 1323 1952 adversus

333 1975 500 2035 desertores
519 1978 627 2054 scripta
642 1992 699 2035 non
714 1984 811 2053 polest
826 1978 879 2034 nisi
897 1977 1014 2054 optione
1030 1975 1167 2034 subverti.

307 2067 324 2122 7
418 2059 490 2120 ltem
513 2061 678 2119 confessum
697 2078 734 2118 ex
753 2069 875 2138 utraque
900 2070 982 2137 parte
1004 2060 1048 2118 ius
1071 2068 1183 2119 estant
1204 2059 1323 2120 dubium.

333 2144 363 2203 Si
380 2144 544 2203 confessum
561 2154 621 2219 est,
639 2144 712 2217 haec
727 2143 789 2203 fere
807 2152 994 2220 quaeruntur:
1011 2142 1081 2202 Utra
1096 2144 1145 2202 lex
1162 2139 1324 2221 potentiori

334 2228 368 2287 ad
385 2228 456 2287 deos
479 2230 621 2306 pertineat
644 2246 679 2287 an
700 2227 735 2286 ad
753 2223 903 2286 homines?
933 2228 969 2286 ad
990 2245 1050 2287 rem
1071 2227 1216 2304 publicam
1237 2246 1273 2287 an
1294 2225 1324 2286 al

332 2309 483 2388 privatos?
503 2313 539 2371 de
564 2312 674 2371 honore
691 2329 726 2370 an
747 2312 782 2369 de
801 2307 917 2389 poena?
940 2311 975 2370 de
996 2313 1105 2387 magnis
1126 2310 1215 2369 rebus
1237 2330 1273 2370 an
1293 2311 1324 2370 de

306 2394 455 2473 Sparvis?
479 2398 623 2472 permittat
644 2414 678 2454 an
702 2404 782 2453 vetet
808 2413 842 2454 an
867 2392 1009 2472 imperet?
1043 2396 1126 2454 Solet
1146 2397 1265 2454 tractari
1289 2403 1324 2467 et,

333 2488 395 2538 utra
410 2480 448 2537 sit
463 2481 620 2556 antiquior,
636 2489 666 2551 et
680 2479 760 2537 velut
775 2480 1017 2557 potentissimum,
1033 2488 1095 2538 utra
1110 2480 1200 2537 minus
1213 2479 1324 2556 pendan

332 2571 362 2620 ut
378 2564 405 2620 in
422 2562 573 2621 desertore
587 2563 688 2621 etviro
705 2562 787 2637 forti,
805 2563 882 2639 qnod
893 2563 944 2622 illo
956 2580 1011 2620 non
1023 2564 1121 2623 occiso
1139 2562 1187 2621 lex
1202 2572 1264 2622 tota
1275 2562 1326 2622 tol·

331 2646 420 2713 latur;
443 2648 558 2722 occiso,
579 2648 615 2704 sit
632 2647 745 2723 reliqua
760 2649 822 2705 viro
839 2646 907 2705 iorti
923 2647 978 2706 alia
997 2648 1086 2724 optio.
1120 2646 1274 2706 Plurimum
1289 2655 1326 2706 ta·

331 2748 396 2787 men
411 2739 456 2787 est
472 2731 499 2787 in
514 2729 587 2804 hoe,
604 2729 703 2789 Utrum
719 2730 781 2789 lieri
796 2732 833 2789 sit
848 2729 950 2789 melius
966 2740 1051 2808 atque
1067 2732 1201 2807 aequius;
1221 2730 1327 2808 dequo

302 2819 319 2872 9
334 2815 402 2875 nihil
417 2815 545 2891 praecipi
563 2816 616 2872 nisi
633 2815 785 2891 proposita
802 2816 920 2874 materia
935 2823 1042 2891 potest.
1082 2815 1113 2874 Si
1131 2813 1261 2873 dubium:
1283 2820 1328 2873 aut

332 2896 416 2956 alteri
441 2907 487 2957 aut
507 2899 629 2956 invicem
645 2899 758 2976 utrique
780 2898 817 2957 de
841 2901 902 2956 iure
920 2898 951 2956 iit
968 2900 1182 2972 controversia,
1205 2906 1236 2956 ut
1254 2899 1282 2955 in
1299 2913 1329 2955 re

332 2982 397 3040 tali:
415 2979 502 3042 Petri
511 2983 543 3041 in
554 2982 664 3060 lilium,
677 2993 810 3060 patrono
823 2984 855 3043 in
866 2983 1005 3043 libertum
1016 3001 1124 3042 munus
1138 2983 1260 3042 iniectio
1274 2982 1330 3050 siu·

331 3067 432 3126 liberii
443 3067 585 3127 lercium
598 3075 776 3142 sequuntur.
810 3064 927 3128 Liberti
938 3065 1033 3144 filium
1050 3068 1174 3143 quidam
1190 3065 1265 3142 fecit
1280 3065 1330 3125 lte·

331 3151 455 3210 cedern:
477 3152 606 3211 inuicem
620 3152 733 3228 petitur
748 3168 857 3211 munus
871 3152 1011 3219 iniectio,·
1034 3159 1063 3208 ei
1078 3159 1215 3228 patronus
1233 3157 1336 3226 negat,

332 3233 375 3291 ius
391 3235 481 3311 patris
498 3235 540 3294 llll
558 3234 664 3309 fuisse,
685 3236 750 3311 quia
765 3235 829 3312 ipse
845 3236 873 3293 in
890 3251 972 3293 manu
987 3235 1100 3312 patroni
1115 3234 1209 3292 fuerit.

291 3326 325 3378 10
414 3317 553 3395 Duplioes
577 3318 660 3395 leges
682 3320 756 3377 siout
777 3319 850 3377 duae
873 3318 1060 3378 colliduntur:
1083 3327 1114 3378 ut
1128 3315 1246 3378 Notius
1262 3321 1333 3378 onie

331 3402 492 3477 lepitimum
505 3411 610 3478 nutus,
623 3403 771 3479 lepitirnua
780 3403 838 3470 oit;
851 3410 919 3479 port
929 3403 1108 3481 lepitinturn,
1121 3408 1237 3463 tanturn
1249 3402 1331 3462 ciuis.

333 3483 417 3557 Quod
433 3485 469 3543 de
486 3484 615 3561 legibus,
641 3474 716 3546 idim
733 3487 768 3545 de
785 3486 1043 3545 senatusconsultis
1065 3485 1186 3552 dictum;
1213 3502 1289 3563 quae
1309 3482 1331 3541 si

333 3577 381 3627 aut
396 3570 470 3626 inter
485 3587 517 3627 se
535 3580 663 3646 pugnent
678 3579 725 3629 aut
740 3568 856 3629 obstent
871 3569 1001 3648 legibus,
1023 3579 1189 3629 nontamen
1204 3569 1282 3629 allud
1297 3569 1331 3626 sit

334 3653 396 3712 eius
415 3661 503 3712 status
520 3670 633 3713 nomen.
