3184 4409
342 445 402 507 262
653 458 1009 518 unamquamquam

300 613 451 691 alepilogi
466 613 569 671 dietum
586 621 639 671 εει.
672 610 714 673 ·Ει
727 621 832 671 metum
846 621 941 671 tamen
954 613 1099 690 duplicem
1113 614 1238 690 intelligi
1253 634 1275 673 r·

342 715 426 775 quem
440 699 560 774 patimur
569 699 604 755 ἐι
626 713 717 772 quera.
731 695 865 770 iacimus,
891 705 919 754 et
931 697 1081 764 invidiam;
1105 716 1228 774 namque
1242 698 1275 758 alt

341 781 465 841 invidum
489 779 579 839 altera
601 779 771 838 invidiosum
791 779 869 838 lauit.
904 778 968 838 Hoo
989 791 1083 841 autem
1098 783 1240 857 hominis,
1262 782 1275 840 i

342 866 385 924 rei
401 873 459 930 est;
481 865 509 922 in
531 880 587 941 quo
609 872 637 921 et
656 861 721 939 plus
737 862 824 922 habet
842 864 940 939 operis
961 866 1063 924 oratio.
1099 865 1173 925 Nam
1195 883 1275 942 quaet

342 948 472 1007 videntur
494 949 592 1022 gravia
612 964 667 1024 per
693 963 744 1021 se,
771 946 968 1024 parricidium,
999 950 1121 1023 caedes,
1147 949 1275 1007 venelieir

301 1031 481 1109 aequaeuam
502 1030 653 1089 efficienda
671 1038 744 1088 sunt.
781 1029 814 1088 ld
834 1038 928 1088 autern
948 1033 1102 1107 contingit,
1134 1046 1198 1090 oum
1223 1050 1275 1108 maa

343 1115 448 1191 alioqui
463 1114 544 1173 malis
560 1115 675 1190 gravius
689 1131 756 1172 εεεε
771 1113 799 1173 id
807 1158 822 1197 ,·
838 1113 915 1192 quod
928 1116 1007 1192 passi
1022 1133 1137 1191 sumas,
1152 1116 1275 1175 ostendit

343 1199 426 1276 quale
442 1206 488 1257 est
503 1196 577 1274 apud
591 1196 758 1273 Virgilium:

491 1295 510 1345 0
529 1295 592 1345 felix
608 1311 659 1344 uua
677 1302 734 1344 aute
751 1295 814 1346 alias
832 1295 958 1344 Priameia
975 1295 1056 1360 virgo,

492 1365 613 1414 Hostilem
629 1365 661 1413 ad
678 1363 801 1413 tumulum
819 1364 910 1413 Troiae
924 1364 971 1413 sub
987 1365 1119 1414 moenibus
1134 1363 1194 1414 altis

490 1434 562 1483 Iussa
579 1433 642 1482 mori
662 1459 697 1468 -

343 1514 442 1591 (quarn
458 1515 545 1572 miser
560 1516 634 1573 enim
649 1532 732 1573 casus
747 1513 983 1589 Andromachae,
999 1515 1024 1573 si
1039 1524 1203 1592 comparata
1219 1515 1246 1574 ei
1260 1514 1275 1573 l·

300 1597 524 1675 aaPolyxena);
548 1607 594 1656 aut
617 1616 680 1656 eum
700 1599 739 1657 ita
759 1616 968 1675 exaggeramus
990 1600 1116 1657 iniuriam
1137 1609 1275 1673 nostram,

343 1682 442 1756 etiarn,
470 1699 542 1758 quae
562 1680 649 1740 multo
671 1682 779 1741 minora
807 1691 888 1759 sunt,
916 1682 1092 1742 intoleranda
1119 1683 1265 1742 dieamus:

335 1765 511 1842 'pulsassem
526 1765 651 1844 defendi
665 1784 724 1826 noo
734 1774 879 1845 peteme,-
894 1768 1069 1827 valtreroeta'.
1100 1766 1159 1825 Sed
1180 1765 1256 1824 haee
1270 1786 1275 1822 ι

341 1848 472 1923 gentius,
493 1865 556 1906 oum
575 1847 611 1907 ad
634 1866 696 1907 eam
718 1849 966 1928 amplificationem
989 1851 1167 1923 venerimus,
1191 1849 1275 1908 dioen

341 1929 456 1989 Interim
471 1941 588 1990 notasse
604 1941 753 1993 contentus
768 1952 845 2008 sum,
868 1951 925 1992 non
938 1934 966 1992 id
984 1933 1076 1992 solum
1093 1950 1181 2009 agere
1197 1933 1274 1991 allec

342 2024 381 2088 ut,
396 2032 468 2092 quae
485 2024 566 2090 sunt,
584 2016 768 2076 ostendantur
783 2017 888 2077 acerba
904 2035 938 2076 ae
954 2017 1101 2090 luctuosa,
1119 2015 1172 2074 sed
1190 2018 1275 2075 etiarn

343 2116 416 2176 quae
436 2099 584 2158 toleranda
604 2099 704 2159 haberi
725 2100 838 2176 solent,
861 2103 959 2178 gravia
982 2100 1144 2159 videantur:
1169 2109 1199 2158 ut
1221 2118 1275 2158 eun

341 2182 493 2242 maledieto
509 2183 573 2261 plus
589 2185 706 2243 iniuriae
728 2181 810 2262 quam
831 2185 858 2243 in
878 2202 978 2257 manu,
1002 2185 1030 2241 in
1043 2183 1163 2242 'infamia
1178 2182 1244 2260 plus
1261 2201 1275 2260 q

300 2276 395 2331 ‘lanae
411 2267 528 2326 dicimus
546 2285 628 2343 quam
645 2269 673 2325 in
688 2277 788 2327 morte.
821 2267 950 2344 Namque
968 2268 995 2324 in
1010 2266 1067 2325 hoo
1085 2266 1271 2344 eloquentiae

344 2359 398 2424 est,
417 2359 446 2409 ut
463 2351 585 2409 iudicem
600 2368 656 2408 non
670 2352 699 2408 in
714 2353 741 2411 id
757 2360 862 2410 tantum
878 2350 1050 2428 compellat,
1074 2350 1102 2407 in
1118 2349 1192 2426 quod
1208 2350 1273 2425 ipsa

342 2443 440 2492 natura
455 2433 588 2500 ducetur3
606 2434 657 2492 sed
676 2444 732 2508 aut,
751 2436 798 2510 qui
818 2444 940 2510 nonest,
958 2443 1004 2492 aut
1018 2435 1154 2492 maiorem
1175 2449 1258 2509 quam

343 2517 429 2575 laoiat
445 2517 585 2575 allectum.
615 2516 694 2575 Haeo
710 2526 754 2575 est
770 2517 834 2593 illa,
856 2535 928 2594 quae
946 2517 1076 2587 δείνωσις
1090 2525 1226 2591 vocatur,
1244 2534 1275 2574 re

342 2599 480 2675 indignis,
504 2600 632 2676 asperis,
656 2601 804 2659 irrvidiosis
822 2601 928 2660 addens
945 2603 1001 2659 vim
1019 2601 1126 2666 oratlo;
1149 2617 1206 2678 qua
1225 2601 1271 2658 vir

343 2691 458 2760 praeter
474 2681 543 2740 alias
559 2683 707 2760 plurimum
724 2682 933 2744 Demosthenes
948 2684 1045 2743 valuit.

301 2793 334 2846 25
427 2779 536 2852 Quodsi
552 2780 654 2839 tradita
668 2780 735 2841 mihi
749 2783 832 2859 sequi
850 2791 1006 2859 praecepta
1028 2781 1192 2840 sufficeret:
1217 2781 1272 2838 sati

343 2881 438 2923 aeram
459 2863 525 2922 huie
548 2866 636 2941 parti,
658 2864 726 2923 nihil
749 2882 861 2939 eorum,
883 2883 957 2941 quae
980 2865 1040 2942 legi
1061 2864 1109 2925 vel
1131 2862 1235 2936 didici,
1256 2881 1275 2940 q

341 2948 426 3007 modo
447 2946 597 3025 probabile
617 2947 686 3022 luit,
716 2949 884 3016 omittend03
909 2950 961 3009 sed
984 2966 1086 3008 eruere
1109 2948 1137 3006 in
1158 2947 1253 3004 animo

343 3049 416 3109 quae
438 3031 541 3106 latent,
566 3040 595 3090 et
617 3033 731 3110 penitus
753 3034 815 3111 ipsa
837 3033 918 3091 huius
941 3032 999 3091 looi
1024 3033 1137 3110 aperire
1159 3039 1275 3106 penetra

342 3133 416 3194 quae
438 3114 550 3195 quidem
573 3133 630 3175 non
650 3115 746 3193 aliquo
767 3117 897 3176 tradente
919 3117 971 3176 sed
993 3118 1188 3194 experimento
1210 3131 1275 3172 meo

299 3212 333 3268 26
341 3209 439 3260 natura
454 3201 516 3277 ipsa
532 3199 604 3260 duee
620 3202 731 3278 aooepi.
765 3201 876 3260 Summa
892 3202 977 3274 enirn,
993 3208 1126 3276 quantum
1142 3214 1199 3272 ego
1216 3199 1275 3272 quia

342 3285 452 3359 sentio,
475 3284 552 3343 eirea
573 3284 731 3343 movendos
753 3283 873 3343 allectus
889 3285 917 3342 in
932 3284 988 3342 hoo
1003 3285 1097 3361 posita
1113 3289 1174 3353 est,
1196 3288 1231 3338 ut
1253 3299 1275 3337 rn

340 3382 484 3437 ueamur
504 3367 585 3444 ipsi.
622 3367 692 3427 Nam
713 3376 741 3425 et
762 3366 855 3425 luens
877 3376 906 3425 et
921 3368 980 3425 irae
1003 3375 1032 3425 et
1055 3364 1258 3440 indignationis

341 3450 453 3527 quando
484 3452 567 3510 etiam
588 3450 707 3510 ridionla
729 3450 815 3509 luerit
841 3451 974 3524 imitatio,
1000 3451 1025 3508 si
1050 3448 1139 3507 verba
1164 3446 1271 3505 vultum

340 3539 447 3592 tanturn
462 3549 519 3591 non
536 3536 620 3595 etiam
635 3536 755 3593 animum
767 3534 1049 3593 accommodarimus.
1078 3530 1151 3604 Quid
1166 3533 1241 3588 enim
1252 3529 1275 3587 al

340 3625 386 3674 est
404 3633 526 3691 causae,
548 3626 578 3675 ut
593 3617 724 3693 lugentes
742 3618 839 3693 utique
854 3619 882 3677 in
897 3619 1006 3677 recenti
1022 3617 1124 3677 dolore
1140 3614 1274 3672 disertiss‘

302 3701 479 3896 Q
501 3700 663 3760 exclamare
683 3700 846 3778 videantur,
873 3711 902 3761 et
923 3702 965 3761 ira
987 3716 1186 3778 nonnunquam
1206 3696 1272 3756 indo
