3184 4409
303 457 343 518 96
615 465 976 526 mnemonidarum
1026 466 1028 469 ·

303 622 478 684 occurritur:
506 618 554 681 An
580 621 653 682 mibi
680 620 837 681 cantando
857 621 957 681 nictus
974 639 1038 681 non
1059 621 1212 683 redderet
1231 623 1299 685 ittet

262 719 295 772 14
304 707 354 765 oui
372 715 416 764 est
431 706 550 764 oonlrnis
568 705 774 777 dissimulatio,
797 721 855 763 non
875 703 944 762 alibi
972 721 1055 781 mam
1077 706 1107 763 in
1127 707 1191 765 risu
1208 711 1297 785 positu

301 791 426 867 ideoque
442 798 562 848 tractata
576 806 628 848 suo
641 788 719 848 loco.
749 787 823 846 Nam
838 789 915 846 serio
927 789 952 846 si
963 789 1022 862 liat,
1041 805 1095 865 pro
1112 789 1297 863 confessique

302 884 355 933 est.
401 871 537 932 Ceterum
558 882 588 932 et
611 872 806 949 interrogandi
833 890 873 930 se
903 873 1021 949 ipsum
1047 881 1076 930 et
1101 875 1298 952 respondendi

301 957 372 1017 sibi
388 957 483 1016 solent
499 958 565 1015 'esse
583 973 640 1014 non
659 958 788 1033 ingratae
804 957 902 1015 vices:
923 965 953 1014 ut
975 953 1079 1015 Cicero
1098 974 1155 1034 pro
1172 957 1295 1034 Ligario,

299 1039 392 1119 Apud
407 1058 495 1118 quem
514 1043 608 1119 iqitur
624 1041 679 1101 boc
695 1042 787 1100 dico?
818 1038 934 1116 Nempe
948 1039 1035 1117 apud
1050 1059 1136 1116 eum,
1153 1045 1220 1119 qui,
1236 1061 1297 1104 cun

300 1127 356 1186 boc
372 1128 475 1200 sciret,
498 1133 598 1185 tamen
613 1144 669 1197 me,
685 1133 849 1202 antequam
864 1124 956 1196 cidit,
974 1125 1179 1202 reipublicae
1194 1127 1296 1187 reddi·

260 1211 351 1272 ladit.
390 1209 485 1267 Aliter
505 1226 558 1285 pro
582 1205 682 1267 Caelio
706 1209 770 1266 lrcta
791 1209 1035 1284 interrogatione:
1064 1206 1157 1269 Dicet
1177 1212 1296 1289 aliquis,

300 1292 386 1354 Haec
396 1295 490 1371 igitur
501 1302 546 1352 cst
558 1301 611 1352 tua
621 1293 806 1370 disciplina?
820 1293 867 1352 sic
879 1300 911 1351 tu
922 1293 1054 1351 instituis
1066 1292 1298 1356 adolescentes?

301 1386 330 1436 et
345 1385 422 1435 totus
438 1376 531 1435 locus.
565 1375 694 1434 Deinde:
715 1373 795 1454 llqa,
812 1377 940 1453 siquis,
956 1376 1091 1452 iudices,
1114 1376 1174 1438 boc
1191 1379 1298 1440 robore

300 1463 394 1522 animi
409 1469 500 1537 atque
515 1460 575 1520 bac
589 1461 689 1520 indole
705 1461 828 1521 virtutis
843 1479 883 1520 ac
898 1461 1101 1520 continentiae
1114 1460 1185 1538 fuit,
1205 1471 1237 1522 et
1254 1479 1296 1521 ce·

300 1553 372 1604 tera.
403 1540 455 1603 Cui
471 1544 614 1603 diversum
631 1552 684 1618 est,
702 1562 765 1603 cum
783 1543 870 1603 alium
885 1545 1047 1619 rogaveris,
1064 1560 1122 1625 non
1137 1556 1297 1624 expectare

300 1645 471 1705 responsum
487 1636 515 1686 et
531 1624 624 1686 statim
641 1628 802 1686 subiicere:
835 1625 951 1688 Domus
971 1629 1025 1689 tibi
1041 1629 1173 1689 deerat?
1194 1639 1231 1691 at
1243 1630 1297 1690 bo·

300 1713 414 1779 bedam
429 1713 564 1789 pecunia
579 1713 768 1788 superabat?
789 1719 824 1772 at
837 1712 961 1789 eqebas.
996 1711 1080 1785 Quod
1098 1711 1220 1772 schema
1240 1714 1296 1791 qui·

259 1796 363 1857 ledam
386 1814 440 1873 per
466 1797 747 1872 suggestionem
773 1803 889 1854 vocant.
933 1793 980 1854 Fit
1007 1803 1036 1854 et
1062 1799 1295 1872 comparatione:

303 1878 375 1940 Uter
394 1881 487 1957 igitur
516 1880 642 1957 facilins
668 1899 745 1940 suae
769 1880 938 1940 sententiae
959 1881 1107 1940 rationem
1126 1881 1296 1943 redderet?

299 1962 336 2023 Et
359 1964 422 2022 aliis
438 1964 529 2022 modis
547 1973 604 2022 tum
621 1962 736 2022 brevius
753 1972 812 2022 tum
827 1962 923 2039 latius,
939 1972 998 2022 tum
1012 1963 1048 2022 de
1064 1980 1119 2022 uua
1137 1982 1173 2024 re
1189 1973 1250 2024 tum
1263 1964 1295 2024 dc

321 2048 438 2107 lusibus.

300 2065 318 2125 p
381 2130 452 2191 lllire
471 2148 542 2190 vero
564 2132 591 2189 iu
612 2130 706 2190 causis
727 2130 806 2189 valet
828 2128 1100 2208 praesumptio,
1124 2148 1201 2208 qaae
1226 2125 1295 2211 upi-

298 2219 387 2292 ληψις
408 2217 528 2290 dicitur,
551 2233 615 2273 cum
630 2215 674 2289 id,
704 2215 781 2292 quod
800 2214 886 2274 obiici
908 2223 1020 2292 potest,
1044 2231 1235 2293 occupamus.
1267 2213 1294 2275 ld

298 2318 393 2378 neque
415 2302 442 2358 in
471 2300 533 2358 aliis
559 2299 686 2376 partibus
717 2317 812 2357 rarum
839 2307 884 2357 est
910 2308 938 2358 et
959 2300 1117 2376 praecipue
1142 2300 1293 2376 prooemio
1358 2375 1359 2379 Ἰ

257 2386 439 2442 liconveuit.
470 2383 528 2442 Sed
551 2401 710 2460 quanquam
731 2384 848 2458 generis
868 2385 950 2442 unius
971 2383 1100 2442 diversas
1117 2392 1215 2442 tamen
1231 2401 1294 2463 spe·

299 2469 359 2527 cies
383 2467 478 2525 habet.
515 2466 567 2524 Est
590 2470 663 2525 enim
685 2466 824 2542 quaedam
845 2467 1112 2544 praemunitio,
1132 2467 1229 2545 qualis
1252 2465 1296 2527 ct·

299 2553 413 2609 ceronis
430 2560 528 2609 contra
554 2549 589 2623 Q.
608 2549 783 2625 Caecilium,
812 2551 889 2629 quod
912 2552 947 2610 ad
963 2551 1155 2610 accusandum
1173 2550 1295 2611 descen·

298 2634 361 2709 dat,
385 2636 432 2710 qui
456 2653 572 2710 semper
595 2635 769 2701 defenderim
794 2634 936 2713 quaedam
956 2634 1169 2709 confessio,
1190 2643 1222 2693 ut
1244 2651 1295 2713 pro

297 2717 414 2776 Rabirio
433 2717 584 2791 Postumo,
609 2737 693 2796 quem
715 2737 766 2777 sua
789 2735 906 2796 quoque
923 2720 1065 2777 sententia
1079 2718 1296 2796 reprehenden-

298 2802 363 2860 dum
375 2802 490 2874 latetur,
512 2802 588 2878 quod
601 2804 750 2879 pecuniam
761 2805 825 2878 regi
842 2802 1010 2870 crediderim
1027 2803 1167 2880 quaedam
1185 2821 1296 2880 prae·

297 2885 429 2945 dictio:
462 2893 492 2944 ut
516 2884 627 2945 Dicam
661 2889 739 2946 enim
770 2907 829 2948 non
854 2888 988 2965 augendi
1012 2888 1149 2947 criminis
1171 2888 1297 2964 prauus

298 2970 438 3048 quaedam
455 2969 679 3028 emendatio:
696 2979 727 3029 ut
741 2970 834 3050 ltaqo,
850 2972 1016 3047 ignoscatis
1029 2971 1101 3031 milei
1110 3015 1120 3047 ,
1134 2973 1163 3030 si
1176 2971 1297 3050 tanqias

296 3074 363 3115 sum
383 3063 523 3122 enectum·
543 3054 774 3130 frequentissima
797 3056 1054 3131 praeparatio,
1079 3072 1142 3113 cum
1164 3054 1297 3132 pluribus

296 3139 410 3212 verbis,
432 3139 480 3197 vel
503 3156 591 3215 quare
614 3138 717 3196 facturi
739 3139 807 3215 quid
828 3139 915 3196 simus
939 3138 987 3197 rel
1012 3156 1101 3216 quare
1125 3137 1295 3213 fecerimus,

255 3228 289 3282 18
298 3221 352 3279 dici
369 3223 453 3281 solet.
495 3221 657 3281 Verborum
679 3240 794 3300 quoque
817 3223 861 3280 vis
878 3239 914 3281 ac
929 3225 1092 3300 proprietas
1111 3221 1297 3282 confirmatur

296 3305 344 3362 vel
360 3310 608 3384 praesumptione:
635 3304 817 3383 Quanquam
831 3307 886 3367 itta
899 3326 959 3368 nan
974 3325 1076 3384 poena
1086 3307 1143 3366 sed
1154 3307 1296 3384 probibi-

296 3389 337 3448 tio
352 3391 478 3449 sceleris
492 3392 569 3468 fau,-
585 3399 632 3449 aut
647 3390 896 3466 reprehensione:
921 3388 1027 3467 Cinea,
1043 3391 1140 3466 ciacc,
1156 3392 1294 3470 inquam,

284 3472 325 3530 'si
340 3471 396 3533 boc
412 3493 462 3533 eas
475 3476 592 3534 nomine
608 3476 761 3552 cppettan
771 3475 824 3551 fus
841 3483 895 3535 est.

257 3563 289 3617 19
382 3555 475 3614 Allert
492 3557 614 3633 aliquam
631 3558 714 3616 tidem
735 3558 866 3616 veritatis
889 3567 918 3616 et
938 3557 1142 3634 dubitatio,
1166 3576 1232 3618 oum
1257 3556 1295 3618 sl·

296 3638 434 3697 molamus
452 3657 593 3715 quaerere
615 3659 684 3716 nos,
706 3642 781 3700 unde
799 3642 1007 3719 incipiendum,
1030 3642 1079 3701 ubi
1094 3642 1295 3718 desinendum,

298 3720 367 3801 quid
379 3725 557 3803 potissimum
573 3725 732 3801 dicendum,
749 3743 785 3785 an
801 3727 915 3785 omnino
936 3726 1088 3787 dicendum
1103 3723 1162 3786 sit?
1194 3724 1296 3787 Cuius·
