3184 4409
253 516 256 523 ·
322 491 367 540 Μ.
382 489 461 537 FAB.
479 486 697 550 QUINTILIANI
715 487 804 537 lusu.
819 487 968 538 ORATOR.
983 488 1200 538 PROOEMIUM.
1244 474 1263 538 3

280 645 321 720 qui
339 654 429 705 artem
447 643 547 703 orandi
567 643 672 702 litteris
692 643 884 718 tradiderunt,
903 645 943 704 ita
965 654 1029 703 sunt
1047 645 1160 718 exorsi,
1182 642 1264 722 quasi

283 724 408 803 perfectis
425 731 500 787 omni
515 728 572 786 alio
589 745 699 803 genere
719 728 868 787 doctrinae
889 747 1024 787 summam
1043 730 1109 788 inde
1124 730 1263 807 eloquen-

286 811 330 870 tiae
345 832 454 872 manum
473 814 668 888 imponereut;
693 815 755 871 sive
776 820 993 872 contemnentes
1010 822 1143 891 tanquam
1163 830 1262 890 parva,

289 909 346 970 quae
360 900 437 975 prius
454 896 599 968 discimus,
616 895 725 963 studia;
744 899 806 955 sive
821 913 877 954 non
893 897 929 955 ad
942 915 1023 955 suum
1038 900 1184 975 pertinere
1200 897 1263 955 offi-

291 979 347 1039 cium
360 982 475 1059 opinati,
495 979 608 1057 quando
623 978 731 1038 divisae
747 980 959 1058 professionum
973 983 1054 1038 vices
1069 991 1181 1044 essent:
1199 999 1262 1055 seu,

278 1064 350 1136 ‘quod
363 1068 522 1142 proximum
537 1080 627 1138 vero,
643 1064 748 1123 nullam
762 1066 869 1140 ingenii
883 1074 1035 1142 sperantes
1051 1067 1171 1140 gratiam
1186 1067 1264 1124 circa

292 1160 327 1202 res
339 1150 442 1208 etiamsi
460 1149 640 1206 necessarias
653 1148 756 1226 procul
770 1144 864 1207 tamen
880 1150 915 1208 ab
932 1151 1123 1207 ostentatione
1138 1151 1262 1225 positas;

292 1235 314 1285 ut
325 1247 433 1308 operum
450 1232 564 1307 fastigia
579 1240 761 1309 spectantur,
778 1231 868 1292 ldtent
886 1233 1075 1292 fundamenta.
1108 1231 1184 1308 Ego,
1201 1245 1291 1298 cums

294 1314 428 1376 existimem
450 1316 520 1374 nihil
543 1317 596 1374 arti
623 1317 767 1374 oratoriae
791 1316 929 1393 alienum,
958 1319 1020 1376 sine
1044 1333 1100 1394 quo
1122 1317 1185 1374 fieri
1205 1333 1264 1375 non

293 1409 361 1469 posse
375 1409 520 1459 oratorem
536 1400 680 1459 fatendum
695 1409 756 1475 est,
778 1418 834 1458 nec
849 1401 884 1460 ad
898 1401 984 1461 ullius
1001 1403 1043 1459 rei
1060 1418 1194 1459 summam
1208 1401 1263 1458 nisi

293 1484 509 1552 praecedentibus
528 1485 615 1542 initiis
632 1485 791 1561 perveniri:
814 1484 849 1544 ad
864 1487 972 1544 minora
992 1485 1041 1544 illa
1057 1485 1125 1558 sed,
1149 1485 1263 1562 quaesi

294 1565 416 1645 negligas,
441 1586 498 1627 uon
521 1570 557 1627 sit
576 1568 731 1627 maioribus
751 1568 850 1644 locus,
872 1569 1022 1628 demittere
1040 1587 1085 1626 me
1103 1585 1159 1626 non
1179 1586 1262 1627 recu·

293 1645 358 1718 satu
384 1670 438 1711 uec
459 1653 558 1726 aliter,
588 1670 670 1730 quam
691 1655 716 1711 si
736 1652 803 1712 mihi
820 1653 947 1712 tradatur
967 1653 1129 1712 educandus
1152 1662 1260 1727 orator,

246 1739 248 1747 '
293 1734 362 1794 studia
376 1738 436 1795 eius
454 1736 579 1795 formare
595 1735 630 1794 ab
646 1736 762 1795 infantia
779 1737 921 1815 incipiam.
959 1737 1043 1811 Quod
1062 1754 1150 1815 opus,
1170 1736 1291 1801 Mar-6

246 1817 251 1883 P
293 1816 370 1879 celte
396 1820 558 1895 Victori,
590 1820 641 1878 tibi
668 1821 812 1896 dicamus,
843 1839 943 1899 quem,
974 1840 1037 1880 curn
1063 1822 1262 1881 amicissimum

246 1890 253 1970 ff
291 1898 354 1960 nohis
372 1914 429 1964 tum
445 1906 550 1963 eximio
571 1904 729 1964 litterarum
748 1922 846 1964 amore
862 1906 1049 1982 flagrantem,
1063 1922 1120 1964 non
1142 1914 1263 1983 propter

290 1975 345 2045 haee
357 1990 439 2048 modo
458 1989 634 2066 (quanquam
648 1990 704 2047 siut
722 1993 841 2068 magua)
858 1990 1053 2066 dignissimum
1072 1990 1128 2048 hoc
1148 1998 1263 2047 mutuae

246 2080 250 2126 t
270 2100 273 2109 ·
290 2063 347 2129 inter
360 2091 412 2132 uos
436 2074 561 2132 caritatis
579 2063 702 2149 pigno're
719 2072 924 2139 iudicabamus:
943 2074 995 2131 sed
1011 2073 1088 2150 quod
1105 2072 1262 2131 erudiendo

290 2145 360 2214 Getae
378 2166 445 2233 tuo,
468 2158 548 2216 cuius
570 2158 659 2234 prima
680 2165 760 2215 aetas
776 2157 957 2216 manifestum
972 2159 1027 2215 iam
1041 2158 1147 2232 ingenii
1168 2156 1263 2214 lumen

288 2241 411 2317 ostendit,
434 2258 491 2299 non
513 2241 628 2299 inutiles
652 2240 715 2299 fore
738 2240 804 2298 libri
825 2239 1010 2315 videbantur,
1038 2256 1110 2318 quos
1134 2238 1168 2298 ab
1191 2241 1263 2316 ipsis

287 2315 397 2384 discendi
417 2325 499 2384 velut
519 2323 716 2399 incunabulis,
739 2342 793 2402 per
815 2342 930 2398 omnes,
954 2342 1028 2402 quae
1049 2323 1135 2382 modo
1156 2322 1279 2401 aliquid,
1348 2366 1351 2371 .

285 2411 376 2468 oratori
397 2408 492 2468 futuro
509 2410 675 2484 conferant,
697 2417 774 2467 artes
794 2410 830 2470 ad
850 2426 984 2467 summam
1005 2408 1067 2467 eius
1083 2409 1180 2485 operis
1197 2425 1262 2485 per·

283 2485 376 2551 ducere
395 2492 621 2560 destinabamus;
648 2502 734 2570 atque
755 2510 791 2551 eo
814 2495 922 2570 inagis,
953 2495 1029 2570 quod
1052 2492 1107 2551 duo
1131 2493 1185 2551 iam
1208 2489 1290 2550 subt

281 2578 380 2635 nomine
402 2594 467 2636 meo
491 2577 556 2636 libri
579 2576 746 2636 ferebantur
767 2579 836 2637 artis
858 2578 1022 2636 rhetoricae
1042 2593 1137 2653 neque
1159 2576 1226 2635 editi
1245 2592 1263 2634 a

279 2672 423 2739 maneque
439 2663 467 2720 in
482 2660 540 2720 hoc
555 2663 721 2739 comparati.
753 2659 883 2738 Namque
901 2663 1038 2736 altemm,
1061 2677 1194 2719 sermone
1209 2676 1264 2737 per

277 2737 381 2804 biduum
395 2745 512 2819 habito,
533 2747 634 2822 pueri,
664 2744 765 2822 quihus
781 2745 809 2804 id
826 2745 1042 2823 praestabatur,
1070 2751 1261 2822 exceperant;

246 2846 250 2879 t
276 2826 388 2888 alterum
402 2828 531 2907 pluribus
547 2846 616 2888 sane
631 2828 748 2904 diebus,
765 2837 900 2906 quantum
914 2829 1040 2888 notando
1054 2829 1192 2904 consequi
1209 2843 1261 2904 po·

274 2917 394 2988 tuerant,
411 2915 618 2990 interceptum,
638 2912 705 2971 honi
721 2913 840 2971 iuvenes
858 2913 910 2972 sed
925 2915 1038 2971 nimium
1053 2919 1180 2971 amantes
1194 2911 1261 2986 mei,

273 3001 420 3067 temerario
436 2998 570 3057 editionis
585 2997 696 3056 honore
707 2998 907 3074 vulgaverant.
934 2996 1030 3071 Quare
1046 2998 1073 3054 in
1086 2997 1130 3055 his
1146 3000 1291 3073 quoque8

272 3077 348 3153 libris
372 3089 457 3141 erunt
478 3082 579 3141 eadem
600 3081 713 3158 aliqua,
740 3081 829 3141 multa
851 3090 975 3156 mutata,
998 3081 1119 3158 piurima
1139 3080 1262 3153 adiecta,

272 3167 359 3226 omnia
372 3183 446 3224 vero
462 3167 667 3243 compositiora
683 3173 728 3240 et,
752 3183 836 3242 quarn
845 3182 898 3223 nos
914 3167 1087 3243 poterimus,
1105 3162 1261 3222 elaborata.

351 3247 502 3309 Oratorem
518 3257 613 3308 autem
633 3249 804 3308 instituimus
826 3249 907 3308 iiium
929 3249 1107 3328 perfeetum,
1131 3249 1179 3325 qui
1195 3254 1290 3310 esse9

269 3332 321 3390 nisi
341 3335 385 3392 vir
403 3329 502 3393 'bonus
519 3350 577 3393 non
598 3340 713 3410 potest;
737 3333 864 3411 ideoque
884 3350 942 3393 non
963 3332 1076 3392 dicendi
1095 3331 1180 3390 modo
1203 3333 1263 3390 exi-

268 3416 398 3476 miamin
421 3435 458 3476 eo
481 3417 648 3476 facultatem
668 3417 721 3476 sed
743 3434 843 3477 omnes
863 3418 947 3476 animi
968 3419 1090 3475 virtutes
1111 3417 1262 3492 exigimus.

268 3498 369 3578 Neque
387 3504 462 3561 enim
483 3501 539 3560 hoc
555 3503 766 3576 concesserim,
789 3502 930 3560 rationem
949 3510 1049 3561 rectae
1064 3500 1306 3577 honestaequelo

246 3588 248 3617 ¹
269 3587 343 3645 ritae
369 3585 415 3663 (ut
440 3586 552 3662 quidam
576 3589 762 3664 putaverunt)
785 3585 821 3644 ad
846 3585 1037 3663 philosophos
1063 3583 1265 3660 retegendam

270 3685 329 3728 tum
349 3671 395 3728 vir
413 3669 464 3728 ille
478 3687 550 3728 rere
568 3670 662 3729 civilis
678 3678 707 3728 et
726 3669 904 3747 publieamm
919 3671 1151 3746 privatammque
1167 3684 1264 3725 rerum

271 3748 503 3815 administrationi
525 3753 775 3830 accommodatus,
806 3754 854 3832 qui
877 3770 984 3831 regere
1012 3752 1145 3814 consitiis
1163 3749 1275 3825 mites,

1070 3835 1114 3901 q*
