3184 4409
580 475 998 542 msn.onnn0n.n1n.1v‚5
1229 464 1285 527 187

298 629 435 691 excidere
450 630 580 709 soleant,
601 648 675 709 quae
692 631 890 709 promisimus,
914 640 959 705 et,
982 633 1076 709 siqua
1094 633 1121 690 in
1136 632 1285 710 partiendo

298 717 502 792 praeterimus,
533 732 702 781 occurrere;
725 715 802 792 quod
825 715 940 792 quidem
960 717 1061 773 nemini
1082 717 1209 790 accidet,
1232 720 1285 777 nisi

298 801 346 877 qui
366 798 451 876 plane
466 798 514 857 vel
528 798 608 856 nullo
623 798 710 857 luerit
731 800 847 874 ingenio
868 798 916 857 vel
937 798 972 857 ad
994 799 1132 874 agendum
1150 799 1219 859 nibil
1235 819 1283 860 oo·

296 882 377 958 gitati
392 881 647 960 praemeditatique
664 882 808 941 detulerit.
839 881 958 959 Alioqui
975 900 1050 959 quae
1066 892 1121 941 tam
1134 885 1313 949 manifestat,

297 975 328 1025 et
346 965 441 1025 lucida
461 975 505 1025 est
525 967 598 1025 ratio
621 983 704 1043 quam
725 975 824 1024 rectae
846 962 1026 1044 partitionis?
1062 966 1196 1043 Sequitur
1211 969 1284 1027 enim

296 1059 424 1109 naturam
439 1049 556 1121 ducem,
580 1049 653 1108 adeo
674 1059 805 1126 quoque,
826 1057 856 1107 ut
870 1051 1024 1108 memoriae
1043 1048 1070 1107 id
1085 1052 1233 1109 maximum
1248 1055 1285 1111 sit

297 1132 431 1193 auxilium
446 1136 491 1192 via
506 1133 617 1192 dicendi
632 1150 690 1190 non
705 1133 859 1192 decedere.
891 1131 1075 1210 Quapropter
1086 1151 1123 1190 ne
1138 1133 1205 1192 illos
1224 1137 1283 1211 qui·

298 1218 362 1277 dem
383 1216 582 1295 probaverim,
606 1218 653 1294 qui
673 1218 854 1294 partitionem
871 1226 967 1275 vetant
987 1216 1060 1276 ultra
1077 1225 1135 1274 tres
1152 1220 1282 1294 proposi·

298 1303 391 1361 tiones
409 1301 575 1360 extendere.
606 1299 687 1372 Quae
705 1301 766 1358 sine
780 1299 885 1374 dnbio,
904 1300 929 1358 si
943 1302 1055 1358 nimium
1071 1302 1106 1358 sit
1123 1300 1283 1378 multiplex,

298 1384 389 1460 fugiet
407 1385 571 1443 memoriam
590 1385 691 1443 iudicis
709 1392 737 1442 et
756 1383 879 1442 turbabit
893 1385 1091 1451 intentionem
1113 1383 1170 1442 boe
1191 1394 1284 1443 tamen

298 1484 414 1527 numero
428 1467 509 1526 velut
521 1467 587 1543 lege
602 1484 659 1525 non
674 1476 718 1526 est
732 1467 884 1544 alliganda,
902 1485 963 1526 eum
979 1469 1071 1544 possit
1088 1485 1173 1526 eausa
1186 1467 1283 1545 plures

299 1551 473 1611 desiderare.
510 1550 575 1610 Alia
595 1560 660 1609 sunt
679 1552 786 1627 magis,
815 1560 936 1628 propter
961 1569 1034 1628 quae
1055 1553 1207 1628 partitione
1228 1559 1313 1611 nont

299 1653 412 1714 semper
427 1636 463 1694 sit
478 1635 623 1694 utendum:
644 1637 772 1713 primum,
792 1636 857 1712 quia
872 1635 1012 1712 pleraque
1028 1636 1154 1711 gratiora
1165 1644 1243 1710 sunt,
1259 1637 1284 1694 si

299 1721 412 1779 inventa
438 1717 532 1777 subito
558 1737 613 1777 nee
633 1718 717 1777 domo
739 1716 824 1778 allata
844 1718 899 1777 sed
916 1720 989 1777 iuter
1015 1719 1165 1778 dicendum
1190 1738 1227 1778 ex
1251 1738 1283 1778 re

299 1805 361 1880 ipsa
378 1811 442 1862 nata
456 1803 614 1876 videantur,
631 1802 704 1860 unde
720 1801 770 1861 illa
784 1818 842 1860 nou
853 1802 1001 1861 iniucunda
1013 1802 1168 1877 schemata,
1184 1802 1285 1863 Pocae

299 1887 412 1947 eccidit
431 1886 516 1960 mibi,
539 1894 567 1944 et
589 1884 802 1961 laceratam,
830 1895 859 1944 et
879 1885 973 1946 lieete
992 1887 1145 1946 admones.
1175 1886 1283 1964 Propo·
1328 1894 1330 1898 ’

300 1972 360 2029 sitis
383 1971 457 2028 enim
479 1969 693 2047 probationibus
715 1971 804 2027 omnis
825 1971 853 2027 in
874 1968 1015 2046 reliquum
1034 1971 1125 2045 gratia
1148 1972 1283 2029 novitatis

299 2055 506 2132 praecerpitur.
533 2052 647 2111 Interim
661 2069 731 2111 vero
749 2054 833 2111 etiam
844 2052 985 2111 fallendus
998 2062 1042 2111 est
1056 2052 1142 2111 iudex
1158 2062 1187 2112 et
1197 2056 1311 2115 variist

299 2138 407 2197 artibus
428 2136 606 2210 subeundus,
628 2145 658 2194 ut
680 2136 754 2195 aliud
776 2137 823 2211 agi
845 2154 927 2213 quam
948 2136 1024 2213 quod
1044 2138 1165 2213 petimus
1191 2145 1282 2213 putet.

298 2221 369 2280 Nam
382 2230 426 2280 est
440 2237 638 2297 nonuunquam
649 2219 718 2279 dura
733 2221 903 2298 propositio,
916 2220 992 2297 quod
1006 2220 1093 2278 index
1109 2221 1132 2277 si
1148 2220 1282 2296 providit,

299 2322 355 2363 non
371 2304 455 2363 aliter
471 2303 683 2383 praeformidat,
700 2320 782 2380 quam
799 2305 846 2380 qui
861 2302 966 2361 ferrum
979 2303 1080 2362 medici
1095 2305 1184 2380 prius,
1201 2321 1284 2380 quam

300 2393 430 2463 curetur,
453 2389 580 2467 aspexit:
605 2395 632 2445 at
649 2388 689 2462 si,
706 2405 738 2445 re
753 2404 810 2445 non
824 2396 888 2445 ante
906 2389 1069 2465 proposita,
1093 2404 1225 2445 securum
1249 2404 1283 2445 ao

298 2471 375 2531 nulla
391 2472 601 2531 denuntiatione
621 2472 649 2529 in
667 2489 699 2529 se
719 2487 889 2529 conversum
907 2473 1016 2530 intrarit
1034 2472 1142 2530 oratio:
1164 2469 1282 2544 efficiet,

298 2555 376 2634 quod
404 2555 577 2634 promittenti
604 2572 660 2613 non
681 2555 857 2614 crederetur.
902 2553 1017 2613 luterim
1038 2554 1207 2630 refugienda
1225 2564 1310 2618 nond

298 2640 385 2698 modo
406 2639 549 2698 distinctio
574 2640 769 2715 quaestionum
792 2647 837 2698 est
859 2639 911 2697 sed
932 2640 1044 2697 omnino
1067 2639 1214 2706 tractatio;
1241 2638 1281 2697 af-

299 2722 423 2782 lectibus
440 2723 592 2782 turbandus
608 2731 636 2782 et
651 2721 686 2781 ab
703 2724 859 2782 intentione
879 2722 1050 2781 auferendus
1069 2721 1189 2780 auditor.
1218 2721 1283 2780 Non

300 2808 374 2866 enim
396 2807 488 2865 solum
510 2807 631 2866 oratoris
652 2815 696 2865 est
716 2806 839 2880 docere,
862 2806 914 2864 sed
934 2805 999 2883 plus
1021 2805 1185 2882 eloquentia
1206 2807 1282 2864 circa

299 2890 469 2949 movendum
483 2890 569 2949 valet.
605 2887 656 2948 Gui
672 2891 714 2948 rei
729 2891 871 2951 contraria
886 2898 931 2948 est
946 2891 1065 2949 maxime
1080 2890 1173 2948 tenuis
1187 2889 1237 2948 illa
1253 2897 1283 2947 et

300 2973 473 3052 scrupulose
493 2975 521 3032 in
541 2982 638 3051 partes
659 2982 738 3032 secta
760 2973 905 3032 divisionis
921 2973 1067 3050 diligentia
1089 2990 1125 3031 eo
1141 2982 1281 3050 tempore,

301 3073 358 3136 quo
376 3060 562 3134 cognoscenti
578 3057 710 3115 iudicium
725 3073 860 3127 conamur
873 3056 997 3116 auferre.
1034 3053 1129 3128 Quid?
1151 3055 1228 3132 quod
1241 3055 1310 3117 ini

299 3143 394 3216 terim,
412 3159 484 3218 qnae
500 3158 599 3218 perse
618 3140 691 3198 levia
706 3149 770 3199 sunt
784 3149 813 3199 et
825 3139 942 3215 infirma,
960 3139 1041 3199 turba
1056 3137 1172 3197 valent?
1199 3138 1282 3198 ldeo·

301 3243 358 3303 que
381 3225 563 3301 congerenda
584 3231 648 3282 sunt
667 3224 761 3302 potius
781 3233 811 3283 et
829 3223 908 3282 velut
925 3224 1074 3301 eruptione
1089 3223 1282 3300 pugnandum

301 3309 378 3386 quod
394 3318 486 3367 tamen
499 3327 593 3369 rarum
607 3324 674 3366 esse
689 3306 775 3367 debet
795 3315 824 3366 et
838 3324 874 3366 ex
889 3309 1060 3366 necessitate
1076 3306 1201 3381 demum,
1220 3324 1282 3365 cum

300 3391 358 3451 boc
373 3393 480 3470 ipsum,
499 3392 574 3470 qnod
589 3390 725 3450 dissimile
745 3392 847 3451 rationi
862 3400 921 3466 est,
938 3391 1068 3465 coegerit
1082 3391 1164 3449 ratio.
1197 3390 1309 3450 Prae-8

302 3485 347 3535 ter
362 3475 435 3535 haec
455 3479 483 3534 in
500 3478 573 3535 omni
589 3476 740 3553 partitione
756 3484 801 3534 est
814 3477 911 3552 utique
926 3474 1031 3550 aliquid
1047 3475 1281 3551 potentissimum,

303 3560 380 3636 quod
396 3560 577 3619 eumaudivit
592 3559 692 3633 iudex,
714 3568 811 3619 uetera
829 3567 961 3634 tauquam
977 3575 1155 3635 supervacua
1169 3557 1283 3634 gravari

302 3643 388 3702 solet.
405 3642 503 3719 ltaque
516 3645 540 3702 si
552 3643 633 3721 plura
645 3642 692 3701 vel
705 3642 865 3702 obiicienda
877 3641 997 3700 suntvel
1008 3641 1155 3701 diluenda:
1166 3651 1195 3700 et
1206 3640 1283 3698 utilis

304 3735 333 3787 et
347 3728 467 3786 iucunda
482 3728 595 3804 partitio
611 3734 667 3803 est,
682 3735 729 3803 ut,
745 3725 822 3806 quod
837 3742 950 3804 quaque
965 3726 1048 3787 dere
1063 3726 1164 3786 dicturi
1176 3739 1282 3800 sumus,
