3184 4409
354 448 413 511 126
665 462 702 509 u.
720 460 799 509 aaa.
816 458 1035 520 oumuruuanr

350 618 454 679 minem
469 616 604 676 didicisse
620 617 784 693 poeniteat,
802 614 945 697 colligere
959 621 1066 673 tantum
1080 611 1181 673 eadem
1195 630 1231 673 ac
1241 610 1342 693 ¹dispo·

351 720 421 761 nere
436 700 524 779 paulo
541 699 746 774 significantius
762 716 862 757 conor.
900 696 1036 757 Omnibus
1052 706 1147 757 autern
1164 697 1343 759 satisfactum

351 786 438 860 volo,
461 801 518 842 non
533 801 578 842 me
592 783 649 842 boc
665 785 759 842 serius
781 782 979 842 demonstrare
995 781 1075 856 aliis,
1098 800 1182 860 quam
1196 782 1265 842 mibi
1279 785 1344 862 ipse

309 870 553 948 dipersuaserim.
602 867 765 927 Secundum
787 867 926 945 plurimos
951 873 1086 925 auctores
1109 866 1261 926 servabam
1283 876 1343 926 tres

351 953 507 1013 rationales
523 959 628 1027 status,
648 953 858 1027 coniecturam,
876 951 1059 1030 qualitatem,
1076 950 1243 1025 linitionem,
1259 969 1344 1010 unum

335 1037 485 1114 ·legalem.
524 1035 559 1094 lli
582 1036 649 1095 mihi
672 1044 763 1094 status
784 1035 940 1112 generales
957 1042 1048 1094 erant.
1083 1033 1222 1111 legalem
1241 1036 1272 1094 in
1291 1035 1343 1094 has

351 1123 476 1200 quinque
493 1121 609 1198 species
627 1119 790 1198 partiebar,
809 1121 908 1197 scripti
925 1128 954 1178 et
969 1118 1141 1194 uoluntatis,
1159 1118 1257 1196 legum
1275 1137 1342 1178 cou-

308 1207 516 1279 onerariarum,
546 1204 748 1279 collectivum,
775 1203 983 1280 ambiguitatis,
1012 1203 1216 1262 translationis.
1261 1202 1345 1262 Nunc

350 1299 480 1368 quartum
507 1306 544 1347 ex
568 1287 754 1365 generalibus
779 1288 912 1364 intelligo
934 1304 1024 1365 posse
1050 1290 1209 1356 renovem
1238 1287 1345 1347 suflicit

351 1375 425 1433 enirn
439 1375 530 1451 prima
544 1373 658 1448 divisio,
675 1390 732 1451 qua
745 1371 865 1431 diximus
881 1372 953 1431 alios
969 1371 1125 1431 rationales
1141 1372 1214 1431 alios
1230 1371 1344 1448 legales

351 1475 434 1524 esse;
457 1457 495 1515 ita
509 1473 566 1514 uon
584 1457 638 1515 erit
660 1465 750 1515 status
767 1456 819 1515 sed
841 1457 1040 1534 quaestionum
1054 1472 1161 1532 genus;
1185 1456 1296 1534 alioqui
1318 1465 1345 1515 et

308 1541 498 1602 68rationalis
520 1549 610 1600 status
627 1549 715 1599 esset.
751 1538 797 1598 Ex
819 1542 854 1598 iis
876 1543 977 1615 etlam,
1000 1557 1074 1618 quos
1095 1539 1241 1618 speciales
1256 1556 1344 1599 voca·

349 1625 430 1700 bam,
447 1627 558 1684 removi
574 1625 803 1691 translationem;
823 1624 993 1704 frequenter
1008 1623 1122 1703 quidem
1138 1625 1229 1702 (sicut
1244 1640 1344 1683 omnes

351 1711 399 1787 qui
421 1726 467 1767 me
489 1710 581 1769 secuti
603 1717 668 1768 sunt
689 1710 852 1767 meminisse
873 1710 1011 1788 possunt)
1036 1716 1157 1768 testatus
1179 1717 1208 1767 et
1230 1709 1259 1767 in
1275 1710 1345 1786 ipsis

351 1793 435 1851 etiam
450 1792 507 1851 illis
525 1792 705 1852 sermonibus
727 1811 773 1851 me
796 1794 913 1852 nolente
929 1793 1056 1868 vulgatis
1075 1792 1131 1851 boc
1151 1801 1245 1851 tamen
1267 1809 1344 1852 conr·

351 1876 472 1954 plexus,
498 1880 547 1936 vix
565 1880 593 1936 in
612 1877 672 1937 ulla
697 1879 896 1937 controversia
916 1877 1111 1936 translationis
1131 1885 1235 1936 statum
1254 1893 1345 1955 posse

350 1962 488 2039 reperiri,
504 1970 606 2020 utnon
622 1970 651 2020 et
666 1961 737 2020 alius
753 1963 782 2020 in
800 1961 900 2020 eadem
915 1969 996 2020 recte
1012 1960 1069 2019 dici
1085 1961 1247 2036 videretur,
1263 1960 1345 2020 ideo·

309 2054 406 2123 iiiique
424 2063 440 2104 a
457 2045 625 2122 quibusdam
642 2063 706 2104 eum
722 2046 881 2104 exclusum.
912 2044 1015 2123 Neque
1030 2046 1134 2120 ignoro
1150 2044 1238 2103 multa
1253 2054 1344 2105 trans-

351 2130 439 2203 ferri,
464 2148 526 2188 cum
542 2132 570 2189 in
586 2129 715 2189 omnibus
737 2130 801 2188 iere
817 2131 928 2204 causis,
951 2132 979 2188 in
1002 2129 1105 2207 quibus
1121 2129 1267 2188 cecidisse
1283 2131 1345 2208 quis

350 2213 472 2272 formula
488 2214 606 2290 dicitur,
629 2214 683 2273 bae
699 2217 754 2273 sint
772 2216 976 2292 quaestiones,
993 2231 1028 2272 an
1043 2212 1126 2288 huic,
1146 2231 1181 2272 an
1196 2231 1261 2272 cum
1277 2213 1344 2287 boc,

351 2316 386 2357 an
401 2297 455 2356 bac
473 2297 555 2374 lege,
579 2317 614 2358 an
632 2298 707 2377 apud
725 2298 817 2373 huuc,
840 2316 875 2357 au
891 2298 949 2358 hoc
969 2307 1103 2376 tempore
1124 2297 1211 2357 liceat
1231 2294 1344 2375 agere?

306 2389 380 2444 toet
395 2383 419 2439 si
437 2400 492 2458 qua
509 2392 572 2441 suut
588 2382 665 2441 talia.
701 2383 759 2443 Sed
775 2400 938 2461 personae,
954 2391 1102 2461 tempora,
1117 2384 1249 2441 actiones
1267 2391 1344 2442 cete·

350 2483 440 2542 raque
456 2475 577 2542 propter
598 2465 721 2543 aliquam
743 2483 859 2526 causam
880 2466 1102 2533 transferuntur3
1124 2468 1164 2525 ita
1183 2483 1242 2526 uon
1256 2467 1346 2527 estin

350 2549 537 2608 translatione
553 2552 684 2628 quaestio
702 2550 754 2609 sed
770 2552 798 2609 in
814 2567 866 2627 eo,
889 2560 1010 2629 propter
1026 2550 1103 2629 quod
1118 2551 1344 2610 transferuntur:

350 2629 418 2692 Non
444 2633 538 2694 deber
562 2634 650 2712 epact
672 2642 849 2712 praetorem
873 2644 977 2711 petere
1001 2635 1269 2713 fideicommissum
1288 2635 1347 2696 ced

349 2717 436 2794 opud
457 2719 611 2793 concrrlea,
638 2720 738 2779 maior
758 2721 838 2780 enim
855 2722 1017 2798 praetorio
1039 2721 1207 2797 cognitione
1226 2736 1346 2785 mnino

349 2809 403 2861 est.
441 2799 609 2877 Quaeritur,
637 2820 679 2863 an
701 2804 800 2863 maior
819 2823 937 2864 summu
964 2806 1024 2864 ait?
1052 2804 1120 2862 iacti
1144 2805 1347 2862 controversia

307 2894 403 2949 inest.
440 2883 507 2945 Non
528 2888 597 2947 licet
613 2887 667 2946 tibi
686 2906 780 2964 opere
796 2907 929 2965 mecam,
950 2889 1084 2968 cognitor
1101 2889 1181 2948 entim
1197 2887 1269 2965 fieri
1286 2906 1347 2949 non

347 2971 488 3047 potuisti:
510 2971 665 3047 iudicatio,
687 2989 728 3030 on
741 2974 901 3050 potuerit?
929 2970 997 3034 Non
1011 2972 1143 3033 debuisti
1157 2973 1347 3034 interdicere

348 3054 406 3114 sed
424 3063 544 3132 petere:
572 3074 613 3116 an
643 3064 727 3115 recte
754 3058 950 3118 interdictum
978 3059 1033 3133 eit,
1062 3055 1223 3132 ambigitur.
1263 3055 1346 3130 Quae

309 3141 447 3198 asennaa
462 3140 621 3199 succedunt
637 3139 773 3215 legitimis
792 3141 1019 3219 quaestionibus.
1057 3140 1104 3199 An
1120 3157 1178 3199 non
1200 3141 1345 3218 praescri·

350 3224 464 3299 ptiones
479 3224 580 3301 (etiam
595 3223 740 3301 inquibus
755 3229 876 3284 maxime
888 3226 1001 3285 videtur
1011 3224 1162 3288 manifesta
1176 3224 1345 3302 translatio)

351 3306 466 3365 easdem
483 3325 583 3367 omues
600 3309 716 3387 species
732 3309 856 3384 babent,
879 3327 950 3387 quas
971 3328 1024 3368 eae
1043 3309 1143 3385 leges,
1164 3308 1270 3386 quibus
1286 3309 1344 3385 agi·

350 3399 410 3464 tur,
434 3400 465 3450 ut
481 3402 528 3450 aut
544 3393 580 3452 de
596 3393 709 3452 nomine
726 3402 774 3451 aut
791 3396 900 3471 scripto
924 3403 952 3452 et
967 3395 1109 3452 sententia
1124 3392 1173 3452 vel
1189 3395 1344 3453 ratiocina-

350 3476 428 3532 tione
447 3474 621 3552 quaeratur?
654 3477 767 3536 Deinde
782 3486 872 3536 status
891 3496 928 3536 cx
943 3480 1114 3555 quaestione
1130 3479 1235 3544 oritur;
1253 3487 1343 3538 trana-

350 3557 419 3617 latio
441 3561 606 3620 nonhabet
628 3563 842 3639 quaestionem,
868 3561 904 3621 de
926 3580 982 3639 qua
1004 3560 1150 3622 contendit
1171 3557 1344 3622 oratorsed

307 3648 341 3703 ua
351 3653 471 3721 propter
487 3663 570 3722 quam
586 3647 741 3705 contendit.
775 3647 838 3705 Hoc
854 3648 996 3725 apertius,
1021 3645 1170 3708 Occidisti
1185 3647 1342 3719 beminen,

348 3725 418 3788 allon
439 3732 558 3797 occidi;
590 3731 738 3807 quaestio,
764 3729 814 3791 An
835 3733 1004 3794 occiderit?
1032 3740 1139 3807 status,
1158 3733 1342 3791 coniectura.
