3184 4409
346 479 386 540 36
584 477 590 491 ‘
657 487 783 536 mrum
797 485 1018 546 comburam

344 646 521 707 reformidat.
540 645 616 704 Sunt
630 645 677 721 qui
689 644 746 702 nim
761 643 857 720 potius
872 643 962 700 intuiti
978 644 1205 723 oripiaatiouem
1219 650 1339 704 vocent.

302 732 425 796 ao'lraec
439 730 526 789 babet
542 727 693 805 aliquando
710 745 791 785 usum
812 728 1022 803 necessarium,
1047 728 1180 805 quotiens
1194 729 1340 806 interpre

346 819 452 875 tatione
467 833 533 889 res,
556 813 591 872 de
608 830 663 890 qua
680 811 842 888 quaeritur,
865 819 947 886 eget:
968 819 1000 869 ut
1020 811 1058 871 Μ.
1076 810 1191 870 Caelius
1215 831 1248 870 se
1272 828 1340 870 esse

345 900 487 959 bominem
504 899 589 976 frupi
608 896 669 955 vult
694 894 835 974 probare,
859 911 915 953 non
938 897 1004 972 quia
1026 895 1171 954 abstinens
1194 897 1232 955 sit
1259 895 1338 972 (nam

345 984 373 1043 id
394 1002 430 1041 ne
450 983 562 1041 mentiri
585 981 698 1058 quidem
720 981 850 1058 poterat)
873 979 925 1038 sed
947 981 1012 1056 quia
1030 979 1107 1038 utilis
1128 980 1224 1038 multis
1244 979 1273 1038 id
1295 986 1338 1037 est

346 1069 526 1141 fructuosus,
554 1065 628 1124 unde
650 1065 688 1122 sit
710 1064 794 1122 dueta
818 1062 996 1142 [reproditur.
1037 1063 1165 1141 Ideoque
1187 1066 1217 1122 in
1238 1062 1336 1122 delini·

303 1152 468 1211 30tionibus
489 1152 651 1226 assignatur
672 1147 866 1222 etymologiae
888 1148 980 1206 locus.
1019 1146 1227 1225 Nonnunquam
1253 1148 1336 1205 etiam

345 1236 466 1296 barbara
488 1234 523 1294 ab
539 1233 695 1292 emendatis
716 1240 835 1290 conatur
855 1233 1038 1307 discernere,
1060 1240 1091 1290 ut
1106 1249 1185 1306 eum,
1212 1230 1335 1309 Trique-

345 1331 424 1381 trum
444 1320 499 1378 diei
515 1317 640 1378 Siciliam
657 1334 692 1375 an
710 1314 929 1393 Triquedrum,
951 1317 1109 1377 meridiem
1124 1334 1160 1374 an
1175 1317 1335 1377 medidiem

303 1407 335 1460 31
345 1412 490 1483 oporteat,
503 1403 659 1479 quaeritur,
672 1400 785 1477 aliaque
799 1418 872 1477 quae
887 1399 1084 1460 consuetudini
1100 1401 1239 1458 serviunt.
1262 1397 1335 1458 (lon-

345 1492 415 1548 tinet
433 1496 527 1546 autem
546 1488 573 1544 in
592 1503 624 1542 se
639 1483 753 1543 multam
774 1485 979 1560 eruditionem,
999 1487 1062 1546 sive
1080 1503 1116 1543 ex
1135 1483 1255 1550 Graecis
1275 1492 1335 1542 orta

344 1581 515 1645 tractemus,
539 1587 612 1646 quae
630 1577 694 1626 sunt
711 1567 832 1646 plurima
851 1570 1066 1647 praecipueque
1082 1568 1205 1628 Aeolica
1225 1570 1334 1628 ratione

346 1658 408 1734 (cui
429 1647 473 1714 es't
494 1671 589 1712 sermo
611 1660 710 1710 noster
730 1653 904 1731 simillimus)
927 1653 1086 1730 declinata,
1108 1655 1170 1712 sive
1189 1671 1227 1711 ex
1246 1651 1334 1711 bisto-

261 1753 266 1769 ‘
344 1742 448 1800 riarum
465 1747 594 1796 veterum
610 1737 710 1795 notitia
728 1738 840 1797 nomina
858 1737 1015 1813 bominum,
1035 1737 1180 1812 locorum,
1198 1737 1334 1813 gentium,

345 1823 456 1882 urbium
472 1823 666 1900 requiramus,
690 1821 765 1879 uude
783 1819 889 1896 Bruti,
912 1821 1103 1898 Publicolae,
1123 1819 1266 1900 Pythici?
1289 1836 1336 1878 our

346 1907 480 1982 Latium,
502 1905 611 1980 ltalia,
634 1902 858 1966 Beneventum?
886 1923 960 1982 quae
981 1903 1209 1983 Capitolium'et
1232 1903 1336 1963 collem

348 1991 536 2065 Quirinalem
559 1998 587 2048 et
608 1985 775 2066 Argiletum
797 1989 961 2067 appellandi
979 1987 1073 2049 ratio?

303 2085 338 2137 32
428 2074 487 2133 lam
513 2072 562 2133 illa
583 2075 707 2147 minora,
734 2074 761 2131 iu
790 2073 891 2149 quibus
918 2076 1040 2132 maxime
1063 2073 1183 2133 studiosi
1211 2075 1274 2132 eius
1295 2072 1336 2130 rei

285 2209 286 2212 ,
345 2161 514 2237 fatigantur,
543 2176 616 2236 quae
638 2157 785 2235 paululum
808 2157 950 2217 declinata
977 2160 1056 2217 varie
1082 2167 1111 2217 et
1140 2156 1337 2234 multipliciter

346 2245 381 2306 ad
402 2246 551 2303 veritatem
573 2243 712 2301 reducunt
733 2251 781 2300 aut
803 2244 946 2320 correptis
969 2251 1016 2300 aut
1039 2244 1198 2320 porrectis,
1222 2249 1270 2300 aut
1290 2239 1336 2298 ad·

345 2331 429 2389 lectis
448 2337 495 2387 aut
517 2327 669 2400 detractis,
692 2334 739 2385 aut
761 2328 929 2402 permutatis
952 2326 1053 2384 litteris
1072 2326 1239 2400 syllabisve.
1270 2322 1336 2383 lude

346 2415 442 2491 pravis
463 2410 646 2490 ingeniisad
669 2410 835 2468 foedissima
857 2426 950 2486 usque
973 2409 1094 2469 ludibria
1118 2409 1261 2469 labuntur.
1296 2409 1338 2467 Sit

347 2498 422 2554 enim
444 2493 556 2554 Consul
581 2511 597 2552 a
619 2492 797 2551 consulendo
824 2493 874 2552 vel
899 2511 915 2551 a
942 2493 1107 2562 iudicando;
1135 2511 1199 2552 nam
1226 2502 1256 2553 et
1282 2493 1338 2552 boc

348 2580 505 2640 consulere
525 2584 642 2634 veteres
664 2585 857 2651 vocaverunt,
886 2577 961 2636 unde
989 2578 1089 2651 adbuc¹
1104 2587 1233 2637 remanet
1256 2576 1337 2651 illud,

305 2673 339 2726 33
347 2671 436 2740 rapat
453 2661 523 2722 boni
540 2661 681 2721 consutas
696 2660 724 2718 id
745 2669 790 2719 est
811 2660 916 2720 bonum
938 2662 1057 2720 iudices.
1090 2660 1218 2722 Senatui
1234 2677 1339 2720 nomen

348 2747 458 2807 dederit
477 2753 573 2818 aetas,
594 2761 657 2801 nam
673 2744 757 2803 iidem
769 2742 879 2807 Patres
896 2753 975 2820 sunt,
999 2755 1028 2803 et
1045 2765 1103 2806 ree
1118 2757 1220 2807 rector
1237 2755 1267 2804 et
1284 2744 1339 2803 alia

347 2831 467 2908 plurima
486 2827 654 2893 indubitata
678 2845 732 2886 nee
743 2827 897 2888 abnuerim
914 2833 1033 2907 tepulae
1052 2832 1235 2908 repuleeque
1254 2838 1284 2888 et
1300 2829 1339 2887 si·

346 2915 452 2973 milium
473 2913 516 2971 bis
539 2913 687 2970 rationem.
720 2911 779 2970 lam
800 2914 836 2972 sit
855 2922 883 2972 et
901 2916 1012 2973 elassis
1031 2932 1047 2971 a
1066 2914 1186 2973 calando
1205 2922 1234 2973 et
1251 2915 1340 2992 tepus

305 3000 459 3076 biieoipes
480 3006 509 3056 et
530 2997 776 3075 culpesoolipes:
800 2999 921 3055 etiamne
944 3015 960 3056 a
983 3001 1133 3057 contrariis
1151 2999 1246 3075 aliqua
1263 2999 1340 3056 sine·

346 3101 407 3141 mus
428 3081 517 3152 trabi,
541 3088 571 3138 ut
592 3080 695 3154 lucos,
719 3083 784 3158 quia
806 3081 904 3140 umbra
925 3098 1033 3159 opacus
1054 3100 1153 3159 parum
1171 3084 1287 3147 luccat:
1311 3088 1341 3140 et

347 3167 453 3241 lodus,
482 3167 546 3243 quia
570 3165 606 3222 sit
628 3163 795 3240 longissime
819 3182 834 3224 a
853 3168 941 3233 tom·
970 3175 999 3224 et
1017 3164 1114 3241 Ditis,
1140 3168 1206 3243 quia
1225 3163 1341 3224 minime

349 3251 455 3310 diues?
487 3252 607 3308 etiamne
635 3248 781 3310 bominem
806 3250 962 3327 appellari,
991 3252 1056 3326 quia
1081 3252 1118 3309 sit
1145 3253 1232 3310 trumo
1257 3258 1341 3309 natus

350 3333 446 3411 (quasi
467 3351 538 3391 vero
559 3350 615 3390 non
637 3332 766 3391 omnibus
788 3334 955 3393 animalibus
978 3335 1077 3393 eadem
1099 3336 1199 3410 origo,
1228 3343 1277 3392 aut
1297 3333 1341 3392 illi

349 3419 430 3494 primi
452 3416 589 3476 mortales
612 3426 676 3475 ante
698 3434 800 3475 nomen
823 3419 1009 3495 imposuerint
1032 3427 1127 3476 terrae
1150 3436 1233 3495 quam
1257 3418 1340 3497 sibi),

305 3511 375 3564 35et
396 3503 490 3563 cerba
511 3501 545 3560 ab
567 3507 635 3560 aere
655 3502 839 3562 uerberato?
866 3501 1036 3577 Pergamus:
1067 3503 1109 3561 sic
1136 3504 1340 3581 perveniemus

349 3603 494 3663 eousque,
522 3593 552 3643 ut
577 3586 663 3644 stello
685 3585 795 3643 luminis
818 3587 899 3645 stillo
923 3586 1070 3659 credatur,
1095 3588 1175 3645 cuius
1198 3585 1339 3661 etymolo-

347 3674 413 3747 giae
434 3679 580 3736 auetorem
602 3668 708 3727 clarum
730 3685 799 3727 sane
821 3672 849 3727 in
868 3670 970 3728 litteris
987 3672 1124 3729 nominari
1141 3672 1170 3728 in
1189 3687 1224 3729 ea
1245 3679 1339 3748 parte,

304 3763 403 3832 36o1m
426 3773 505 3814 anre
529 3752 758 3833 reprehenditur,
788 3753 966 3813 inhumanum
989 3763 1043 3812 est.
1092 3753 1147 3828 Qui
1173 3772 1245 3813 uero
1273 3754 1339 3815 talia
