3184 4409
344 489 401 551 106
653 499 1015 560 murcomannum

338 659 440 718 studiis
456 675 539 736 quarn
555 657 677 717 dulcior.
717 654 792 728 Quin
808 658 893 715 etiam
908 654 965 714 hoc
980 655 1086 730 timeo,
1111 673 1148 714 ne
1170 675 1208 715 ex
1227 675 1264 717 eo
1282 661 1330 719 mi·

338 760 437 801 norem
454 745 574 817 gratiam
588 745 675 813 ineat,
694 740 770 818 quod
786 741 927 817 pleraque
941 756 999 797 non
1016 741 1130 798 inventa
1146 759 1199 818 per
1215 760 1262 801 me
1280 743 1329 802 sed

338 826 373 886 ab
392 826 454 885 aliis
470 827 572 885 tradita
588 823 761 890 continebit;
778 823 884 882 habeat
899 824 984 882 etiam
999 824 1148 900 quosdam,
1165 827 1213 902 qui
1231 837 1330 886 contra

338 913 460 969 sentiant
484 918 513 968 et
534 910 740 986 adversentur,
765 915 924 985 propterea
945 906 1022 985 quod
1045 906 1159 984 plurimi
1183 919 1329 985 auctores,

274 999 279 1033 l
338 993 586 1072 quamviseodem
610 992 776 1066 tenderent,
804 992 933 1050 diversas
955 999 1049 1048 tamen
1067 993 1129 1050 vias
1153 995 1331 1052 muniverunt

310 1088 426 1158 fiatque
448 1079 476 1136 in
499 1096 578 1136 suam
601 1078 724 1154 quisque
751 1075 861 1134 induxit
883 1084 1051 1152 sequentes.
1087 1073 1132 1134 Illi
1154 1085 1248 1136 autem
1264 1095 1329 1155 pro·

338 1161 407 1221 bant
435 1161 636 1239 qualecunque
659 1159 784 1235 ingressi
806 1168 871 1218 sunt
889 1160 962 1233 iter,
991 1177 1047 1217 nec
1067 1158 1154 1217 iacile
1172 1161 1330 1220 inculcatas

338 1248 436 1324 pneris
451 1247 656 1323 persuasiones
674 1245 846 1318 mutaveris,
870 1244 935 1320 quia
948 1259 1030 1300 nemo
1048 1260 1105 1301 non
1120 1243 1257 1303 didicisse
1274 1263 1329 1304 rna·

310 1329 398 1392 ivult
413 1347 496 1406 quam
512 1320 636 1388 discere.
671 1325 724 1385 Est
747 1336 857 1400 autem,
877 1335 908 1384 ut
928 1326 1107 1404 procedente
1122 1325 1196 1386 libro
1211 1329 1329 1405 patebit,

338 1413 445 1471 infinita
461 1413 602 1472 dissensio
618 1419 780 1486 auctorum,
804 1412 895 1488 primo
916 1411 951 1470 ad
975 1428 1025 1486 ea,
1049 1429 1123 1487 quae
1144 1412 1223 1471 rudia
1245 1423 1331 1491 atque

338 1496 507 1574 imperfecta
523 1495 615 1554 adhuc
631 1503 731 1571 erant,
757 1493 956 1554 adiicientibus
972 1495 1049 1572 quod
1064 1497 1241 1554 invenissent
1261 1499 1331 1574 scri7

337 1579 484 1659 ptoribns,
500 1596 583 1655 mox,
601 1578 632 1639 ut
647 1577 754 1656 aliquid
769 1579 813 1637 sui
826 1579 991 1638 viderentur
1008 1579 1129 1655 afferre,
1151 1581 1236 1640 ctiam
1251 1590 1331 1640 recta

338 1663 518 1722 mutantibus.

312 1757 329 1811 8
424 1746 496 1806 Nam
510 1748 616 1826 primus
630 1755 697 1824 post
715 1764 777 1820 eos,
795 1762 867 1823 quos
883 1754 990 1823 poetae
1003 1746 1190 1823 tradidemnt,
1203 1749 1331 1806 movisse

339 1831 435 1908 aliqua
457 1833 533 1890 circa
558 1831 722 1890 rhetoricen
742 1828 937 1908 Empedocles
956 1830 1069 1889 dicitur.
1105 1831 1213 1891 Artium
1236 1839 1332 1891 autem

340 1917 498 1993 scriptores
513 1916 699 1992 antiquissimi
719 1912 815 1973 Corax
836 1922 866 1972 et
886 1913 978 1972 Tisias
996 1915 1101 1990 Siculi,
1124 1931 1197 1993 quos
1216 1915 1332 1974 insecu-

340 2008 385 2058 tus
401 2009 446 2058 est
460 2001 504 2057 vir
521 1998 649 2058 eiusdem
669 1998 779 2058 insulae
800 1996 922 2074 Gorgias
941 1997 1111 2075 Leontinus,
1133 1999 1331 2076 Empedoclis,

311 2091 369 2147 aut
384 2084 513 2158 traditur,
530 2083 697 2160 discipulus.
729 2081 756 2141 ls
774 2081 917 2141 beneficio
933 2081 1119 2159 longissimae
1133 2084 1235 2142 aetatis
1252 2082 1332 2160 (nam

287 2238 289 2243 Ι
340 2177 453 2227 centurn
471 2176 499 2226 et
516 2185 618 2226 novem
633 2168 703 2226 vixit
718 2168 823 2245 annos)
839 2184 901 2226 cum
917 2166 1012 2225 multis
1030 2167 1113 2226 simul
1128 2167 1234 2241 lloruit,
1252 2167 1330 2226 ideo-

340 2270 396 2329 que
412 2261 440 2310 et
459 2251 588 2326 illorum,
608 2252 644 2310 de
669 2250 770 2329 quibus
786 2268 872 2329 supra
891 2250 966 2320 dixi,
987 2249 1038 2309 tuit
1059 2250 1186 2310 aemulus
1207 2259 1236 2309 et
1258 2251 1331 2310 ultra

299 2338 478 2398 losocraten
502 2353 592 2413 usque
614 2334 733 2394 duravit.
777 2333 1005 2408 Thrasymachus
1027 2333 1238 2395 Chalcedonius
1269 2351 1332 2394 cum

341 2420 397 2478 hcc
413 2428 441 2477 et
456 2418 595 2479 Prodicus
613 2417 680 2476 Cius
700 2428 728 2476 et
743 2417 899 2477 Abderites
916 2418 1106 2494 Protagoras,
1126 2437 1142 2478 a
1158 2435 1214 2496 quo
1230 2417 1332 2477 decem

339 2492 889 2575 milibusdenariorumdidicisseartem,
905 2511 989 2578 quam
996 2502 1094 2578 edidit,
1110 2501 1249 2562 Euathlus
1261 2502 1329 2562 dici·

338 2596 392 2659 tur,
409 2595 437 2644 et
453 2585 570 2662 Hippias
586 2584 676 2643 Eleus
691 2594 730 2660 et,
746 2603 831 2663 quem
846 2585 1016 2645 Palameden
1030 2585 1110 2646 Plato
1126 2584 1318 2664 appellathl

298 2670 460 2731 ilcidamas
470 2668 592 2729 Elaites.
622 2668 767 2746 Antiphon
775 2677 928 2748 quoqueet
943 2671 1101 2729 orationem
1118 2672 1225 2747 primus
1242 2671 1329 2728 omui-

338 2772 384 2811 um
399 2755 516 2831 scripsit
534 2762 562 2812 et
581 2753 669 2812 nihilo
689 2755 780 2811 minus
799 2752 899 2812 Artem
920 2762 949 2812 et
971 2756 1035 2831 ipse
1057 2755 1218 2831 composuit
1233 2762 1263 2812 et
1276 2769 1330 2830 pro

338 2854 370 2895 se
385 2837 494 2896 dixisse
511 2839 616 2915 optime
633 2835 677 2895 est
696 2837 837 2902 creditus;
854 2839 937 2896 etiam
952 2837 1136 2912 Polycrates,
1156 2856 1172 2897 a
1188 2855 1245 2914 quo
1261 2838 1331 2895 scri-

338 2931 414 2998 ptam
430 2923 457 2978 in
473 2921 613 2980 Socraten
628 2922 747 2980 diximus
763 2922 932 2996 orationem,
948 2930 977 2980 et
991 2920 1331 2996 TheodorusBynautius

298 3014 375 3064 ltex
400 3004 443 3063 his
469 3014 498 3063 et
520 3007 598 3083 ipse,
621 3022 693 3082 quos
711 3004 793 3064 Plato
809 3005 937 3084 appellat
957 2999 1192 3084 λογοδαιδάλους.
1223 3004 1332 3063 Horum

338 3090 419 3166 primi
447 3105 608 3148 communes
631 3089 714 3147 locos
736 3098 877 3148 tractasse
899 3089 1030 3149 dicuntur
1047 3088 1237 3165 Protagoras,
1260 3087 1331 3147 Gor-

337 3175 426 3248 gias;‘
448 3175 568 3232 allectus
595 3172 733 3232 Prodicus
758 3182 787 3231 et
808 3172 927 3250 Hippias
955 3181 984 3232 et
1008 3173 1082 3232 idem
1102 3173 1276 3248 Protagoras
1303 3179 1332 3230 et

339 3255 579 3332 Thrasymachus.
619 3254 723 3316 Cicero
748 3258 776 3316 in
791 3255 884 3316 -Bruto
913 3265 1001 3333 negat
1023 3265 1088 3315 ante
1109 3256 1240 3316 Periclea
1261 3257 1331 3316 scri·

338 3349 415 3417 ptum
437 3341 603 3418 quidquam,
630 3339 708 3418 quod
734 3349 863 3400 ornatum
881 3342 1035 3400 oratorium
1055 3340 1173 3407 habeat:
1203 3341 1265 3398 eius
1280 3338 1331 3397 ali·

338 3441 392 3501 qua
409 3423 489 3483 ferri.
524 3424 665 3504 Equidem
683 3441 739 3483 non
753 3426 870 3501 reperio
886 3426 1037 3502 quidquam
1052 3432 1128 3485 tanta
1146 3423 1331 3502 eloquentiae

338 3506 411 3566 lama
432 3508 563 3584 diguum;
592 3509 717 3585 ideoque
739 3510 830 3566 minus
851 3511 939 3568 miror
961 3527 1043 3583 esse,
1072 3510 1121 3586 qui
1142 3507 1210 3566 nihil
1236 3506 1272 3566 ah
1294 3522 1330 3565 eo

338 3594 474 3670 scriptum
496 3600 612 3669 putent,
634 3592 706 3651 haec
722 3601 833 3667 autem,
858 3610 932 3670 quas
952 3591 1096 3667 feruntur,
1121 3592 1156 3651 ab
1178 3591 1241 3651 aliis
1264 3607 1330 3650 esse

296 3683 330 3739 13
339 3677 507 3753 composita.
550 3675 600 3734 His
620 3693 792 3735 successere
813 3676 908 3751 multi,
937 3676 989 3734 sed
1010 3676 1184 3735 clarissimus
1206 3674 1331 3751 Gorgiae

331 3760 495 3819 auditorum
514 3758 674 3829 Isocratem
706 3777 865 3839 quanquam
889 3760 925 3819 de
952 3769 1146 3839 praeceptore
1175 3760 1237 3819 eius
1257 3760 1332 3819 iuter
