<?xml version="1.0" encoding="UTF-8"?>
<!DOCTYPE html PUBLIC "-//W3C//DTD XHTML 1.0 Transitional//EN"
    "http://www.w3.org/TR/xhtml1/DTD/xhtml1-transitional.dtd">
<html xmlns="http://www.w3.org/1999/xhtml" xml:lang="en" lang="en">
 <head>
  <title>
</title>
<meta http-equiv="Content-Type" content="text/html;charset=utf-8" />
  <meta name='ocr-system' content='tesseract 3.04.00' />
  <meta name='ocr-capabilities' content='ocr_page ocr_carea ocr_par ocr_line ocrx_word'/>
</head>
<body>
  <div class='ocr_page' id='page_1' title='image "./mfabiiquintilia02quingoog_0552.png"; bbox 0 0 3184 4409; ppageno 0'>
   <div class='ocr_carea' id='block_1_1' title="bbox 331 476 1015 548">
    <p class='ocr_par' dir='ltr' id='par_1_1' title="bbox 331 476 1015 548">
     <span class='ocr_line' id='line_1_1' title="bbox 331 476 1015 548; baseline -0.004 -11"><span class='ocrx_word' id='word_1_1' title='bbox 331 476 393 539; x_wconf 81' lang='lat'><strong>220</strong></span> <span class='ocrx_word' id='word_1_2' title='bbox 643 488 680 537; x_wconf 86' lang='grc' dir='ltr'><strong>ιι.</strong></span> <span class='ocrx_word' id='word_1_3' title='bbox 695 487 775 536; x_wconf 79' lang='lat' dir='ltr'><strong>nnn.</strong></span> <span class='ocrx_word' id='word_1_4' title='bbox 793 487 1015 548; x_wconf 75' lang='lat' dir='ltr'><strong>Qumrmmrar</strong></span> 
     </span>
    </p>
   </div>
   <div class='ocr_carea' id='block_1_2' title="bbox 331 640 1332 725">
    <p class='ocr_par' dir='ltr' id='par_1_2' title="bbox 331 640 1332 725">
     <span class='ocr_line' id='line_1_2' title="bbox 331 640 1332 725; baseline 0.005 -22"><span class='ocrx_word' id='word_1_5' title='bbox 331 644 388 704; x_wconf 90' lang='lat' dir='ltr'><strong>lum</strong></span> <span class='ocrx_word' id='word_1_6' title='bbox 405 659 582 722; x_wconf 76' lang='lat' dir='ltr'><strong>componere</strong></span> <span class='ocrx_word' id='word_1_7' title='bbox 597 642 741 701; x_wconf 81' lang='lat' dir='ltr'><strong>actionem</strong></span> <span class='ocrx_word' id='word_1_8' title='bbox 757 640 888 710; x_wconf 73' lang='lat' dir='ltr'><strong>solebat:</strong></span> <span class='ocrx_word' id='word_1_9' title='bbox 909 641 1001 718; x_wconf 89' lang='lat' dir='ltr'><strong>adeo,</strong></span> <span class='ocrx_word' id='word_1_10' title='bbox 1019 645 1162 721; x_wconf 79' lang='lat' dir='ltr'><strong>quamvis</strong></span> <span class='ocrx_word' id='word_1_11' title='bbox 1177 645 1285 725; x_wconf 80' lang='lat' dir='ltr'><strong>fulgor</strong></span> <span class='ocrx_word' id='word_1_12' title='bbox 1298 647 1332 707; x_wconf 82' lang='lat' dir='ltr'><strong>ills</strong></span> 
     </span>
    </p>
   </div>
   <div class='ocr_carea' id='block_1_3' title="bbox 257 724 1359 3819">
    <p class='ocr_par' dir='ltr' id='par_1_3' title="bbox 287 724 1337 1892">
     <span class='ocr_line' id='line_1_3' title="bbox 331 724 1334 810; baseline 0.004 -23"><span class='ocrx_word' id='word_1_13' title='bbox 331 727 461 787; x_wconf 88' lang='lat' dir='ltr'><strong>sinistras</strong></span> <span class='ocrx_word' id='word_1_14' title='bbox 477 726 618 803; x_wconf 87' lang='lat' dir='ltr'><strong>imagines</strong></span> <span class='ocrx_word' id='word_1_15' title='bbox 632 724 752 800; x_wconf 87' lang='lat' dir='ltr'><strong>reddat,</strong></span> <span class='ocrx_word' id='word_1_16' title='bbox 774 726 833 785; x_wconf 91' lang='lat' dir='ltr'><strong>suis</strong></span> <span class='ocrx_word' id='word_1_17' title='bbox 850 725 962 786; x_wconf 89' lang='lat' dir='ltr'><strong>demum</strong></span> <span class='ocrx_word' id='word_1_18' title='bbox 978 727 1072 787; x_wconf 84' lang='lat' dir='ltr'><strong>oeulis</strong></span> <span class='ocrx_word' id='word_1_19' title='bbox 1090 729 1250 807; x_wconf 76' lang='lat' dir='ltr'><strong>eredidit,</strong></span> <span class='ocrx_word' id='word_1_20' title='bbox 1276 730 1334 810; x_wconf 84' lang='lat' dir='ltr'><strong>quel</strong></span> 
     </span>
     <span class='ocr_line' id='line_1_4' title="bbox 331 809 1334 895; baseline 0.006 -25"><span class='ocrx_word' id='word_1_21' title='bbox 331 810 474 871; x_wconf 78' lang='lat' dir='ltr'><strong>efiiceret.</strong></span> <span class='ocrx_word' id='word_1_22' title='bbox 505 809 695 887; x_wconf 74' lang='lat' dir='ltr'>Praecipuum</span> <span class='ocrx_word' id='word_1_23' title='bbox 710 825 782 868; x_wconf 88' lang='lat' dir='ltr'><strong>vero</strong></span> <span class='ocrx_word' id='word_1_24' title='bbox 804 809 834 867; x_wconf 90' lang='lat' dir='ltr'><strong>in</strong></span> <span class='ocrx_word' id='word_1_25' title='bbox 850 809 965 869; x_wconf 87' lang='lat' dir='ltr'><strong>aetione</strong></span> <span class='ocrx_word' id='word_1_26' title='bbox 982 811 1056 870; x_wconf 88' lang='lat' dir='ltr'><strong>sieut</strong></span> <span class='ocrx_word' id='word_1_27' title='bbox 1076 810 1110 871; x_wconf 90' lang='lat' dir='ltr'><strong>in</strong></span> <span class='ocrx_word' id='word_1_28' title='bbox 1127 828 1271 892; x_wconf 86' lang='lat' dir='ltr'><strong>eorpore</strong></span> <span class='ocrx_word' id='word_1_29' title='bbox 1286 817 1334 895; x_wconf 76' lang='lat' dir='ltr'><strong>ips</strong></span> 
     </span>
     <span class='ocr_line' id='line_1_5' title="bbox 331 891 1335 972; baseline 0.007 -18"><span class='ocrx_word' id='word_1_30' title='bbox 331 903 440 972; x_wconf 86' lang='lat' dir='ltr'><strong>eaput</strong></span> <span class='ocrx_word' id='word_1_31' title='bbox 462 902 508 952; x_wconf 88' lang='lat' dir='ltr'><strong>est</strong></span> <span class='ocrx_word' id='word_1_32' title='bbox 528 910 591 952; x_wconf 90' lang='lat' dir='ltr'><strong>oum</strong></span> <span class='ocrx_word' id='word_1_33' title='bbox 608 891 644 951; x_wconf 88' lang='lat' dir='ltr'><strong>ad</strong></span> <span class='ocrx_word' id='word_1_34' title='bbox 662 891 758 966; x_wconf 88' lang='lat' dir='ltr'><strong>illum,</strong></span> <span class='ocrx_word' id='word_1_35' title='bbox 783 891 819 952; x_wconf 86' lang='lat' dir='ltr'><strong>de</strong></span> <span class='ocrx_word' id='word_1_36' title='bbox 837 909 894 969; x_wconf 91' lang='lat' dir='ltr'><strong>qno</strong></span> <span class='ocrx_word' id='word_1_37' title='bbox 911 891 988 968; x_wconf 84' lang='lat' dir='ltr'><strong>dixi,</strong></span> <span class='ocrx_word' id='word_1_38' title='bbox 1009 894 1157 955; x_wconf 86' lang='lat' dir='ltr'><strong>deeorem</strong></span> <span class='ocrx_word' id='word_1_39' title='bbox 1181 904 1251 957; x_wconf 85' lang='lat' dir='ltr'><strong>tum</strong></span> <span class='ocrx_word' id='word_1_40' title='bbox 1267 900 1335 961; x_wconf 74' lang='lat' dir='ltr'><strong>etin</strong></span> 
     </span>
     <span class='ocr_line' id='line_1_6' title="bbox 287 972 1335 1056; baseline 0.011 -24"><span class='ocrx_word' id='word_1_41' title='bbox 287 975 366 1037; x_wconf 83' lang='lat' dir='ltr'><strong>69ad</strong></span> <span class='ocrx_word' id='word_1_42' title='bbox 382 977 629 1054; x_wconf 79' lang='lat' dir='ltr'><strong>significationem.</strong></span> <span class='ocrx_word' id='word_1_43' title='bbox 662 972 789 1035; x_wconf 84' lang='lat' dir='ltr'><strong>Deeoris</strong></span> <span class='ocrx_word' id='word_1_44' title='bbox 803 974 853 1035; x_wconf 90' lang='lat' dir='ltr'><strong>illa</strong></span> <span class='ocrx_word' id='word_1_45' title='bbox 868 985 948 1052; x_wconf 90' lang='lat' dir='ltr'><strong>sunt,</strong></span> <span class='ocrx_word' id='word_1_46' title='bbox 966 977 1047 1036; x_wconf 80' lang='lat' dir='ltr'><strong>nteit</strong></span> <span class='ocrx_word' id='word_1_47' title='bbox 1064 978 1167 1056; x_wconf 86' lang='lat' dir='ltr'><strong>primo</strong></span> <span class='ocrx_word' id='word_1_48' title='bbox 1184 990 1335 1043; x_wconf 78' lang='lat' dir='ltr'><strong>reetumd</strong></span> 
     </span>
     <span class='ocr_line' id='line_1_7' title="bbox 331 1056 1335 1144; baseline 0.008 -24"><span class='ocrx_word' id='word_1_49' title='bbox 331 1061 488 1121; x_wconf 83' lang='lat' dir='ltr'><strong>secundam</strong></span> <span class='ocrx_word' id='word_1_50' title='bbox 508 1068 649 1119; x_wconf 88' lang='lat' dir='ltr'><strong>naturam.</strong></span> <span class='ocrx_word' id='word_1_51' title='bbox 679 1056 751 1119; x_wconf 88' lang='lat' dir='ltr'><strong>Nam</strong></span> <span class='ocrx_word' id='word_1_52' title='bbox 773 1066 804 1118; x_wconf 95' lang='lat' dir='ltr'><strong>et</strong></span> <span class='ocrx_word' id='word_1_53' title='bbox 824 1057 940 1119; x_wconf 83' lang='lat' dir='ltr'><strong>deieoto</strong></span> <span class='ocrx_word' id='word_1_54' title='bbox 955 1059 1101 1121; x_wconf 83' lang='lat' dir='ltr'><strong>humilitas</strong></span> <span class='ocrx_word' id='word_1_55' title='bbox 1119 1069 1152 1121; x_wconf 86' lang='lat' dir='ltr'><strong>et</strong></span> <span class='ocrx_word' id='word_1_56' title='bbox 1175 1066 1293 1144; x_wconf 88' lang='lat' dir='ltr'><strong>supino</strong></span> <span class='ocrx_word' id='word_1_57' title='bbox 1307 1083 1335 1127; x_wconf 67' lang='lat' dir='ltr'>w</span> 
     </span>
     <span class='ocr_line' id='line_1_8' title="bbox 331 1141 1336 1227; baseline 0.008 -24"><span class='ocrx_word' id='word_1_58' title='bbox 331 1145 462 1221; x_wconf 76' lang='lat' dir='ltr'><strong>rogantia</strong></span> <span class='ocrx_word' id='word_1_59' title='bbox 477 1153 507 1203; x_wconf 88' lang='lat' dir='ltr'><strong>et</strong></span> <span class='ocrx_word' id='word_1_60' title='bbox 522 1145 552 1202; x_wconf 92' lang='lat' dir='ltr'><strong>in</strong></span> <span class='ocrx_word' id='word_1_61' title='bbox 569 1141 644 1202; x_wconf 87' lang='lat' dir='ltr'><strong>latus</strong></span> <span class='ocrx_word' id='word_1_62' title='bbox 659 1141 797 1202; x_wconf 79' lang='lat' dir='ltr'><strong>inclinato</strong></span> <span class='ocrx_word' id='word_1_63' title='bbox 813 1141 981 1220; x_wconf 82' lang='lat' dir='ltr'><strong>langueret</strong></span> <span class='ocrx_word' id='word_1_64' title='bbox 996 1143 1147 1222; x_wconf 90' lang='lat' dir='ltr'><strong>praeduro</strong></span> <span class='ocrx_word' id='word_1_65' title='bbox 1172 1164 1215 1209; x_wconf 85' lang='lat' dir='ltr'><strong>ae</strong></span> <span class='ocrx_word' id='word_1_66' title='bbox 1233 1151 1336 1227; x_wconf 73' lang='lat' dir='ltr'><strong>rlgem</strong></span> 
     </span>
     <span class='ocr_line' id='line_1_9' title="bbox 330 1225 1336 1311; baseline 0.006 -24"><span class='ocrx_word' id='word_1_67' title='bbox 330 1227 464 1288; x_wconf 89' lang='lat' dir='ltr'><strong>barbaria</strong></span> <span class='ocrx_word' id='word_1_68' title='bbox 482 1226 624 1306; x_wconf 89' lang='lat' dir='ltr'><strong>quaedam</strong></span> <span class='ocrx_word' id='word_1_69' title='bbox 639 1225 743 1285; x_wconf 90' lang='lat' dir='ltr'><strong>mentis</strong></span> <span class='ocrx_word' id='word_1_70' title='bbox 758 1225 927 1286; x_wconf 76' lang='lat' dir='ltr'><strong>ostenditur.</strong></span> <span class='ocrx_word' id='word_1_71' title='bbox 963 1225 1034 1287; x_wconf 84' lang='lat' dir='ltr'><strong>&#39;l&#39;nm</strong></span> <span class='ocrx_word' id='word_1_72' title='bbox 1051 1228 1187 1307; x_wconf 77' lang='lat' dir='ltr'><strong>aoeipint</strong></span> <span class='ocrx_word' id='word_1_73' title='bbox 1203 1241 1299 1311; x_wconf 85' lang='lat' dir='ltr'><strong>aptos</strong></span> <span class='ocrx_word' id='word_1_74' title='bbox 1312 1248 1336 1293; x_wconf 84' lang='lat' dir='ltr'><strong>ax</strong></span> 
     </span>
     <span class='ocr_line' id='line_1_10' title="bbox 331 1310 1336 1391; baseline 0.007 -21"><span class='ocrx_word' id='word_1_75' title='bbox 331 1312 397 1389; x_wconf 91' lang='lat' dir='ltr'><strong>ipso</strong></span> <span class='ocrx_word' id='word_1_76' title='bbox 415 1327 550 1371; x_wconf 81' lang='lat' dir='ltr'>sermone</span> <span class='ocrx_word' id='word_1_77' title='bbox 567 1317 678 1385; x_wconf 90' lang='lat' dir='ltr'><strong>motus,</strong></span> <span class='ocrx_word' id='word_1_78' title='bbox 700 1318 730 1368; x_wconf 92' lang='lat' dir='ltr'><strong>ut</strong></span> <span class='ocrx_word' id='word_1_79' title='bbox 746 1318 910 1391; x_wconf 85' lang='lat' dir='ltr'><strong>oumgestu</strong></span> <span class='ocrx_word' id='word_1_80' title='bbox 925 1310 1087 1371; x_wconf 86' lang='lat' dir='ltr'><strong>eoneordet</strong></span> <span class='ocrx_word' id='word_1_81' title='bbox 1103 1320 1136 1372; x_wconf 89' lang='lat' dir='ltr'><strong>et</strong></span> <span class='ocrx_word' id='word_1_82' title='bbox 1154 1315 1302 1377; x_wconf 85' lang='lat' dir='ltr'><strong>manibus</strong></span> <span class='ocrx_word' id='word_1_83' title='bbox 1313 1332 1336 1377; x_wconf 86' lang='lat' dir='ltr'><strong>tt</strong></span> 
     </span>
     <span class='ocr_line' id='line_1_11' title="bbox 288 1390 1337 1473; baseline 0.006 -19"><span class='ocrx_word' id='word_1_84' title='bbox 288 1394 473 1454; x_wconf 75' lang='lat' dir='ltr'><strong>notaremus</strong></span> <span class='ocrx_word' id='word_1_85' title='bbox 488 1393 674 1471; x_wconf 79' lang='lat' dir='ltr'><strong>obsequatur.</strong></span> <span class='ocrx_word' id='word_1_86' title='bbox 704 1390 853 1471; x_wconf 77' lang='lat' dir='ltr'><strong>Aspeotns</strong></span> <span class='ocrx_word' id='word_1_87' title='bbox 867 1394 943 1453; x_wconf 88' lang='lat' dir='ltr'><strong>enim</strong></span> <span class='ocrx_word' id='word_1_88' title='bbox 957 1410 1075 1473; x_wconf 87' lang='lat' dir='ltr'><strong>semper</strong></span> <span class='ocrx_word' id='word_1_89' title='bbox 1090 1395 1209 1459; x_wconf 84' lang='lat' dir='ltr'><strong>eodem</strong></span> <span class='ocrx_word' id='word_1_90' title='bbox 1224 1400 1337 1460; x_wconf 74' lang='lat' dir='ltr'><strong>vertitu</strong></span> 
     </span>
     <span class='ocr_line' id='line_1_12' title="bbox 332 1476 1336 1556; baseline 0.008 -20"><span class='ocrx_word' id='word_1_91' title='bbox 332 1494 389 1556; x_wconf 92' lang='lat' dir='ltr'><strong>quo</strong></span> <span class='ocrx_word' id='word_1_92' title='bbox 408 1486 526 1555; x_wconf 86' lang='lat' dir='ltr'><strong>gestus,</strong></span> <span class='ocrx_word' id='word_1_93' title='bbox 552 1477 686 1554; x_wconf 84' lang='lat' dir='ltr'><strong>exeeptis</strong></span> <span class='ocrx_word' id='word_1_94' title='bbox 708 1494 783 1555; x_wconf 91' lang='lat' dir='ltr'><strong>quae</strong></span> <span class='ocrx_word' id='word_1_95' title='bbox 806 1485 854 1537; x_wconf 85' lang='lat' dir='ltr'><strong>ant</strong></span> <span class='ocrx_word' id='word_1_96' title='bbox 869 1476 1004 1537; x_wconf 87' lang='lat' dir='ltr'><strong>damnare</strong></span> <span class='ocrx_word' id='word_1_97' title='bbox 1022 1487 1149 1538; x_wconf 87' lang='lat' dir='ltr'><strong>autnon</strong></span> <span class='ocrx_word' id='word_1_98' title='bbox 1170 1483 1336 1544; x_wconf 82' lang='lat' dir='ltr'><strong>ooneedart</strong></span> 
     </span>
     <span class='ocr_line' id='line_1_13' title="bbox 331 1558 1337 1639; baseline 0.006 -18"><span class='ocrx_word' id='word_1_99' title='bbox 331 1570 379 1621; x_wconf 91' lang='lat' dir='ltr'><strong>ant</strong></span> <span class='ocrx_word' id='word_1_100' title='bbox 393 1578 410 1621; x_wconf 92' lang='lat' dir='ltr'><strong>a</strong></span> <span class='ocrx_word' id='word_1_101' title='bbox 425 1561 510 1621; x_wconf 87' lang='lat' dir='ltr'><strong>nobis</strong></span> <span class='ocrx_word' id='word_1_102' title='bbox 524 1576 678 1620; x_wconf 85' lang='lat' dir='ltr'><strong>removere</strong></span> <span class='ocrx_word' id='word_1_103' title='bbox 694 1558 853 1639; x_wconf 76' lang='lat' dir='ltr'><strong>oportebit,</strong></span> <span class='ocrx_word' id='word_1_104' title='bbox 870 1570 899 1621; x_wconf 90' lang='lat' dir='ltr'><strong>nt</strong></span> <span class='ocrx_word' id='word_1_105' title='bbox 914 1560 991 1621; x_wconf 88' lang='lat' dir='ltr'><strong>idem</strong></span> <span class='ocrx_word' id='word_1_106' title='bbox 1005 1561 1075 1622; x_wconf 92' lang='lat' dir='ltr'><strong>illud</strong></span> <span class='ocrx_word' id='word_1_107' title='bbox 1087 1562 1174 1624; x_wconf 78' lang='lat' dir='ltr'><strong>vultu</strong></span> <span class='ocrx_word' id='word_1_108' title='bbox 1190 1565 1337 1629; x_wconf 72' lang='lat' dir='ltr'><strong>videam</strong></span> 
     </span>
     <span class='ocr_line' id='line_1_14' title="bbox 331 1643 1009 1721; baseline 0.001 -17"><span class='ocrx_word' id='word_1_109' title='bbox 331 1645 478 1721; x_wconf 86' lang='lat' dir='ltr'><strong>aversari,</strong></span> <span class='ocrx_word' id='word_1_110' title='bbox 493 1662 577 1704; x_wconf 90' lang='lat' dir='ltr'><strong>manu</strong></span> <span class='ocrx_word' id='word_1_111' title='bbox 594 1643 758 1721; x_wconf 86' lang='lat' dir='ltr'><strong>repellere:</strong></span> <span class='ocrx_word' id='word_1_112' title='bbox 1006 1698 1009 1705; x_wconf 86' lang='grc'><strong>.</strong></span> 
     </span>
     <span class='ocr_line' id='line_1_15' title="bbox 457 1727 1201 1807; baseline 0.004 -18"><span class='ocrx_word' id='word_1_113' title='bbox 457 1727 674 1789; x_wconf 69' lang='lat' dir='ltr'><strong>-Didtolem</strong></span> <span class='ocrx_word' id='word_1_114' title='bbox 687 1728 818 1789; x_wconf 81' lang='lat' dir='ltr'><strong>avertite</strong></span> <span class='ocrx_word' id='word_1_115' title='bbox 829 1735 954 1807; x_wconf 72' lang='lat' dir='ltr'><strong>pestem.</strong></span> <span class='ocrx_word' id='word_1_116' title='bbox 1198 1784 1201 1792; x_wconf 91' lang='lat'><em>.</em></span> 
     </span>
     <span class='ocr_line' id='line_1_16' title="bbox 456 1809 1157 1892; baseline 0.004 -20"><span class='ocrx_word' id='word_1_117' title='bbox 456 1844 500 1856; x_wconf 92' lang='lat'>—</span> <span class='ocrx_word' id='word_1_118' title='bbox 513 1809 607 1872; x_wconf 84' lang='lat' dir='ltr'><strong>Hood</strong></span> <span class='ocrx_word' id='word_1_119' title='bbox 622 1811 761 1890; x_wconf 78' lang='lat' dir='ltr'><strong>equidem</strong></span> <span class='ocrx_word' id='word_1_120' title='bbox 775 1812 831 1873; x_wconf 83' lang='lat' dir='ltr'><strong>toli</strong></span> <span class='ocrx_word' id='word_1_121' title='bbox 844 1830 892 1873; x_wconf 79' lang='lat' dir='ltr'><strong>ase</strong></span> <span class='ocrx_word' id='word_1_122' title='bbox 907 1813 1017 1892; x_wconf 67' lang='lat' dir='ltr'><strong>dignor</strong></span> <span class='ocrx_word' id='word_1_123' title='bbox 1030 1811 1157 1875; x_wconf 75' lang='lat' dir='ltr'><strong>tenore.</strong></span> 
     </span>
    </p>

    <p class='ocr_par' dir='ltr' id='par_1_4' title="bbox 290 1893 1359 2140">
     <span class='ocr_line' id='line_1_17' title="bbox 290 1893 1333 1977; baseline 0.006 -22"><span class='ocrx_word' id='word_1_124' title='bbox 290 1899 322 1955; x_wconf 80' lang='lat'><strong>71</strong></span> <span class='ocrx_word' id='word_1_125' title='bbox 331 1895 481 1974; x_wconf 83' lang='lat' dir='ltr'><strong>Signllioat</strong></span> <span class='ocrx_word' id='word_1_126' title='bbox 500 1911 572 1955; x_wconf 85' lang='lat' dir='ltr'><strong>vero</strong></span> <span class='ocrx_word' id='word_1_127' title='bbox 594 1895 724 1973; x_wconf 88' lang='lat' dir='ltr'><strong>plurimis</strong></span> <span class='ocrx_word' id='word_1_128' title='bbox 740 1893 843 1955; x_wconf 88' lang='lat' dir='ltr'><strong>modis.</strong></span> <span class='ocrx_word' id='word_1_129' title='bbox 879 1893 952 1957; x_wconf 86' lang='lat' dir='ltr'><strong>llam</strong></span> <span class='ocrx_word' id='word_1_130' title='bbox 966 1904 1085 1975; x_wconf 84' lang='lat' dir='ltr'><strong>praeter</strong></span> <span class='ocrx_word' id='word_1_131' title='bbox 1099 1899 1276 1977; x_wconf 86' lang='lat' dir='ltr'><strong>annuendi,</strong></span> <span class='ocrx_word' id='word_1_132' title='bbox 1295 1918 1333 1961; x_wconf 85' lang='lat' dir='ltr'><strong>re</strong></span> 
     </span>
     <span class='ocr_line' id='line_1_18' title="bbox 331 1978 1359 2056; baseline 0.005 -18"><span class='ocrx_word' id='word_1_133' title='bbox 331 1979 435 2039; x_wconf 91' lang='lat' dir='ltr'><strong>nuendi</strong></span> <span class='ocrx_word' id='word_1_134' title='bbox 456 1978 700 2056; x_wconf 88' lang='lat' dir='ltr'><strong>eondrmandiqne</strong></span> <span class='ocrx_word' id='word_1_135' title='bbox 721 1987 815 2038; x_wconf 84' lang='lat' dir='ltr'><strong>motus</strong></span> <span class='ocrx_word' id='word_1_136' title='bbox 839 1988 903 2039; x_wconf 88' lang='lat' dir='ltr'><strong>sont</strong></span> <span class='ocrx_word' id='word_1_137' title='bbox 926 1988 957 2039; x_wconf 92' lang='lat' dir='ltr'><strong>et</strong></span> <span class='ocrx_word' id='word_1_138' title='bbox 974 1980 1174 2042; x_wconf 74' lang='lat' dir='ltr'><strong>verecundiae</strong></span> <span class='ocrx_word' id='word_1_139' title='bbox 1204 1992 1238 2045; x_wconf 87' lang='lat' dir='ltr'><strong>et</strong></span> <span class='ocrx_word' id='word_1_140' title='bbox 1262 1982 1333 2045; x_wconf 75' lang='lat' dir='ltr'><strong>dulti-</strong></span> <span class='ocrx_word' id='word_1_141' title='bbox 1357 1994 1359 2027; x_wconf 68' lang='lat' dir='ltr'><strong>i</strong></span> 
     </span>
     <span class='ocr_line' id='line_1_19' title="bbox 330 2063 1331 2140; baseline 0.004 -17"><span class='ocrx_word' id='word_1_142' title='bbox 330 2063 446 2123; x_wconf 89' lang='lat' dir='ltr'><strong>tationis</strong></span> <span class='ocrx_word' id='word_1_143' title='bbox 474 2073 503 2123; x_wconf 88' lang='lat' dir='ltr'><strong>et</strong></span> <span class='ocrx_word' id='word_1_144' title='bbox 527 2063 722 2122; x_wconf 87' lang='lat' dir='ltr'><strong>admirationis</strong></span> <span class='ocrx_word' id='word_1_145' title='bbox 749 2071 779 2122; x_wconf 91' lang='lat' dir='ltr'><strong>et</strong></span> <span class='ocrx_word' id='word_1_146' title='bbox 804 2063 1006 2140; x_wconf 74' lang='lat' dir='ltr'><strong>indignationis</strong></span> <span class='ocrx_word' id='word_1_147' title='bbox 1027 2063 1087 2123; x_wconf 90' lang='lat' dir='ltr'><strong>noti</strong></span> <span class='ocrx_word' id='word_1_148' title='bbox 1112 2072 1145 2124; x_wconf 88' lang='lat' dir='ltr'><strong>et</strong></span> <span class='ocrx_word' id='word_1_149' title='bbox 1166 2082 1331 2129; x_wconf 82' lang='lat' dir='ltr'><strong>oommnset</strong></span> 
     </span>
    </p>

    <p class='ocr_par' dir='ltr' id='par_1_5' title="bbox 295 2145 1330 2227">
     <span class='ocr_line' id='line_1_20' title="bbox 295 2145 1330 2227; baseline 0.006 -21"><span class='ocrx_word' id='word_1_150' title='bbox 295 2204 297 2206; x_wconf 77' lang='grc'>,</span> <span class='ocrx_word' id='word_1_151' title='bbox 332 2146 472 2207; x_wconf 89' lang='lat' dir='ltr'><strong>omnibns.</strong></span> <span class='ocrx_word' id='word_1_152' title='bbox 496 2146 568 2206; x_wconf 91' lang='lat' dir='ltr'><strong>Solo</strong></span> <span class='ocrx_word' id='word_1_153' title='bbox 580 2155 676 2206; x_wconf 86' lang='lat' dir='ltr'><strong>tannen</strong></span> <span class='ocrx_word' id='word_1_154' title='bbox 688 2162 725 2204; x_wconf 92' lang='lat' dir='ltr'><strong>eo</strong></span> <span class='ocrx_word' id='word_1_155' title='bbox 737 2145 838 2207; x_wconf 86' lang='lat' dir='ltr'><strong>faeere</strong></span> <span class='ocrx_word' id='word_1_156' title='bbox 848 2155 962 2223; x_wconf 87' lang='lat' dir='ltr'><strong>gestum</strong></span> <span class='ocrx_word' id='word_1_157' title='bbox 974 2146 1085 2207; x_wconf 89' lang='lat' dir='ltr'><strong>soeniei</strong></span> <span class='ocrx_word' id='word_1_158' title='bbox 1097 2164 1225 2227; x_wconf 86' lang='lat' dir='ltr'><strong>quoque</strong></span> <span class='ocrx_word' id='word_1_159' title='bbox 1238 2151 1330 2211; x_wconf 80' lang='lat' dir='ltr'><strong>noeto</strong></span> 
     </span>
    </p>

    <p class='ocr_par' dir='ltr' id='par_1_6' title="bbox 257 2228 1330 2309">
     <span class='ocr_line' id='line_1_21' title="bbox 257 2228 1330 2309; baseline 0.001 -15"><span class='ocrx_word' id='word_1_160' title='bbox 257 2290 262 2301; x_wconf 76' lang='grc'>,</span> <span class='ocrx_word' id='word_1_161' title='bbox 330 2249 380 2294; x_wconf 89' lang='lat' dir='ltr'><strong>res</strong></span> <span class='ocrx_word' id='word_1_162' title='bbox 390 2231 525 2289; x_wconf 85' lang='lat' dir='ltr'><strong>vitiosum</strong></span> <span class='ocrx_word' id='word_1_163' title='bbox 538 2237 718 2308; x_wconf 86' lang='lat' dir='ltr'><strong>putaverunt.</strong></span> <span class='ocrx_word' id='word_1_164' title='bbox 749 2228 843 2289; x_wconf 85' lang='lat' dir='ltr'><strong>Etiam</strong></span> <span class='ocrx_word' id='word_1_165' title='bbox 855 2230 993 2309; x_wconf 84' lang='lat' dir='ltr'><strong>frequens</strong></span> <span class='ocrx_word' id='word_1_166' title='bbox 1009 2231 1070 2291; x_wconf 85' lang='lat' dir='ltr'><strong>eius</strong></span> <span class='ocrx_word' id='word_1_167' title='bbox 1082 2240 1168 2292; x_wconf 80' lang='lat' dir='ltr'><strong>nutum</strong></span> <span class='ocrx_word' id='word_1_168' title='bbox 1181 2250 1247 2294; x_wconf 88' lang='lat' dir='ltr'><strong>non</strong></span> <span class='ocrx_word' id='word_1_169' title='bbox 1259 2239 1330 2295; x_wconf 68' lang='lat' dir='ltr'><strong>eard</strong></span> 
     </span>
    </p>

    <p class='ocr_par' dir='ltr' id='par_1_7' title="bbox 306 2312 1327 2457">
     <span class='ocr_line' id='line_1_22' title="bbox 306 2312 1327 2386; baseline 0.003 -13"><span class='ocrx_word' id='word_1_170' title='bbox 306 2315 417 2386; x_wconf 51' lang='lat' dir='ltr'><strong>,ritio;</strong></span> <span class='ocrx_word' id='word_1_171' title='bbox 446 2315 519 2374; x_wconf 91' lang='lat' dir='ltr'><strong>adeo</strong></span> <span class='ocrx_word' id='word_1_172' title='bbox 541 2315 650 2374; x_wconf 82' lang='lat' dir='ltr'><strong>laetare</strong></span> <span class='ocrx_word' id='word_1_173' title='bbox 671 2312 700 2372; x_wconf 95' lang='lat' dir='ltr'><strong>id</strong></span> <span class='ocrx_word' id='word_1_174' title='bbox 720 2321 750 2372; x_wconf 91' lang='lat' dir='ltr'><strong>et</strong></span> <span class='ocrx_word' id='word_1_175' title='bbox 771 2330 870 2374; x_wconf 84' lang='lat' dir='ltr'><strong>eomas</strong></span> <span class='ocrx_word' id='word_1_176' title='bbox 889 2315 1084 2374; x_wconf 81' lang='lat' dir='ltr'><strong>excutientem</strong></span> <span class='ocrx_word' id='word_1_177' title='bbox 1105 2323 1211 2377; x_wconf 85' lang='lat' dir='ltr'><strong>rotare</strong></span> <span class='ocrx_word' id='word_1_178' title='bbox 1236 2315 1327 2378; x_wconf 63' lang='lat' dir='ltr'><strong>lanai</strong></span> 
     </span>
     <span class='ocr_line' id='line_1_23' title="bbox 333 2407 465 2457; baseline -0.015 0"><span class='ocrx_word' id='word_1_179' title='bbox 333 2416 396 2457; x_wconf 85' lang='lat' dir='ltr'><strong>unm</strong></span> <span class='ocrx_word' id='word_1_180' title='bbox 411 2407 465 2457; x_wconf 86' lang='lat' dir='ltr'><strong>est.</strong></span> 
     </span>
    </p>

    <p class='ocr_par' dir='ltr' id='par_1_8' title="bbox 290 2478 1327 2893">
     <span class='ocr_line' id='line_1_24' title="bbox 290 2478 1327 2560; baseline -0.003 -18"><span class='ocrx_word' id='word_1_181' title='bbox 290 2486 323 2542; x_wconf 77' lang='lat'><strong>72</strong></span> <span class='ocrx_word' id='word_1_182' title='bbox 413 2479 580 2541; x_wconf 89' lang='lat' dir='ltr'><strong>Dominatur</strong></span> <span class='ocrx_word' id='word_1_183' title='bbox 594 2489 687 2541; x_wconf 88' lang='lat' dir='ltr'><strong>autem</strong></span> <span class='ocrx_word' id='word_1_184' title='bbox 703 2481 825 2540; x_wconf 80' lang='lat' dir='ltr'><strong>maxime</strong></span> <span class='ocrx_word' id='word_1_185' title='bbox 839 2479 971 2541; x_wconf 84' lang='lat' dir='ltr'><strong>vultus.</strong></span> <span class='ocrx_word' id='word_1_186' title='bbox 1000 2478 1064 2541; x_wconf 89' lang='lat' dir='ltr'><strong>lloo</strong></span> <span class='ocrx_word' id='word_1_187' title='bbox 1079 2480 1256 2560; x_wconf 86' lang='lat' dir='ltr'><strong>supplices,</strong></span> <span class='ocrx_word' id='word_1_188' title='bbox 1277 2480 1327 2543; x_wconf 87' lang='lat' dir='ltr'><strong>loo</strong></span> 
     </span>
     <span class='ocr_line' id='line_1_25' title="bbox 330 2562 1327 2640; baseline 0.004 -17"><span class='ocrx_word' id='word_1_189' title='bbox 330 2564 473 2639; x_wconf 83' lang='lat' dir='ltr'><strong>minaces,</strong></span> <span class='ocrx_word' id='word_1_190' title='bbox 498 2563 555 2623; x_wconf 88' lang='lat' dir='ltr'><strong>hoo</strong></span> <span class='ocrx_word' id='word_1_191' title='bbox 572 2562 687 2640; x_wconf 79' lang='lat' dir='ltr'><strong>blandi,</strong></span> <span class='ocrx_word' id='word_1_192' title='bbox 708 2564 765 2623; x_wconf 89' lang='lat' dir='ltr'><strong>hoo</strong></span> <span class='ocrx_word' id='word_1_193' title='bbox 779 2565 895 2640; x_wconf 87' lang='lat' dir='ltr'><strong>tristes,</strong></span> <span class='ocrx_word' id='word_1_194' title='bbox 916 2564 974 2625; x_wconf 86' lang='lat' dir='ltr'><strong>lroo</strong></span> <span class='ocrx_word' id='word_1_195' title='bbox 993 2563 1120 2640; x_wconf 80' lang='lat' dir='ltr'><strong>hilares,</strong></span> <span class='ocrx_word' id='word_1_196' title='bbox 1143 2565 1205 2626; x_wconf 90' lang='lat' dir='ltr'><strong>hoe</strong></span> <span class='ocrx_word' id='word_1_197' title='bbox 1229 2564 1327 2639; x_wconf 77' lang='lat' dir='ltr'><strong>ereutii,</strong></span> 
     </span>
     <span class='ocr_line' id='line_1_26' title="bbox 331 2647 1327 2726; baseline 0.002 -20"><span class='ocrx_word' id='word_1_198' title='bbox 331 2647 388 2706; x_wconf 83' lang='lat' dir='ltr'><strong>hoe</strong></span> <span class='ocrx_word' id='word_1_199' title='bbox 403 2649 541 2706; x_wconf 88' lang='lat' dir='ltr'><strong>summissi</strong></span> <span class='ocrx_word' id='word_1_200' title='bbox 559 2666 671 2715; x_wconf 68' lang='lat' dir='ltr'><strong>sumum</strong></span> <span class='ocrx_word' id='word_1_201' title='bbox 694 2647 751 2707; x_wconf 89' lang='lat' dir='ltr'><strong>hoe</strong></span> <span class='ocrx_word' id='word_1_202' title='bbox 767 2647 895 2726; x_wconf 91' lang='lat' dir='ltr'><strong>pendent</strong></span> <span class='ocrx_word' id='word_1_203' title='bbox 908 2647 1056 2723; x_wconf 84' lang='lat' dir='ltr'><strong>homines,</strong></span> <span class='ocrx_word' id='word_1_204' title='bbox 1078 2647 1156 2708; x_wconf 91' lang='lat' dir='ltr'><strong>lrnno</strong></span> <span class='ocrx_word' id='word_1_205' title='bbox 1172 2649 1327 2721; x_wconf 83' lang='lat' dir='ltr'><strong>intuentur,</strong></span> 
     </span>
     <span class='ocr_line' id='line_1_27' title="bbox 331 2730 1327 2810; baseline 0.002 -21"><span class='ocrx_word' id='word_1_206' title='bbox 331 2730 406 2789; x_wconf 88' lang='lat' dir='ltr'><strong>hune</strong></span> <span class='ocrx_word' id='word_1_207' title='bbox 422 2739 570 2808; x_wconf 76' lang='lat' dir='ltr'><strong>spectant,</strong></span> <span class='ocrx_word' id='word_1_208' title='bbox 592 2733 676 2791; x_wconf 88' lang='lat' dir='ltr'><strong>otiam</strong></span> <span class='ocrx_word' id='word_1_209' title='bbox 691 2740 843 2808; x_wconf 82' lang='lat' dir='ltr'><strong>antequam</strong></span> <span class='ocrx_word' id='word_1_210' title='bbox 858 2732 993 2800; x_wconf 78' lang='lat' dir='ltr'><strong>dicimus:</strong></span> <span class='ocrx_word' id='word_1_211' title='bbox 1014 2730 1071 2791; x_wconf 86' lang='lat' dir='ltr'><strong>lroo</strong></span> <span class='ocrx_word' id='word_1_212' title='bbox 1093 2731 1240 2810; x_wconf 85' lang='lat' dir='ltr'><strong>quosdam</strong></span> <span class='ocrx_word' id='word_1_213' title='bbox 1257 2749 1327 2793; x_wconf 85' lang='lat' dir='ltr'><strong>anna·</strong></span> 
     </span>
     <span class='ocr_line' id='line_1_28' title="bbox 331 2814 1327 2893; baseline 0.005 -22"><span class='ocrx_word' id='word_1_214' title='bbox 331 2831 410 2889; x_wconf 90' lang='lat' dir='ltr'><strong>mus,</strong></span> <span class='ocrx_word' id='word_1_215' title='bbox 434 2814 491 2872; x_wconf 90' lang='lat' dir='ltr'><strong>hoe</strong></span> <span class='ocrx_word' id='word_1_216' title='bbox 507 2814 634 2888; x_wconf 87' lang='lat' dir='ltr'><strong>odimus,</strong></span> <span class='ocrx_word' id='word_1_217' title='bbox 662 2815 718 2874; x_wconf 88' lang='lat' dir='ltr'><strong>hoo</strong></span> <span class='ocrx_word' id='word_1_218' title='bbox 735 2814 857 2892; x_wconf 90' lang='lat' dir='ltr'><strong>plurima</strong></span> <span class='ocrx_word' id='word_1_219' title='bbox 877 2814 1082 2893; x_wconf 78' lang='lat' dir='ltr'><strong>intelligimus,</strong></span> <span class='ocrx_word' id='word_1_220' title='bbox 1107 2814 1156 2874; x_wconf 90' lang='lat' dir='ltr'><strong>hie</strong></span> <span class='ocrx_word' id='word_1_221' title='bbox 1176 2825 1227 2876; x_wconf 92' lang='lat' dir='ltr'><strong>est</strong></span> <span class='ocrx_word' id='word_1_222' title='bbox 1241 2831 1327 2893; x_wconf 83' lang='lat' dir='ltr'><strong>saepe</strong></span> 
     </span>
    </p>

    <p class='ocr_par' dir='ltr' id='par_1_9' title="bbox 290 2896 1328 3145">
     <span class='ocr_line' id='line_1_29' title="bbox 290 2896 1327 2978; baseline 0.005 -24"><span class='ocrx_word' id='word_1_223' title='bbox 290 2898 384 2976; x_wconf 68' lang='lat' dir='ltr'><strong>lipro</strong></span> <span class='ocrx_word' id='word_1_224' title='bbox 401 2897 530 2956; x_wconf 88' lang='lat' dir='ltr'><strong>omnibus</strong></span> <span class='ocrx_word' id='word_1_225' title='bbox 547 2897 656 2956; x_wconf 89' lang='lat' dir='ltr'><strong>verbis.</strong></span> <span class='ocrx_word' id='word_1_226' title='bbox 687 2896 787 2976; x_wconf 91' lang='lat' dir='ltr'><strong>ltaque</strong></span> <span class='ocrx_word' id='word_1_227' title='bbox 803 2899 832 2958; x_wconf 92' lang='lat' dir='ltr'><strong>in</strong></span> <span class='ocrx_word' id='word_1_228' title='bbox 846 2899 898 2975; x_wconf 91' lang='lat' dir='ltr'><strong>iis,</strong></span> <span class='ocrx_word' id='word_1_229' title='bbox 923 2916 998 2977; x_wconf 88' lang='lat' dir='ltr'><strong>quae</strong></span> <span class='ocrx_word' id='word_1_230' title='bbox 1015 2898 1051 2960; x_wconf 87' lang='lat' dir='ltr'><strong>ad</strong></span> <span class='ocrx_word' id='word_1_231' title='bbox 1074 2916 1194 2959; x_wconf 83' lang='lat' dir='ltr'><strong>soenam</strong></span> <span class='ocrx_word' id='word_1_232' title='bbox 1212 2914 1327 2978; x_wconf 86' lang='lat' dir='ltr'><strong>eompu-</strong></span> 
     </span>
     <span class='ocr_line' id='line_1_30' title="bbox 331 2980 1327 3063; baseline 0.003 -23"><span class='ocrx_word' id='word_1_233' title='bbox 331 2989 448 3056; x_wconf 89' lang='lat' dir='ltr'><strong>nuntur,</strong></span> <span class='ocrx_word' id='word_1_234' title='bbox 469 2980 573 3040; x_wconf 80' lang='lat' dir='ltr'><strong>tabulis</strong></span> <span class='ocrx_word' id='word_1_235' title='bbox 596 2982 722 3040; x_wconf 84' lang='lat' dir='ltr'><strong>artifices</strong></span> <span class='ocrx_word' id='word_1_236' title='bbox 742 2983 942 3060; x_wconf 88' lang='lat' dir='ltr'><strong>pronuntiandi</strong></span> <span class='ocrx_word' id='word_1_237' title='bbox 965 2982 1131 3062; x_wconf 86' lang='lat' dir='ltr'><strong>apersonis</strong></span> <span class='ocrx_word' id='word_1_238' title='bbox 1146 2998 1269 3063; x_wconf 89' lang='lat' dir='ltr'><strong>quoque</strong></span> <span class='ocrx_word' id='word_1_239' title='bbox 1289 2981 1327 3043; x_wconf 83' lang='lat' dir='ltr'><strong>al·</strong></span> 
     </span>
     <span class='ocr_line' id='line_1_31' title="bbox 331 3064 1328 3145; baseline 0.002 -22"><span class='ocrx_word' id='word_1_240' title='bbox 331 3064 424 3123; x_wconf 83' lang='lat' dir='ltr'><strong>lentus</strong></span> <span class='ocrx_word' id='word_1_241' title='bbox 448 3073 621 3125; x_wconf 90' lang='lat' dir='ltr'><strong>mutuantur:</strong></span> <span class='ocrx_word' id='word_1_242' title='bbox 647 3074 677 3124; x_wconf 92' lang='lat' dir='ltr'><strong>ut</strong></span> <span class='ocrx_word' id='word_1_243' title='bbox 698 3065 735 3124; x_wconf 87' lang='lat' dir='ltr'><strong>sit</strong></span> <span class='ocrx_word' id='word_1_244' title='bbox 748 3064 869 3145; x_wconf 78' lang='lat' dir='ltr'><strong>Aerope</strong></span> <span class='ocrx_word' id='word_1_245' title='bbox 889 3066 918 3125; x_wconf 93' lang='lat' dir='ltr'><strong>in</strong></span> <span class='ocrx_word' id='word_1_246' title='bbox 938 3065 1090 3142; x_wconf 83' lang='lat' dir='ltr'><strong>trsgoedis</strong></span> <span class='ocrx_word' id='word_1_247' title='bbox 1109 3066 1220 3142; x_wconf 87' lang='lat' dir='ltr'><strong>tristis,</strong></span> <span class='ocrx_word' id='word_1_248' title='bbox 1247 3075 1328 3128; x_wconf 84' lang='lat' dir='ltr'><strong>atrox</strong></span> 
     </span>
    </p>

    <p class='ocr_par' dir='ltr' id='par_1_10' title="bbox 290 3147 1328 3224">
     <span class='ocr_line' id='line_1_32' title="bbox 290 3147 1328 3224; baseline 0.006 -21"><span class='ocrx_word' id='word_1_249' title='bbox 290 3147 452 3223; x_wconf 77' lang='lat' dir='ltr'><strong>lllledea,</strong></span> <span class='ocrx_word' id='word_1_250' title='bbox 476 3150 611 3207; x_wconf 87' lang='lat' dir='ltr'><strong>attonitos</strong></span> <span class='ocrx_word' id='word_1_251' title='bbox 626 3148 716 3224; x_wconf 86' lang='lat' dir='ltr'><strong>Aiax,</strong></span> <span class='ocrx_word' id='word_1_252' title='bbox 740 3149 918 3210; x_wconf 77' lang='lat' dir='ltr'><strong>truculentus</strong></span> <span class='ocrx_word' id='word_1_253' title='bbox 932 3148 1084 3210; x_wconf 86' lang='lat' dir='ltr'><strong>llerenles.</strong></span> <span class='ocrx_word' id='word_1_254' title='bbox 1114 3147 1148 3208; x_wconf 90' lang='lat' dir='ltr'><strong>ln</strong></span> <span class='ocrx_word' id='word_1_255' title='bbox 1165 3150 1328 3212; x_wconf 83' lang='lat' dir='ltr'><strong>oomoediit</strong></span> 
     </span>
    </p>

    <p class='ocr_par' dir='ltr' id='par_1_11' title="bbox 260 3231 1329 3392">
     <span class='ocr_line' id='line_1_33' title="bbox 260 3231 1329 3315; baseline 0.004 -26"><span class='ocrx_word' id='word_1_256' title='bbox 260 3306 263 3315; x_wconf 85' lang='lat'><em>.</em></span> <span class='ocrx_word' id='word_1_257' title='bbox 331 3247 403 3290; x_wconf 87' lang='lat' dir='ltr'><strong>vero</strong></span> <span class='ocrx_word' id='word_1_258' title='bbox 421 3241 538 3311; x_wconf 85' lang='lat' dir='ltr'><strong>praeter</strong></span> <span class='ocrx_word' id='word_1_259' title='bbox 552 3231 637 3292; x_wconf 87' lang='lat' dir='ltr'><strong>aliam</strong></span> <span class='ocrx_word' id='word_1_260' title='bbox 652 3232 903 3308; x_wconf 86' lang='lat' dir='ltr'><strong>observationem,</strong></span> <span class='ocrx_word' id='word_1_261' title='bbox 924 3249 980 3310; x_wconf 90' lang='lat' dir='ltr'><strong>qna</strong></span> <span class='ocrx_word' id='word_1_262' title='bbox 997 3233 1093 3308; x_wconf 83' lang='lat' dir='ltr'><strong>servi,</strong></span> <span class='ocrx_word' id='word_1_263' title='bbox 1114 3232 1258 3310; x_wconf 88' lang='lat' dir='ltr'><strong>lenones,</strong></span> <span class='ocrx_word' id='word_1_264' title='bbox 1279 3250 1329 3313; x_wconf 87' lang='lat' dir='ltr'><strong>pa·</strong></span> 
     </span>
     <span class='ocr_line' id='line_1_34' title="bbox 331 3315 1327 3392; baseline 0.005 -20"><span class='ocrx_word' id='word_1_265' title='bbox 331 3315 431 3390; x_wconf 88' lang='lat' dir='ltr'><strong>rasiti,</strong></span> <span class='ocrx_word' id='word_1_266' title='bbox 447 3317 564 3391; x_wconf 78' lang='lat' dir='ltr'><strong>rustici,</strong></span> <span class='ocrx_word' id='word_1_267' title='bbox 579 3316 701 3391; x_wconf 85' lang='lat' dir='ltr'><strong>milites,</strong></span> <span class='ocrx_word' id='word_1_268' title='bbox 717 3316 937 3392; x_wconf 78' lang='lat' dir='ltr'><strong>meretriculae,</strong></span> <span class='ocrx_word' id='word_1_269' title='bbox 958 3316 1098 3391; x_wconf 89' lang='lat' dir='ltr'><strong>aneillae,</strong></span> <span class='ocrx_word' id='word_1_270' title='bbox 1114 3334 1207 3377; x_wconf 82' lang='lat' dir='ltr'><strong>senes</strong></span> <span class='ocrx_word' id='word_1_271' title='bbox 1222 3317 1327 3379; x_wconf 87' lang='lat' dir='ltr'><strong>austeri</strong></span> 
     </span>
    </p>

    <p class='ocr_par' dir='ltr' id='par_1_12' title="bbox 331 3400 1328 3819">
     <span class='ocr_line' id='line_1_35' title="bbox 332 3400 1328 3482; baseline 0.004 -26"><span class='ocrx_word' id='word_1_272' title='bbox 332 3416 367 3457; x_wconf 89' lang='lat' dir='ltr'><strong>ao</strong></span> <span class='ocrx_word' id='word_1_273' title='bbox 390 3400 489 3473; x_wconf 88' lang='lat' dir='ltr'><strong>mites,</strong></span> <span class='ocrx_word' id='word_1_274' title='bbox 515 3400 637 3458; x_wconf 89' lang='lat' dir='ltr'><strong>iuvenes</strong></span> <span class='ocrx_word' id='word_1_275' title='bbox 659 3401 754 3459; x_wconf 88' lang='lat' dir='ltr'><strong>severi</strong></span> <span class='ocrx_word' id='word_1_276' title='bbox 775 3417 811 3460; x_wconf 88' lang='lat' dir='ltr'><strong>ao</strong></span> <span class='ocrx_word' id='word_1_277' title='bbox 831 3400 989 3476; x_wconf 85' lang='lat' dir='ltr'><strong>luxuriosi,</strong></span> <span class='ocrx_word' id='word_1_278' title='bbox 1014 3408 1180 3477; x_wconf 88' lang='lat' dir='ltr'><strong>matronae,</strong></span> <span class='ocrx_word' id='word_1_279' title='bbox 1211 3401 1328 3482; x_wconf 84' lang='lat' dir='ltr'><strong>puellae</strong></span> 
     </span>
     <span class='ocr_line' id='line_1_36' title="bbox 331 3482 1328 3565; baseline 0.005 -26"><span class='ocrx_word' id='word_1_280' title='bbox 331 3482 407 3541; x_wconf 90' lang='lat' dir='ltr'><strong>inter</strong></span> <span class='ocrx_word' id='word_1_281' title='bbox 427 3501 460 3540; x_wconf 88' lang='lat' dir='ltr'><strong>se</strong></span> <span class='ocrx_word' id='word_1_282' title='bbox 483 3482 698 3558; x_wconf 84' lang='lat' dir='ltr'><strong>discernuntur,</strong></span> <span class='ocrx_word' id='word_1_283' title='bbox 726 3492 811 3562; x_wconf 88' lang='lat' dir='ltr'><strong>pater</strong></span> <span class='ocrx_word' id='word_1_284' title='bbox 831 3484 901 3559; x_wconf 88' lang='lat' dir='ltr'><strong>ille,</strong></span> <span class='ocrx_word' id='word_1_285' title='bbox 928 3485 1008 3544; x_wconf 86' lang='lat' dir='ltr'><strong>ouius</strong></span> <span class='ocrx_word' id='word_1_286' title='bbox 1031 3484 1210 3563; x_wconf 81' lang='lat' dir='ltr'><strong>praecipuae</strong></span> <span class='ocrx_word' id='word_1_287' title='bbox 1230 3493 1328 3565; x_wconf 88' lang='lat' dir='ltr'><strong>partes</strong></span> 
     </span>
     <span class='ocr_line' id='line_1_37' title="bbox 332 3566 1326 3644; baseline 0.008 -21"><span class='ocrx_word' id='word_1_288' title='bbox 332 3573 407 3639; x_wconf 90' lang='lat' dir='ltr'><strong>sunt,</strong></span> <span class='ocrx_word' id='word_1_289' title='bbox 424 3566 490 3643; x_wconf 89' lang='lat' dir='ltr'><strong>quia</strong></span> <span class='ocrx_word' id='word_1_290' title='bbox 506 3567 618 3626; x_wconf 90' lang='lat' dir='ltr'><strong>interim</strong></span> <span class='ocrx_word' id='word_1_291' title='bbox 634 3568 806 3641; x_wconf 89' lang='lat' dir='ltr'><strong>oonoitatns,</strong></span> <span class='ocrx_word' id='word_1_292' title='bbox 821 3568 935 3627; x_wconf 86' lang='lat' dir='ltr'><strong>interim</strong></span> <span class='ocrx_word' id='word_1_293' title='bbox 949 3568 1024 3628; x_wconf 92' lang='lat' dir='ltr'><strong>lenis</strong></span> <span class='ocrx_word' id='word_1_294' title='bbox 1040 3576 1096 3644; x_wconf 86' lang='lat' dir='ltr'><strong>est,</strong></span> <span class='ocrx_word' id='word_1_295' title='bbox 1112 3567 1210 3628; x_wconf 90' lang='lat' dir='ltr'><strong>altero</strong></span> <span class='ocrx_word' id='word_1_296' title='bbox 1227 3577 1326 3631; x_wconf 80' lang='lat' dir='ltr'><strong>oreolo</strong></span> 
     </span>
     <span class='ocr_line' id='line_1_38' title="bbox 332 3648 1325 3730; baseline 0.005 -24"><span class='ocrx_word' id='word_1_297' title='bbox 332 3648 424 3707; x_wconf 88' lang='lat' dir='ltr'><strong>altero</strong></span> <span class='ocrx_word' id='word_1_298' title='bbox 442 3651 604 3725; x_wconf 78' lang='lat' dir='ltr'><strong>composito</strong></span> <span class='ocrx_word' id='word_1_299' title='bbox 620 3660 664 3710; x_wconf 89' lang='lat' dir='ltr'><strong>est</strong></span> <span class='ocrx_word' id='word_1_300' title='bbox 679 3650 854 3730; x_wconf 70' lang='lat' dir='ltr'><strong>snperoilim</strong></span> <span class='ocrx_word' id='word_1_301' title='bbox 877 3659 964 3729; x_wconf 89' lang='lat' dir='ltr'><strong>atque</strong></span> <span class='ocrx_word' id='word_1_302' title='bbox 984 3649 1013 3710; x_wconf 93' lang='lat' dir='ltr'><strong>id</strong></span> <span class='ocrx_word' id='word_1_303' title='bbox 1029 3651 1187 3712; x_wconf 88' lang='lat' dir='ltr'><strong>ostendere</strong></span> <span class='ocrx_word' id='word_1_304' title='bbox 1201 3654 1325 3715; x_wconf 85' lang='lat' dir='ltr'><strong>maxime</strong></span> 
     </span>
     <span class='ocr_line' id='line_1_39' title="bbox 331 3731 1322 3819; baseline 0.008 -27"><span class='ocrx_word' id='word_1_305' title='bbox 331 3731 406 3793; x_wconf 86' lang='lat' dir='ltr'><strong>latus</strong></span> <span class='ocrx_word' id='word_1_306' title='bbox 425 3732 571 3792; x_wconf 85' lang='lat' dir='ltr'><strong>actoribus</strong></span> <span class='ocrx_word' id='word_1_307' title='bbox 591 3735 680 3794; x_wconf 89' lang='lat' dir='ltr'><strong>moris</strong></span> <span class='ocrx_word' id='word_1_308' title='bbox 697 3744 759 3812; x_wconf 90' lang='lat' dir='ltr'><strong>est,</strong></span> <span class='ocrx_word' id='word_1_309' title='bbox 783 3735 861 3813; x_wconf 90' lang='lat' dir='ltr'><strong>quod</strong></span> <span class='ocrx_word' id='word_1_310' title='bbox 877 3753 941 3797; x_wconf 89' lang='lat' dir='ltr'><strong>oum</strong></span> <span class='ocrx_word' id='word_1_311' title='bbox 956 3735 1007 3813; x_wconf 84' lang='lat' dir='ltr'><strong>iit,</strong></span> <span class='ocrx_word' id='word_1_312' title='bbox 1030 3752 1103 3817; x_wconf 74' lang='lat' dir='ltr'><strong>ques</strong></span> <span class='ocrx_word' id='word_1_313' title='bbox 1117 3745 1220 3815; x_wconf 76' lang='lat' dir='ltr'><strong>agunt,</strong></span> <span class='ocrx_word' id='word_1_314' title='bbox 1239 3736 1322 3819; x_wconf 85' lang='lat' dir='ltr'><strong>parti·</strong></span> 
     </span>
    </p>
   </div>
   <div class='ocr_carea' id='block_1_4' title="bbox 0 0 1601 4409">
    <p class='ocr_par' dir='ltr' id='par_1_13' title="bbox 0 0 1601 4409">
     <span class='ocr_line' id='line_1_40' title="bbox 0 0 1601 4409; baseline 0 0"><span class='ocrx_word' id='word_1_315' title='bbox 0 0 1601 4409; x_wconf 95' lang='lat' dir='ltr'><strong> </strong></span> 
     </span>
    </p>
   </div>
  </div>
 </body>
</html>
