3184 4409
584 485 673 534 man.
687 487 1002 556 oanuon.nm.x,r.
1042 493 1046 503 ·
1244 479 1302 543 163

305 641 401 702 levem
421 644 622 718 consequimur
636 641 778 716 umbram,
795 641 869 701 adeo
884 651 914 700 ut
929 642 994 703 mihi
1010 662 1104 702 sermo
1122 646 1186 723 ipse
1198 645 1301 707 Roma·

304 742 359 783 nus
376 741 433 782 non
447 727 581 802 recipere
604 725 734 785 videatur
753 725 831 785 illam
853 726 924 785 solis
946 745 1115 786 concessam
1132 728 1236 789 Atticis
1251 749 1301 790 ve·
1357 796 1359 805 ,

303 825 420 883 nerem,
446 826 509 867 oum
531 827 593 868 eam
614 828 650 869 ne
671 809 774 869 Graeci
795 810 909 887 quidem
930 811 958 868 in
979 811 1035 870 alio
1056 830 1165 888 genere
1186 813 1301 890 linguae

305 892 489 951 obtinuerint.
519 891 638 969 'logatis
657 893 776 952 excellit
801 893 991 961 Afranium
1014 897 1118 954 utinam
1137 912 1194 953 non
1211 898 1301 974 inqui·

303 985 403 1036 nasset
414 986 579 1052 argumenta
592 994 744 1054 puerorum
751 977 845 1036 foedis
856 978 999 1036 amoribus
1010 996 1106 1037 mores
1114 997 1182 1038 suos
1196 980 1299 1039 lassus.

390 1059 427 1117 At
442 1077 499 1118 non
516 1060 678 1120 historia
700 1063 823 1120 cesserit
839 1060 967 1136 Graecis,
984 1080 1039 1121 nec
1057 1080 1207 1141 opponere
1225 1063 1299 1123 Thu·
1307 1077 1357 1128 101

304 1143 400 1218 cydidi
416 1143 631 1203 Sallustium
647 1163 760 1204 verear.
785 1143 888 1221 Neque
899 1146 1061 1222 indignetur
1072 1146 1126 1205 sibl
1136 1146 1300 1208 Herodotus

304 1229 423 1304 aequari
438 1226 470 1286 T.
483 1226 639 1303 Liuium,
665 1247 727 1287 oum
743 1228 771 1286 in
785 1229 925 1288 narrando
941 1232 1029 1289 mirae
1044 1231 1224 1289 iucunditatis
1242 1230 1300 1290 cla·

302 1311 466 1387 rissirnique
488 1310 620 1370 candoris
639 1321 696 1370 tum
718 1313 746 1371 iu
767 1312 947 1371 contionibus
968 1331 1054 1392 supra
1077 1331 1159 1391 quam
1174 1315 1301 1373 enarrari

302 1403 402 1473 potest
419 1394 616 1471 eloquentem;
638 1397 677 1455 ita
700 1413 774 1474 quae
800 1396 930 1455 dicuntur
952 1398 1044 1456 omnia
1060 1415 1123 1455 cum
1140 1397 1227 1457 rebus
1242 1407 1301 1457 tum

301 1479 437 1557 personis
459 1479 674 1539 accommodata
694 1488 772 1547 sunt;
798 1480 918 1539 allectus
941 1481 1070 1557 quidem,
1085 1485 1299 1560 praecipueque

305 1580 358 1622 eos
377 1564 503 1640 quisunt
519 1563 674 1639 dulciores,
691 1572 722 1622 ut
738 1565 906 1641 pardissime
921 1564 1029 1638 dicam,
1047 1582 1131 1623 nemo
1147 1565 1299 1625 historico·

260 1663 263 1669 ’
301 1665 364 1706 rum
380 1639 588 1706 commendavit
605 1648 705 1724 magis
732 1646 862 1724 Ideoque
877 1647 1065 1709 immortalem
1078 1649 1156 1709 illam
1171 1649 1358 1711 Saltustttroa

302 1731 487 1791 velocitatem
513 1729 635 1790 diversis
664 1730 816 1791 virtutibus
842 1740 1015 1791 consecutus
1038 1741 1092 1791 est.
1135 1731 1207 1792 Nam
1233 1731 1300 1792 milri

304 1817 425 1912 egregie
444 1809 552 1874 dixisse
568 1815 682 1874 videtur
700 1815 884 1874 Seruilius
906 1815 1112 1891 Nonianus,
1130 1834 1231 1899 pares
1249 1835 1300 1878 eoo

302 1901 400 1996 mopso
414 1913 505 1975 quom
519 1900 651 1966 similes,-
674 1897 721 1975 qui
743 1901 856 1976 etipse
878 1899 993 1958 anobis
1011 1899 1121 1958 auditus
1142 1909 1201 1974 est„
1230 1900 1299 1959 olari

301 1983 346 2039 vir
358 1983 463 2059 ingenii
480 1991 508 2041 et
525 1983 674 2041 sententiis
691 1981 794 2040 creber
809 1983 862 2042 sed
878 1985 969 2042 minus
981 2001 1099 2060 pressus
1116 2001 1198 2060 quam
1210 1982 1299 2042 histo·

301 2067 363 2125 riae
391 2069 546 2125 auotoritas
569 2065 706 2145 postulat.
749 2064 839 2137 Quam
865 2065 980 2144 paulum
1005 2075 1099 2125 aetate
1120 2064 1359 2145 praecedensloa¹

303 2169 367 2208 eum
384 2150 519 2209 Bassus
535 2149 706 2210 Aufidius
722 2149 859 2225 egregie,
882 2151 980 2226 utique
1000 2150 1028 2208 in
1045 2149 1126 2207 libris
1141 2149 1211 2208 belli
1229 2147 1298 2209 Ger·

300 2235 419 2310 manici,
436 2235 597 2312 praestitit,
619 2251 729 2310 genere
751 2234 816 2311 ipso
837 2232 996 2311 probabilis
1012 2234 1040 2290 in
1056 2233 1184 2291 omnibus
1203 2232 1299 2292 sedin

301 2318 470 2396 quibusdam
485 2320 544 2376 suis
559 2319 623 2396 ipse
637 2316 744 2375 viribus
763 2318 864 2375 minor.
901 2317 1042 2394 Superest
1059 2315 1150 2375 adhue
1167 2325 1196 2376 et
1213 2334 1358 2389 exon-104

300 2411 349 2460 nat
364 2404 467 2461 aetatis
483 2409 601 2460 nostrae
622 2401 745 2478 gloriam
768 2404 812 2460 vir
826 2401 1007 2470 saeculorum
1027 2401 1164 2460 memoria
1184 2399 1297 2477 dignus,

301 2487 349 2563 qui
368 2486 436 2544 olim
454 2485 652 2560 nominabitur,
673 2503 746 2567 nuno
761 2484 938 2561 intelligitur.
969 2483 1062 2543 Habet
1077 2493 1220 2543 amatores
1243 2503 1298 2544 nec
1320 2498 1337 2535 *

299 2571 482 2644 imitatorem,
500 2578 530 2629 ut
549 2569 594 2627 cui
609 2568 738 2642 libertas,
759 2586 919 2647 quanquam
932 2568 1106 2627 circumcisis
1122 2586 1195 2646 quae
1211 2569 1298 2628 dinis·

300 2664 362 2728 set,
384 2655 526 2712 nocuerit.
565 2651 624 2712 Sed
645 2653 750 2712 elatum
771 2652 884 2712 abunde
900 2651 1030 2729 spiritum
1046 2660 1074 2710 et
1091 2653 1218 2713 audaces
1232 2670 1297 2711 sen·
1318 2718 1321 2729 ἱ

299 2738 403 2796 tentias
418 2735 620 2814 deprehendas
639 2738 724 2796 etiam
738 2737 767 2795 in
782 2738 833 2812 iis,
857 2753 930 2814 quae
952 2745 1074 2796 manent.
1114 2737 1185 2796 Sunt
1203 2735 1298 2795 etalii

299 2822 459 2898 scriptores
476 2819 554 2896 honi,
573 2819 625 2880 sed
640 2838 694 2879 nos
709 2838 819 2897 genera
834 2819 1018 2898 degustamus
1033 2837 1090 2880 non
1105 2819 1297 2880 bibliothecas

299 2906 470 2963 excutimus.

384 2986 569 3046 Oratores
594 3002 667 3048 vero
698 2988 747 3048 vel
777 2988 935 3067 praecipue
955 2985 1297 3064 Latinam'eloqnentiam
1307 2999 1357 3053 105

298 3089 398 3150 parem
409 3071 508 3132 lacere
522 3070 651 3131 Graecae
663 3073 783 3150 possint.
810 3070 881 3130 Nam
900 3070 1120 3132 Ciceronem
1136 3071 1296 3146 cuicunque
1331 3074 1336 3080 ’

293 3173 399 3219 εοεαε]
414 3154 528 3214 fortiter
543 3157 738 3233 opposuerim.
776 3154 839 3215 Nec
860 3155 988 3233 ignoro,
999 3165 1130 3234 quantam
1144 3151 1212 3211 mihi
1228 3169 1296 3223 con·

299 3241 385 3299 citem
402 3257 542 3317 pugnam,
568 3256 632 3298 cum
646 3240 816 3317 praesertim
831 3257 888 3298 non
908 3241 945 3299 sit
959 3239 987 3299 id
1004 3239 1162 3318 propositi,
1185 3245 1216 3295 ut
1231 3254 1296 3296 eum
1345 3249 1347 3253 '

297 3321 486 3382 Demostheni
510 3339 673 3401 comparem
704 3323 761 3383 hoc
784 3331 933 3401 tempore;
960 3340 1055 3400 neque
1085 3323 1158 3380 enim
1184 3321 1293 3395 attinet,

300 3425 363 3466 cum
379 3405 604 3466 Demosthenem
622 3407 758 3486 inprimis
770 3407 922 3484 legendum
937 3406 985 3465 vel
1000 3405 1182 3465 ediscendum
1198 3405 1294 3482 potius

298 3499 406 3570 putem.
455 3489 583 3564 Quorum
609 3508 665 3568 ego
693 3493 814 3551 uirtutes
843 3490 999 3568 plerasque
1025 3488 1149 3549 arbitror
1175 3488 1354 3564 similes,106

298 3576 466 3650 consilium,
484 3574 629 3649 ordinem,
648 3574 807 3649 dividendi,
824 3574 1031 3653 praeparandi,
1053 3570 1191 3651 probandi
1207 3574 1294 3631 ratio·

297 3676 380 3737 nem,
405 3659 497 3718 omnia
521 3657 645 3736 deniqne
668 3666 829 3737 quaesunt
857 3658 1037 3717 inventionis.
1076 3655 1108 3716 ln
1130 3654 1293 3731 eloquendo

298 3752 344 3805 est
360 3742 455 3821 aliqua
471 3742 637 3812 diversitas3
654 3743 770 3804 densior
787 3742 837 3802 ille
852 3743 898 3802 hic
914 3742 1072 3822 copiosior,
1079 3740 1146 3870 {¹1¹⁶}
1151 3737 1296 3798 concludit
