3184 4409
562 475 1007 545 1usu.0nnu0n.n1a.V11,3.
1221 472 1261 534 25
1316 463 1323 503 ³

352 631 485 693 Excusso
502 633 568 710 quid
584 634 638 710 ait,
654 650 747 711 prope
760 640 878 710 peracta
894 641 939 691 est
953 635 1102 711 quaestio,
1130 652 1170 692 an
1192 633 1304 696 hoca

265 714 342 778 sit?
364 716 396 776 ld
415 718 632 793 coimagimus,
654 726 685 775 ut
700 718 736 774 sit
756 733 860 775 causae
876 725 992 775 nostrae
1008 719 1182 776 conveniens
1202 718 1263 776 dni-

264 804 318 862 tio.
356 801 555 860 Potentissima
578 809 623 859 est
640 802 733 859 autern
750 802 778 858 in
802 818 835 859 ea
852 800 989 877 qualitas,
1004 799 1061 860 Aa
1079 821 1165 862 amor
1179 804 1263 861 irrua-

264 886 344 947 mia?
368 883 430 944 Huc
449 883 631 961 pertinebunt
659 881 860 961 probationes,
883 901 953 960 quas
977 881 1080 942 Cicero
1104 885 1172 943 dicit
1197 901 1262 961 pro·

266 971 346 1048 prias
373 986 439 1026 esse
472 967 622 1042 linitionis,
659 985 695 1026 ex
726 967 978 1043 antecedentibus,
1009 968 1262 1045 consequentibus,

266 1054 423 1126 adiunctio,
443 1051 683 1128 repugnantibus,
700 1053 811 1125 causis,
828 1050 954 1122 effectis,
972 1051 1123 1118 similibus;
1143 1052 1179 1111 de
1193 1068 1263 1128 quo-

266 1155 329 1196 rum
348 1144 578 1212 argumentorum
602 1144 700 1193 natura
725 1135 829 1194 dictum
856 1143 910 1192 est.
940 1133 1071 1193 Breviter
1090 1143 1184 1193 autern
1209 1135 1305 1212 prora

267 1217 393 1280 Caecina
417 1217 521 1277 Cicero
548 1219 639 1292 initia,
667 1235 785 1291 causas,
812 1217 930 1291 effecta,
954 1219 1170 1292 antecedentia,
1196 1235 1262 1277 con-

267 1312 418 1381 sequentia
442 1303 692 1380 complexusest:
724 1299 806 1373 Qrtid
825 1302 918 1379 ipitar
938 1304 1116 1379 sapiebant?
1136 1299 1264 1380 Propter

266 1395 386 1447 metum.
418 1384 500 1458 Ouid
525 1386 718 1447 naelaedanl?
755 1383 820 1445 Vim
842 1386 992 1447 videlicet.
1028 1383 1153 1446 Potestis
1171 1381 1264 1463 ipitar

264 1471 421 1549 principia
442 1489 573 1547 nepare,
599 1488 667 1529 cam
681 1472 820 1530 ealrema
839 1462 1034 1531 concedatis?
1062 1470 1119 1529 Sed
1135 1470 1262 1529 similitu·

267 1556 334 1615 dine
349 1569 464 1631 quoque
485 1572 552 1611 usus
569 1561 629 1612 est:
654 1550 741 1624 Quae
760 1553 806 1612 aio
826 1554 859 1613 in
879 1553 955 1613 dello
970 1554 1160 1631 appellatur,
1180 1555 1217 1614 ea
1231 1556 1263 1613 in

267 1640 329 1700 otio
346 1656 406 1698 non
430 1637 657 1716 appellabitur?
685 1637 742 1696 Sed
764 1638 848 1695 etiam
867 1654 904 1694 ex
930 1639 1073 1696 contrario
1099 1641 1304 1713 argumenta30

268 1723 423 1796 ducuntur,
447 1730 477 1781 ut
503 1722 527 1779 si
549 1729 716 1797 quaeratur,
739 1719 915 1779 Amatorium
938 1739 1078 1779 venenum
1100 1722 1136 1780 sit
1155 1739 1261 1785 necne;

269 1807 336 1883 quia
353 1817 494 1863 venenum
516 1806 680 1863 amatorium
701 1821 757 1862 nun
778 1804 824 1862 sit.
862 1802 936 1863 Illud
958 1805 1077 1864 alterum
1097 1823 1188 1880 genus
1205 1821 1262 1881 quo

269 1891 306 1947 sit
321 1888 496 1947 manifestius
512 1887 745 1947 adolescentibus
761 1889 848 1963 meis,
866 1887 962 1964 (meos
978 1891 1051 1946 enim
1065 1905 1181 1965 semper
1194 1889 1262 1948 ado·

268 1973 414 2031 lescentes
428 1971 548 2049 putabo)
565 1971 612 2030 hio
627 1988 741 2048 quoque
757 1971 841 2030 fictae
855 1973 1070 2031 controversiae
1089 1980 1151 2030 utar
1166 1989 1262 2031 exeru-

268 2057 329 2135 plo.
360 2054 506 2130 Iuvenes,
523 2057 575 2132 pai
590 2056 747 2116 concinere
761 2055 920 2130 solebant,
937 2057 1169 2133 cmmtituerant,
1185 2065 1218 2115 at
1231 2056 1302 2115 in31

268 2143 355 2201 litore
375 2148 547 2200 coenarent.
586 2136 696 2213 Unius,
713 2139 767 2216 qai
786 2155 899 2198 coenae
916 2138 1074 2216 defuerat,
1095 2157 1201 2199 nomen
1215 2147 1263 2199 tu·

268 2225 364 2298 malo,
386 2240 473 2301 pacm
499 2231 717 2297 adtraxerunt,
743 2223 974 2300 insumpserant.
1017 2219 1110 2281 Pater
1136 2223 1217 2296 eiua,
1242 2240 1264 2282 a

268 2309 476 2368 transmarina
493 2308 737 2385 pereprt'nalione
760 2325 829 2366 aum
849 2307 892 2366 ad
905 2307 977 2366 litae
989 2305 1070 2366 idem
1085 2306 1263 2383 appulisset,

268 2391 346 2452 lecto
361 2393 479 2452 nomine
495 2391 652 2469 suspendit
665 2409 708 2450 ue.
740 2387 880 2448 Dicuntur
895 2390 924 2449 hi
940 2407 1025 2448 causa
1041 2390 1145 2449 mortis.
1160 2389 1303 2448 fuisseae

269 2474 322 2532 Hie
344 2474 433 2533 finitio
455 2484 499 2534 est
519 2474 712 2548 accusatoris,
737 2470 797 2534 Per
818 2489 910 2550 quem·
923 2474 1039 2552 factam
1061 2480 1121 2547 est,
1143 2481 1177 2547 at
1196 2474 1264 2550 qaia

265 2559 410 2636 perierit,
432 2576 527 2618 cauea
540 2559 644 2619 mortio
659 2566 723 2626 een·
746 2558 790 2615 rei
812 2565 873 2631 est,
899 2553 958 2628 Qut
970 2557 1044 2634 fecit
1064 2558 1138 2634 qaid
1152 2558 1262 2631 aman,
1331 2572 1333 2578 ¹

267 2660 325 2720 per
340 2643 422 2718 qaod
435 2643 540 2719 perire
554 2642 663 2702 domini
676 2659 801 2702 necesse
817 2649 871 2701 eet.
900 2640 1020 2699 Remota
1037 2641 1163 2700 finitione
1179 2658 1263 2699 aceu-

269 2727 359 2784 satori
383 2734 427 2784 sat
451 2734 495 2784 est
514 2724 627 2800 dicere,
651 2722 755 2786 Oouea
769 2726 874 2785 morlia
887 2725 1006 2803 fuistin
1027 2743 1086 2803 per
1104 2743 1159 2785 aas
1185 2725 1264 2785 enim

268 2808 458 2886 factumest,
476 2816 509 2869 at
523 2809 608 2872 mmo
619 2809 754 2887 periret·
769 2810 861 2886 quia,
881 2810 941 2868 adai
961 2827 1015 2869 oue
1039 2809 1116 2869 iliad
1136 2809 1263 2888 faciam-

269 2893 325 2965 tte,
341 2893 464 2955 ciceret.
497 2890 619 2967 Contra,
641 2891 708 2954 Noa
721 2895 840 2968 atatim,
852 2911 912 2971 per
925 2909 1013 2970 quern
1025 2894 1141 2972 factam
1156 2900 1217 2965 eat,
1232 2896 1306 2951 at33

259 2978 339 3053 puio
346 2978 476 3055 periret,
492 2977 519 3036 ie
533 2978 678 3037 damnari
689 2977 791 3052 dedet,
807 2985 840 3037 at
855 2972 1034 3051 accurator,
1048 2978 1148 3049 tertia,
1169 2976 1265 3034 iudea

269 3061 316 3119 rei
341 3062 490 3137 capitolia.
526 3057 608 3134 Nec,
629 3061 833 3137 undecunque
856 3079 954 3121 cauea
978 3057 1084 3137 fluuit,
1109 3059 1151 3119 idi
1172 3059 1265 3136 calpa

270 3151 333 3203 eet:
362 3152 396 3202 at
423 3145 451 3203 ei
477 3146 545 3221 quate
573 3143 790 3221 profectionem
814 3146 948 3204 suaserit
973 3151 1028 3202 cat
1054 3142 1185 3203 amicam
1210 3160 1264 3202 ar·

270 3227 407 3289 rescierit
427 3234 514 3288 trane
536 3245 622 3286 mare
643 3235 673 3305 et
692 3228 721 3287 ie
740 3227 905 3305 navifrapio
915 3227 1059 3305 perierit,
1081 3225 1126 3286 ud
1140 3243 1264 3286 coenam

268 3311 406 3372 invitarit
432 3321 460 3372 et
482 3313 510 3371 ie
535 3311 688 3373 cruditate
710 3311 773 3371 illic
800 3318 957 3371 eontracta
986 3311 1160 3370 decesserit.
1199 3305 1306 3369 Neam

267 3395 407 3473 fueritin
423 3412 520 3455 cauea
531 3396 635 3454 mortis
645 3395 740 3454 uoluam
753 3394 988 3454 adclamantium
997 3394 1114 3472 factam
1124 3393 1180 3454 aed
1194 3412 1262 3453 cre·

269 3480 384 3539 dalilae
397 3479 493 3553 uenia,
505 3478 536 3537 in
550 3479 655 3540 dolare
668 3478 801 3556 ferundo
811 3477 990 3554 inpunitam
1007 3478 1147 3554 denique,
1161 3479 1189 3537 ei
1197 3478 1263 3554 for-

268 3565 328 3625 ttor
340 3562 447 3639 fuisset
461 3570 514 3622 cat
524 3563 720 3639 prudentior,
738 3562 861 3622 ciceret.
891 3558 956 3621 Nec
974 3561 1057 3621 mala
1072 3571 1169 3623 mente
1181 3562 1263 3639 fece-

267 3653 360 3714 rant‚·
377 3654 405 3705 et
421 3647 472 3705 ille
483 3646 579 3722 poturit
592 3647 640 3706 oet
659 3663 699 3705 ea
717 3646 781 3706 loro
799 3645 904 3704 tumuli
922 3645 971 3705 oei
992 3663 1032 3707 ea
1047 3664 1139 3724 opere
1154 3644 1262 3704 tamai-

267 3730 371 3792 taurio
390 3729 571 3808 auspicari,
588 3748 647 3792 non
677 3747 743 3790 eoae
765 3736 993 3790 monumentum.
1033 3726 1093 3802 Qui
1114 3746 1187 3805 erqo
1204 3744 1264 3802 pu.-
