3184 4409
567 478 1000 549 msu.oauuou.u1u.w,3.
1221 469 1279 533 183

294 638 408 720 quidem
422 646 517 696 natum
532 635 567 695 ab
584 637 775 696 ostentatione
790 634 992 695 declamatoria
1005 637 1060 694 iam
1074 637 1107 695 iu.
1117 637 1209 697 iorum
1228 657 1279 698 ve-

293 727 345 799 nit,
367 730 519 800 postquam
534 737 622 797 agere
638 738 740 780 causas
754 736 812 778 uon
826 719 861 778 ad
876 719 1024 778 utilitatem
1039 719 1212 797 litigatorum
1227 723 1279 782 sed

294 809 330 868 ad
345 815 529 884 patronorum
543 806 724 864 iactationem
745 812 890 881 repertum
906 813 963 869 est;
979 821 1030 877 ue,
1049 805 1073 862 si
1090 823 1210 882 pressae
1226 806 1279 881 illi,

294 890 387 970 qualis
409 889 524 966 saepius
544 887 738 962 desideratur,
764 889 932 945 narrationis
957 887 1109 963 gracilitati
1130 891 1280 949 coniuncta

294 981 524 1050 argumentorum
544 973 710 1048 pugnacitas
731 971 832 1044 luerit,
855 970 949 1029 dilatis
968 970 1071 1029 diutius
1094 970 1206 1031 dicendi
1228 991 1279 1032 vo-

294 1056 450 1135 luptatibus
471 1056 562 1114 oratio
582 1056 763 1131 refrigescat.
796 1053 829 1112 lu
850 1071 906 1130 quo
921 1055 1018 1112 vitium
1032 1053 1102 1113 illud
1119 1065 1180 1130 est,
1202 1057 1307 1133 quoda

293 1142 357 1200 sine
372 1140 533 1198 discrimine
548 1156 696 1198 causarum
718 1148 804 1216 atque
817 1138 945 1196 utilitatis
961 1137 1032 1211 boc,
1053 1146 1185 1216 tanquam
1205 1157 1278 1198 sem·
1295 1173 1297 1177 ·

293 1243 349 1302 per
363 1223 497 1300 expediat
516 1232 563 1281 aut
584 1224 667 1281 etiam
685 1240 808 1281 necesse
823 1223 873 1295 sit,
897 1222 1015 1288 faciunt;
1037 1238 1131 1298 eoque
1153 1233 1280 1301 sumptas

294 1327 333 1366 ex
347 1307 390 1365 bis
405 1306 549 1384 partibus,
567 1323 683 1384 quarum
698 1307 770 1365 alius
788 1314 850 1364 erat
864 1305 964 1379 locus,
988 1307 1144 1365 sententias
1165 1308 1194 1364 in
1208 1307 1282 1367 banc

294 1398 463 1466 congerunt,
481 1397 511 1448 ut
525 1388 644 1467 plurima
659 1398 706 1447 aut
721 1392 822 1449 iterum
833 1388 952 1448 dicenda
965 1390 1020 1447 sint
1032 1399 1089 1463 aut,
1108 1392 1173 1468 quia
1184 1389 1279 1449 alieno

293 1476 362 1535 loco
381 1475 455 1534 dicta
472 1482 551 1551 sunt,
573 1473 628 1532 dici
644 1489 696 1531 suo
711 1490 769 1532 non
784 1475 906 1551 possint.
941 1471 1006 1548 llgo
1021 1481 1114 1531 autem
1130 1474 1309 1551 confiteor,4

292 1558 352 1618 boc
373 1556 533 1635 expatiandi
554 1573 645 1632 genus
665 1573 721 1615 uon
741 1561 826 1619 modo
848 1558 1002 1615 narrationi
1023 1557 1176 1617 sedetiam
1193 1575 1280 1636 quae-

293 1640 443 1715 stionibus,
459 1640 507 1699 vel
522 1642 662 1699 universis
677 1640 725 1699 vel
739 1641 851 1700 iuterim
862 1641 993 1716 singulis,
1011 1649 1172 1718 opportune
1191 1659 1280 1720 posse

293 1725 436 1801 subiungi,
454 1743 516 1783 cum
536 1741 584 1782 res
600 1723 726 1802 postulat
741 1733 788 1784 aut
804 1733 883 1783 certe
898 1725 1049 1802 permittit,
1072 1733 1158 1802 atque
1182 1743 1217 1784 eo
1232 1727 1281 1786 vel

292 1812 413 1869 maxime
434 1808 570 1867 illustrari
592 1808 744 1884 ornarique
766 1809 938 1875 oratiouem;
966 1808 1019 1866 sed
1044 1809 1068 1866 si
1092 1809 1231 1869 cohaeret
1252 1820 1281 1870 et

293 1894 437 1969 sequitur,
460 1909 516 1949 nou
542 1892 639 1968 siper
663 1893 720 1950 vim
740 1900 876 1951 cuneatur
898 1900 943 1966 et,
971 1908 1044 1967 quae
1064 1901 1163 1952 natura
1185 1894 1279 1954 iuncta

294 1985 390 2050 erant,
407 1975 545 2035 distrahit.
580 1973 657 2033 Nihil
672 1976 745 2033 enim
760 1984 817 2034 tam
832 1982 876 2033 est
891 1991 1072 2051 consequens
1087 1993 1170 2053 quam
1182 1986 1306 2038 narra-5

292 2060 363 2118 tioni
376 2058 524 2137 probatio,
551 2060 604 2117 nisi
626 2075 765 2117 excursus
787 2058 839 2117 ille
863 2057 911 2116 vel
932 2060 1011 2134 quasi
1032 2057 1095 2116 linis
1109 2061 1279 2119 narrationis

292 2144 340 2202 vel
357 2145 437 2220 quasi
452 2144 558 2201 initium
575 2141 752 2220 probationis
770 2150 825 2200 est.
861 2139 924 2199 llrit
939 2158 1010 2216 ergo
1024 2141 1066 2199 illi
1080 2159 1280 2220 nonnunquam

292 2226 386 2300 locus,
403 2235 443 2300 ut,
459 2227 482 2285 si
499 2226 642 2304 expositio
661 2226 737 2284 circa
753 2225 837 2284 linem
851 2232 934 2283 atrox
950 2225 1050 2299 luerit,
1071 2242 1280 2303 prosequamur

293 2328 356 2369 eam
376 2309 455 2368 velut
479 2317 645 2387 erumpente
671 2310 800 2386 protinus
821 2308 1024 2384 indignatione.
1073 2307 1158 2380 Quod
1185 2318 1307 2374 tamena

291 2395 330 2453 ita
346 2393 408 2451 fieri
424 2392 582 2471 oportebit,
605 2394 629 2451 si
642 2409 696 2450 res
711 2392 914 2452 dubitationem
929 2409 985 2450 uon
999 2391 1125 2451 habebit.
1160 2392 1278 2471 Alioqui

291 2478 371 2555 prius
387 2485 441 2550 est,
464 2477 540 2554 quod
556 2476 691 2550 obiicias,
707 2494 806 2535 verum
819 2476 938 2536 efficere
953 2493 1036 2554 quam
1051 2493 1196 2552 magnum,
1213 2479 1279 2553 quia

293 2562 439 2620 criminum
460 2559 564 2619 invidia
583 2577 637 2638 pro
658 2576 710 2618 reo
732 2569 793 2636 est,
816 2561 980 2638 priusquam
1000 2559 1182 2637 probabitur;
1204 2560 1277 2619 dilli-

279 2644 397 2703 cillima
417 2652 461 2703 est
495 2645 569 2702 enim
588 2644 748 2721 gravissimi
775 2645 913 2720 cuiusque
936 2643 1057 2702 sceleris
1078 2644 1160 2702 lides.
1202 2643 1316 2710 ldemtx

291 2727 426 2786 lierinon
442 2726 577 2786 inutiliter
592 2736 705 2806 potest,
721 2736 766 2801 ut,
781 2729 805 2786 si
819 2728 918 2787 merita
933 2729 961 2786 iu
976 2727 1168 2787 adversarium
1184 2728 1278 2805 aliqua

291 2812 480 2888 exposueris,
502 2812 530 2868 in
545 2812 684 2888 ingratum
698 2811 858 2880 inveharis;
880 2820 944 2885 aut,
959 2813 984 2869 si
1000 2812 1168 2871 varietatem
1185 2813 1276 2871 crimi-

291 2912 356 2952 num
383 2895 544 2954 narratione
565 2895 822 2970 demonstraveris,
848 2903 981 2973 quautum
1001 2895 1039 2954 ob
1060 2912 1095 2954 ea
1115 2895 1275 2972 periculum

291 2979 459 3052 intentetur,
486 2978 629 3037 ostendas.
673 2976 780 3037 Verum
798 2977 872 3037 baec
895 2978 1023 3037 breviter
1045 2979 1147 3038 omnia.
1188 2977 1306 3041 ludex8

292 3064 382 3135 enim,
410 3061 508 3124 ordine
528 3062 639 3136 audito,
662 3062 777 3120 festinat
802 3061 837 3120 ad
860 3061 1058 3140 probationem
1081 3070 1111 3121 et
1136 3063 1277 3139 quampri-

291 3162 366 3203 mum
382 3153 477 3204 certus
494 3163 560 3204 esse
576 3147 736 3205 sententiae
752 3146 840 3222 cupit.
876 3145 1030 3205 Praeterea
1047 3144 1203 3205 carendum
1220 3154 1276 3220 est,

291 3246 328 3286 ue
344 3229 406 3306 ipsa
422 3231 564 3306 expositio
579 3238 731 3305 vanescat,
757 3230 868 3288 aversis
888 3230 917 3287 iu
938 3229 1015 3288 aliud
1038 3231 1136 3289 animis
1157 3237 1187 3288 et
1202 3230 1285 3288 mant.

290 3328 369 3371 mora
389 3311 524 3389 fatigatis.

375 3396 434 3454 Sed
444 3404 474 3454 ut
488 3412 545 3453 uon
559 3413 675 3474 semper
694 3405 739 3455 est
754 3396 920 3455 necessaria
941 3404 1007 3474 post
1021 3396 1211 3455 narrationem
1227 3396 1305 3458 illas

290 3481 453 3556 procursio,
469 3479 507 3538 ita
525 3479 692 3559 frequenter
706 3480 784 3540 utilis
796 3488 861 3538 ante
873 3481 1070 3557 quaestionem
1082 3481 1274 3558 praeparatio,

290 3562 388 3639 utique
406 3563 430 3619 si
448 3563 535 3640 prima
551 3565 650 3642 specie
665 3565 756 3623 minus
776 3565 831 3623 erit
846 3562 1024 3638 favorabilis,
1041 3565 1065 3622 si
1080 3562 1175 3639 legem
1191 3581 1274 3641 aspe-

289 3662 350 3704 ram
372 3663 406 3704 ac
429 3648 580 3724 poenarias
605 3648 736 3707 actiones
756 3647 906 3706 tuebimur.
949 3645 1002 3706 itst
1017 3647 1069 3707 bic
1091 3646 1174 3707 locus
1194 3647 1275 3705 velut

289 3731 437 3810 sequentis
462 3730 629 3793 exordii.ad
652 3731 861 3792 conciliandum
878 3730 1093 3810 probationibus
1112 3731 1218 3790 nostris
1232 3731 1273 3789 ia·
