3184 4409
570 412 1008 522 msr.oannoa„n1n,1n,s.
1224 444 1284 506 115

289 619 355 675 stes
365 615 550 672 accusatur:
566 607 667 683 thesis,
680 605 728 668 An
742 606 865 670 Orestes
874 617 957 671 recte
968 611 1007 671 sit
1017 611 1190 680 absolutum·
1203 613 1283 672 cuius

288 694 410 772 generis
427 701 487 768 est,
508 688 558 752 An
577 689 652 752 Oato
668 700 751 753 recte
765 689 918 753 Marciam
932 691 1093 757 Hortensio
1109 698 1282 757 tradiderit.

290 779 325 839 tn·
343 778 439 838 thesin
454 794 471 835 a
488 793 575 835 causa
591 776 634 834 sic
649 775 841 852 distinguunt,
859 784 889 834 ut
905 776 954 836 illa
972 779 1010 837 sit
1025 781 1203 857 spectativae
1219 798 1283 858 par·

290 866 346 937 tis,
362 861 438 921 haec
454 861 581 927 activae;
598 858 659 918 illic
675 860 749 918 enim
759 860 890 919 veritatis
905 868 1012 920 tantum
1026 864 1119 939 gratia
1135 863 1283 941 disputari,

290 946 339 1006 hio
355 945 502 1022 negotium
518 944 575 1018 agi.

246 1023 256 1039 '
379 1027 548 1105 Quanquam
571 1025 687 1085 inutiles
714 1027 828 1105 quidam
850 1032 958 1089 oratori
979 1038 1078 1108 putant
1104 1029 1283 1089 universales
1292 1044 1326 1095 lt

292 1113 498 1191 quaestiones,
527 1111 593 1187 quia
618 1108 688 1168 nihil
717 1114 825 1188 prosit,
856 1114 932 1191 quod
955 1121 1083 1188 constet,
1111 1114 1284 1174 ducendam

290 1215 360 1258 esse
385 1213 513 1256 umorem
533 1193 583 1252 vet
609 1194 887 1258 administrandam
907 1199 1141 1277 rempublicam,
1170 1198 1195 1255 si
1220 1197 1284 1294 quis

290 1279 341 1339 rel
356 1288 453 1339 aetate
467 1278 516 1337 vel
530 1276 694 1336 valetudine
709 1279 888 1357 impediatur.
920 1281 978 1340 Sed
992 1298 1049 1339 non
1065 1278 1193 1339 omnibus
1209 1281 1284 1338 eius·

291 1363 370 1424 modi
385 1360 602 1441 quaestionibus
621 1363 663 1420 sio
679 1365 792 1422 occurri
809 1372 924 1442 potest,
947 1375 978 1424 ut
998 1364 1071 1439 illis,
1090 1367 1167 1424 sitne
1187 1366 1285 1423 uirtus
1337 1419 1340 1424 .

290 1448 384 1525 finis?
405 1454 573 1525 regaturne
590 1447 786 1522 procidentia
805 1450 960 1510 mundus?
989 1447 1063 1522 Quin
1087 1449 1171 1506 etiam
1186 1448 1214 1505 in
1228 1446 1282 1522 lus,
1293 1456 1327 1509 13

293 1548 366 1609 quae
389 1529 424 1589 ad
447 1546 602 1608 personam
624 1528 804 1606 referuntur,
830 1541 937 1591 utnon
958 1540 1003 1591 est
1026 1534 1095 1591 satis
1118 1531 1284 1608 generalem

292 1623 437 1675 tractasse
464 1613 677 1690 quaestionem,
707 1615 745 1673 ita
771 1617 916 1692 perveniri
942 1616 977 1675 ad
1003 1618 1131 1694 speciem
1156 1616 1210 1673 nisi
1235 1615 1284 1673 illa

293 1701 371 1777 prins
395 1714 519 1757 excussa
540 1712 597 1755 non
620 1706 726 1774 potest.
772 1696 844 1758 Nam
867 1700 1028 1776 quomodo,
1055 1697 1104 1760 An
1124 1700 1184 1761 sibi
1205 1717 1286 1759 uaor

294 1784 438 1846 ducenda
453 1783 507 1855 sit,
524 1779 696 1839 deliberabit
713 1779 801 1856 Cato,
820 1785 873 1842 nisi
891 1785 1067 1858 constiterit,
1087 1802 1201 1845 macres
1219 1802 1285 1843 esse

294 1866 478 1929 ducendas?
520 1863 557 1923 Et
583 1864 746 1942 quomodo,
772 1867 825 1926 An
849 1868 965 1930 ducere
992 1868 1099 1929 debeat
1119 1865 1284 1940 Marciam,

293 1959 466 2028 quaeretur,
485 1949 539 2008 nisi
556 1945 663 2009 Catoni
682 1951 827 2011 ducenda
844 1969 925 2012 uuor
946 1953 1011 2010 est?
1041 1952 1112 2010 Sunt
1134 1961 1228 2009 tamen
1243 1951 1283 2007 in·
1273 1954 1327 2006 -14

292 2035 395 2112 scripti
417 2035 532 2092 nomine
547 2031 743 2108 Hermagorae
766 2032 847 2108 libri,
862 2037 919 2132 ‘qui
938 2019 1104 2093 confirmant
1123 2020 1200 2092 illam
1222 2034 1284 2110 opi·

290 2119 423 2192 nionem,
452 2119 514 2176 sive
540 2116 630 2174 salsus
656 2124 701 2175 est
722 2116 821 2175 titulus
844 2119 907 2176 sive
930 2118 1003 2177 alius
1026 2117 1072 2175 hic
1091 2116 1284 2192 Hermagoras
1345 2162 1347 2165 .

290 2201 353 2260 fuit.
392 2199 466 2260 Nam
484 2199 612 2259 eiusdem
627 2217 694 2258 esse
711 2200 856 2275 quomodo
874 2209 1011 2279 possunt,
1035 2203 1083 2276 qui
1100 2200 1136 2259 de
1153 2199 1209 2259 hae
1223 2208 1285 2257 arte

290 2285 462 2345 mirabiliter
481 2283 569 2344 multa
594 2284 772 2360 composuit,
796 2301 876 2359 cum,
896 2286 970 2343 sicut
991 2302 1028 2342 ex
1048 2281 1198 2343 Ciceronis
1215 2299 1284 2358 quo-

291 2387 349 2448 que
364 2369 513 2428 rhetorico
529 2369 622 2444 primo
640 2367 821 2426 manifestum
836 2329 897 2444 esl,
917 2370 1064 2428 materiam
1079 2367 1265 2426 rhetorices
1257 2384 1286 2424 ιιι

288 2452 382 2513 thesis
410 2461 439 2511 et
461 2468 563 2511 causas
589 2447 740 2510 diviserit?
782 2451 867 2525 Quod
892 2451 1078 2530 reprehendit
1099 2449 1221 2526 Cicero,
1250 2467 1285 2508 ac

289 2537 387 2597 thesin
410 2535 479 2595 nihil
500 2535 535 2594 ad
557 2544 701 2594 oratorem
722 2537 870 2613 pertinere
896 2536 1042 2596 contendit
1064 2544 1211 2627 totumque
1228 2533 1285 2593 hoo

289 2639 385 2698 genus
405 2620 582 2698 quaestionis
598 2618 633 2678 ad
653 2619 845 2697 philosophos
866 2620 966 2679 refert.
1009 2620 1067 2680 Sed
1088 2609 1327 2679 meltberavrt15

289 2703 488 2782 respondendi
508 2703 700 2779 verecundia,
724 2712 753 2762 et
769 2703 875 2780 quod
867 2722 931 2782 ipse
949 2703 1003 2763 hos
1020 2703 1110 2763 libros
1132 2702 1284 2780 improbat,

292 2799 319 2848 et
336 2786 446 2866 quod
437 2805 466 2846 ιιι
490 2796 606 2845 oratore
628 2796 721 2864 atque
716 2766 797 2862 his,
822 2804 895 2880 quos
911 2789 947 2848 de
969 2797 1086 2847 oratore
1102 2788 1234 2864 scripsit
1253 2794 1286 2845 et

292 2872 411 2951 Topicis
432 2872 593 2949 praecipit,
612 2879 642 2929 ut
664 2872 821 2949 apropriis
838 2873 977 2950 personis
1000 2881 1086 2948 atque
1107 2869 1285 2948 temporibus

291 2973 449 3017 avocemus
472 2956 712 3014 controversiam:
736 2955 810 3031 quia
827 2956 921 3017 latius
939 2958 1043 3017 dicere
1064 2956 1157 3016 licoat
1177 2955 1215 3015 de
1231 2973 1285 3031 pe-

291 3059 365 3102 rere
383 3056 476 3117 quam
489 3040 529 3100 d'e
543 3040 662 3117 specie,
685 3045 730 3115 et,
755 3040 838 3116 quod
852 3040 885 3100 in
899 3042 1041 3102 aniverso
1052 3038 1216 3117 probatum
1234 3039 1284 3114 sit,

291 3126 321 3184 in
342 3130 437 3203 parte
454 3123 617 3202 probatum
640 3140 707 3183 esse
726 3125 918 3188 accessesit.
953 3126 1049 3184 Status
1072 3131 1166 3181 autem
1185 3123 1213 3179 in
1229 3121 1285 3180 hoo
1296 3126 1328 3180 16

295 3224 377 3268 omne
394 3225 486 3284 genus
501 3207 638 3267 materiae
655 3205 757 3281 iidem,
778 3208 826 3284 qni
844 3207 1006 3280 incensas,
1033 3206 1145 3265 cadunt.
1182 3204 1286 3264 Adhuc

294 3292 440 3366 adiicitur,
462 3291 534 3350 alias
553 3307 619 3348 esse
636 3291 823 3368 quaestiones
837 3292 866 3349 in
887 3291 974 3350 rebus
995 3291 1083 3367 ipsis,
1100 3289 1186 3364 alias,
1211 3306 1285 3365 quae

295 3375 327 3434 ad
343 3375 452 3453 aliquid
467 3374 644 3433 referantur:
667 3373 755 3448 illud,
775 3371 824 3434 An
844 3392 925 3436 uuor
946 3373 1113 3435 ducenda?
1142 3372 1215 3447 hoc,
1237 3369 1286 3432 An

293 3461 357 3520 seni
386 3460 552 3521 ducenda?
581 3457 671 3534 illud,
700 3455 750 3518 An
774 3459 886 3536 fortis?
917 3458 990 3532 hoc,
1020 3454 1069 3516 An
1094 3457 1225 3534 fortior?
1256 3465 1285 3515 et

294 3543 402 3604 similia.

378 3625 529 3687 Causam
552 3625 612 3685 finit
632 3625 850 3703 Apollodorus,
880 3634 911 3684 ut
931 3624 1167 3702 interpretatione
1189 3620 1326 3696 Valgiitl

297 3709 438 3790 discipuli
447 3712 519 3770 eius
524 3719 602 3786 utar,
625 3710 680 3770 ita:
703 3707 809 3771 Causa
830 3717 875 3770 est
894 3711 1045 3789 negotium
1066 3709 1204 3768 omnibus
1220 3705 1285 3764 suis

1094 3787 1138 3852 g*
