3184 4409
567 491 1014 560 1nsu.onaron.u1n.x11‚a.
1223 478 1287 541 249

246 684 251 715 ;
264 664 272 722 q
290 648 440 735 rigatione
452 665 535 726 quam
545 647 730 708 velocissima
740 646 828 707 iubet.
851 645 954 725 Neque
965 664 1037 707 vero
1049 646 1285 725 Aristippus,

246 768 270 809 ,
292 749 431 791 summum
453 732 645 810 inuoluptate
666 731 799 808 corporis
820 730 925 790 bonum
940 748 1067 809 ponens,
1089 730 1214 790 adhunc
1232 747 1286 790 nos

246 844 270 894 ι
292 815 424 876 laborem
442 815 580 874 hortatur.
613 815 776 890 Pyrrhon
791 814 905 894 quidem
922 833 993 892 quas
1009 817 1037 873 in
1052 814 1109 873 hoo
1130 830 1220 890 opere
1234 813 1285 874 ba*

246 934 272 997 [p
291 897 364 958 bere
379 908 477 977 partes
493 895 612 977 potest?
634 899 679 958 cui
694 899 804 959 iudices
820 916 897 973 esse,
914 898 989 976 apud
1000 914 1073 976 quos
1087 895 1177 956 verba
1188 897 1285 973 faciat,

246 1019 272 1063 ,p
293 991 438 1058 etueum,
460 999 586 1060 proquo
606 982 757 1061 loquatur,
779 991 809 1041 et
825 988 971 1058 senatum,
995 984 1023 1040 in
1039 997 1096 1058 quo
1111 980 1151 1040 sit
1164 979 1286 1045 dicenda

246 1067 453 1148 ffsententia,
478 1083 535 1124 non
555 1065 685 1144 liquebit.
717 1065 947 1125 Academiam
973 1064 1086 1143 quidam
1108 1064 1325 1130 utilissimarum

246 1176 271 1233 q,
293 1148 430 1225 credunt,
453 1149 530 1226 quod
544 1166 606 1208 mos
624 1150 652 1206 in
669 1157 818 1226 utramque
839 1157 949 1227 partem
964 1147 1125 1226 disserendi
1143 1146 1179 1207 ad
1201 1165 1284 1207 exer·

246 1256 270 1318 ,q
294 1233 459 1292 citationem
480 1232 637 1292 forensium
661 1250 810 1292 causarum
828 1233 959 1310 proxime
981 1231 1111 1292 accedat.
1138 1229 1285 1294 Adiieiuut

246 1342 269 1403 p,
292 1315 361 1376 loco
376 1315 571 1394 probationis,
596 1315 673 1394 quod
690 1334 724 1375 ea
740 1317 1003 1393 praestantissimos
1018 1317 1046 1375 in
1062 1315 1228 1393 eloquentia
1242 1316 1284 1373 vi·
1308 1377 1313 1397 ι

291 1415 343 1458 ros
361 1399 491 1459 ediderit.
522 1400 766 1478 Peripatetici
786 1399 880 1459 studio
897 1417 1013 1479 quoque
1028 1417 1062 1458 se
1080 1398 1202 1481 quodam
1220 1414 1284 1457 ora-

246 1524 267 1572 ,
292 1484 367 1543 torio
388 1483 503 1542 iactant.
536 1482 608 1543 Nam
631 1483 730 1543 theses
753 1483 851 1543 dicere
872 1485 1087 1543 exercitationis
1108 1484 1200 1558 gratia
1221 1481 1284 1540 fere

246 1593 266 1657 p
293 1575 339 1625 est
355 1565 440 1626 abiis
456 1567 620 1626 institutum.
654 1567 787 1644 Stoici,
806 1569 880 1626 sicut
896 1568 1008 1645 copiam
1024 1568 1203 1643 nitoremque
1221 1565 1283 1624 elo·

246 1694 265 1743 Ι,
294 1651 428 1728 quentiae
443 1650 506 1709 fere
518 1650 757 1729 praeceptoribus
774 1652 833 1710 suis
844 1650 973 1710 defuisse
988 1650 1148 1709 concedant
1159 1666 1283 1708 necesse

246 1776 264 1826 p
293 1741 355 1809 est,
376 1735 415 1793 ita
435 1734 530 1794 nullos
549 1743 597 1794 aut
618 1733 744 1812 probare
767 1735 861 1794 acrius
884 1743 932 1794 aut
955 1734 1130 1794 concludere
1151 1732 1283 1792 subtilius

254 1845 264 1908 p
293 1818 477 1877 contendunt.
508 1817 567 1878 Sed
586 1817 659 1878 baec
676 1819 750 1877 inter
764 1819 863 1896 ipsos,
882 1819 930 1896 qui
945 1819 1026 1878 velut
1041 1825 1220 1878 sacramento
1235 1824 1325 1879 rouo

246 1946 263 1997 Ι,
292 1902 352 1978 gati
373 1900 422 1960 vel
450 1903 536 1960 etiam
561 1902 766 1979 superstitione
793 1903 940 1961 constricti
966 1901 1048 1960 nefas
1075 1901 1215 1961 ducante
1235 1918 1282 1959 su·

246 2022 261 2081 ι
293 1993 394 2062 scepta
413 1985 503 2044 semel
526 1985 715 2062 persuasione
737 1985 899 2044 discedere.
929 1983 1043 2045 Oratori
1059 2001 1131 2043 vero
1150 1983 1220 2043 nihil
1237 1992 1283 2043 εει

246 2116 261 2166 3
292 2085 417 2127 necesse
435 2068 463 2127 in
479 2070 644 2146 cuiusquam
663 2069 757 2127 iurare
773 2068 866 2144 leges.
897 2066 987 2128 llaius
1004 2069 1078 2127 enim
1093 2076 1138 2126 εει
1153 2084 1227 2144 opus
1243 2073 1324 2128 εει-27

246 2200 260 2252 ,Ι
293 2169 350 2229 que
373 2153 580 2229 praestantius,
608 2151 643 2211 ad
668 2151 744 2228 quod
765 2152 829 2228 ipse
851 2151 957 2227 tendit,
984 2160 1014 2210 et
1034 2153 1114 2210 cuius
1137 2159 1182 2210 εει
1202 2149 1283 2209 velut

293 2235 478 2310 candidatus,
502 2235 527 2293 si
547 2235 661 2311 quidem
681 2243 725 2295 est
746 2235 856 2306 futurus
875 2253 938 2294 cum
951 2236 1027 2294 uitae
1043 2243 1101 2293 tum
1121 2236 1204 2293 etiam
1221 2233 1283 2293 elo·

246 2368 259 2420 [a
293 2320 427 2396 quentiae
441 2317 525 2378 lau'de
540 2319 697 2395 perfectus.
726 2317 822 2391 Quare
837 2319 865 2376 in
880 2318 1042 2396 exemplum
1057 2316 1168 2376 dicendi
1184 2317 1282 2377 facun-

246 2451 267 2503 'A
292 2402 438 2461 dissimum
455 2418 597 2479 quemque
613 2408 757 2480 proponet
768 2401 824 2461 sibi
838 2401 873 2461 ad
887 2401 1058 2475 imitandum,
1074 2400 1200 2460 moribus
1210 2417 1282 2460 vero

246 2524 256 2588 '-
292 2484 447 2544 formandis
470 2501 552 2561 quam
572 2484 774 2544 honestissima
799 2495 956 2563 praecepta
977 2486 1222 2563 rectissimamque
1247 2482 1283 2544 ad

253 2603 256 2637 r
291 2571 425 2628 virtutem
446 2569 522 2626 viam
545 2568 664 2645 deliget.
701 2567 917 2629 Exercitatione
939 2568 1053 2646 quidem
1075 2576 1170 2627 utetur
1195 2567 1280 2643 omni,

252 2648 261 2719 ¹,
291 2651 345 2712 sed
361 2659 455 2710 tamen
472 2653 527 2711 erit
541 2651 677 2729 plurimus
692 2653 720 2710 in
736 2652 865 2721 maximis
881 2652 1042 2730 quibusque
1057 2669 1091 2711 ae
1106 2659 1203 2711 natura
1218 2650 1281 2729 pul·

246 2703 254 2788 7
293 2736 451 2795 cherrimis.
494 2733 660 2813 Numquae
681 2744 779 2815 potest
804 2737 922 2795 materia
947 2737 1070 2814 reperiri
1095 2735 1134 2800 ad
1156 2736 1347 2812 gravtmras

246 2798 252 2922 J
293 2821 472 2897 copioseque
494 2817 644 2879 dicendum
665 2821 755 2897 magis
776 2818 921 2882 abundans
938 2837 1022 2897 quam
1042 2819 1078 2880 de
1097 2821 1221 2894 virtute,
1245 2818 1281 2877 de

246 2955 251 3002 4
292 2903 473 2979 republica,
492 2902 528 2963 de
543 2903 737 2981 providentia,
762 2903 799 2963 de
819 2904 929 2980 origine
944 2905 1115 2979 animorum,
1135 2901 1171 2961 de
1185 2901 1280 2961 amici-

247 3044 250 3083 Ι
292 2983 351 3045 tia?
376 2985 455 3046 llaec
470 2995 551 3062 sunt,
574 2986 676 3067 quibus
690 3005 771 3046 mens
786 2987 895 3065 pariter
910 2996 995 3064 atque
1010 2987 1102 3047 oratio
1118 2987 1280 3060 insurgant:

292 3087 367 3147 quae
385 3086 455 3129 vere
478 3068 570 3147 bona,
593 3070 660 3148 quid
681 3072 793 3148 mitiget
813 3073 930 3146 metus‚'
946 3077 1082 3129 coerceat
1098 3068 1281 3146 cupiditates,

293 3153 398 3210 eximat
412 3169 465 3211 nos
481 3155 662 3232 opinionibus
677 3154 757 3232 vulgi
771 3155 949 3231 animumque
966 3153 1135 3213 coelestem.

375 3233 477 3313 Neque
499 3238 666 3314 casulum,
691 3255 765 3315 quae
788 3236 892 3298 talibus
910 3236 1068 3313 disciplinis
1091 3234 1322 3310 continentunbll

246 3384 247 3391 ἵ
293 3316 346 3376 sed
360 3321 451 3394 magis
468 3321 571 3398 etiam,
595 3339 670 3401 quae
690 3330 757 3380 sunt
772 3320 980 3399 antiquitus
997 3319 1094 3379 dicta
1117 3334 1158 3377 ac
1178 3318 1280 3379 iacta

292 3402 506 3479 praeclare,
528 3413 558 3464 et
579 3422 668 3464 nosse
691 3414 720 3465 et
740 3405 832 3464 animo
855 3420 971 3480 semper
988 3403 1097 3478 agitare
1117 3402 1278 3461 conveniet.

293 3483 375 3557 Quae
396 3483 531 3562 profecto
553 3505 691 3569 nusquam
713 3488 797 3567 plura
817 3489 983 3564 maioraque
1008 3503 1091 3564 quam
1112 3485 1279 3552 innostrae

292 3569 414 3627 civitatis
431 3573 617 3630 monumentis
631 3574 824 3650 reperientur.
855 3570 901 3629 An
915 3570 1117 3645 fortitudinem,
1133 3570 1322 3644 iustitiam,30

292 3652 392 3728 iidem,
423 3653 640 3730 continentiam,
666 3655 878 3733 frugalitatem,
905 3662 1098 3733 contemptum
1118 3653 1227 3714 doloris
1245 3669 1281 3712 ae

290 3737 391 3797 mortis
412 3735 514 3797 melius
537 3737 585 3799 alii
605 3738 751 3802 docebunt
773 3757 857 3819 quarn
874 3736 1016 3814 Fabricii,
1039 3735 1134 3814 Curii,
1161 3735 1281 3814 flegun„
