3184 4409
348 473 404 534 116
655 483 692 532 u.
710 483 789 530 uus.
807 482 1026 543 Qumnmmnr

343 640 473 700 instruit.
517 636 560 700 Tu
576 656 682 711 cuoes,
701 657 740 699 ne
759 637 945 700 consultores
957 641 1020 706 tui,-
1043 638 1110 713 ille,
1125 657 1166 699 nc
1177 640 1280 702 arbes
1295 647 1342 702 au

303 733 337 786 33
344 733 449 785 castra
464 724 636 800 capiantur.
667 721 725 780 Sed
741 720 795 784 hoo
811 722 904 798 gretie
920 721 1045 782 nonfuit
1060 730 1216 782 contentus
1234 734 1339 800 orator,

343 809 429 866 vertit
450 808 477 865 in
505 807 677 865 contrarium
693 805 813 864 eandem
828 805 962 881 figurem:
989 805 1046 867 ille
1064 813 1144 866 tenet
1165 815 1195 867 et
1209 811 1293 884 scit,
1314 815 1340 868 ut

345 893 470 958 iosa'uni
484 891 609 968 eopiae;
629 899 678 963 tu,
689 896 722 948 ut
736 907 836 967 aquae
844 891 970 967 pluviae
980 898 1158 952 arceantur.
1179 888 1243 953 Ille
1259 911 1339 953 caer

302 978 455 1049 Siritatur
479 977 510 1034 ia
533 973 745 1052 proponendis
765 973 893 1050 iniibus,
914 982 948 1034 tu
965 976 998 1034 in
1017 975 1174 1053 recendis.
1219 974 1339 1036 Possunt

344 1059 435 1118 media
455 1075 570 1134 quoque
589 1057 769 1135 respondere
784 1057 833 1116 vel
849 1058 964 1135 primis:
985 1066 1016 1117 ut

431 1141 471 1202 Tc
485 1161 589 1202 neruus
603 1138 779 1219 Attonitae,
799 1143 898 1202 citrea
917 1149 946 1202 te
961 1139 1095 1203 facinus
1108 1143 1216 1211 undas

345 1226 392 1284 vel
407 1227 526 1285 ultimis:
538 1223 624 1287 Haeo
637 1227 725 1285 navis
740 1233 847 1285 onusta
861 1227 985 1302 praecio
998 1223 1171 1303 Siciliensi,
1189 1230 1339 1306 cumipse

333 1328 460 1387 *qunque
485 1316 562 1370 esset
582 1327 622 1369 en
644 1309 774 1386 praeda.
822 1307 886 1368 Neo
913 1310 1061 1387 quisquam
1083 1308 1244 1385 dubitabit,
1272 1312 1340 1372 iden

345 1395 406 1454 lieri
431 1410 520 1471 posse
541 1393 650 1452 iteretis
671 1393 804 1470 utrinque
823 1393 935 1454 mediis.
980 1392 1168 1472 Respondent
1189 1384 1295 1471 tirimis
1316 1402 1340 1454 et

344 1477 457 1538 ultime:
480 1475 566 1537 Multi
586 1486 614 1538 et
628 1495 741 1554 annues
762 1477 882 1539 dolores
901 1479 1014 1539 inventi
1026 1477 1206 1556 perenibus
1225 1487 1256 1540 et
1274 1497 1341 1558 pre

303 1562 465 1639 tipinquis
485 1562 577 1623 multi.
619 1559 672 1619 Est
694 1569 723 1618 et
744 1560 814 1620 illud
837 1560 989 1640 repetendi
1011 1579 1119 1639 genus,
1146 1561 1229 1639 quod
1254 1561 1338 1623 semei

345 1645 493 1723 proposito
508 1647 592 1704 iterat
607 1653 636 1703 et
652 1644 765 1704 dividit:

426 1727 544 1805 Iphitus
560 1737 588 1788 ct
603 1726 703 1790 Pelias
723 1747 856 1805 meeum,
877 1744 1004 1807 quorun
1021 1727 1139 1806 tpteos
1159 1747 1240 1791 aevo

426 1810 495 1872 Iun
508 1813 651 1890 morior,
672 1810 773 1873 Pelias
794 1821 822 1874 et
835 1814 961 1875 uulnere
980 1814 1091 1874 turdus
1110 1810 1200 1873 duct.

341 1885 500 1967 Ἐνιάνοδος
522 1897 624 1956 dicitur
650 1895 777 1971 Graece,
804 1897 895 1956 nostri
924 1897 1202 1974 regressionem
1224 1905 1336 1958 vorant

303 1977 405 2041 36Nee
421 1979 555 2038 salumin
571 1980 672 2039 eodem
687 1999 775 2039 sensu
789 1981 842 2040 sed
858 1981 942 2040 etiem
957 1983 985 2040 in
1002 1980 1118 2050 diverso
1133 1980 1238 2040 eadem
1253 1980 1338 2041 verbu

346 2072 462 2122 eontra:
485 2062 808 2143 Pnnapnnatqnnas
827 2074 893 2125 erat
906 2082 1007 2142 paene
1021 2082 1099 2142 pur,
1118 2083 1179 2126 noo
1191 2081 1261 2142 par
1278 2066 1337 2145 for·

343 2155 426 2208 tasse
446 2166 566 2224 eorum,
592 2151 644 2226 qui
668 2149 880 2226 sequebantur.
928 2148 1043 2208 Interim
1069 2149 1196 2207 varietur
1225 2149 1337 2209 cosmus

344 2229 417 2290 haee
441 2239 469 2290 et
493 2232 648 2307 generibus
671 2233 852 2292 retractatio:
877 2229 1008 2310 Moenus
1028 2239 1073 2294 est
1095 2233 1183 2292 labor
1203 2233 1336 2306 dicendi,

344 2333 455 2391 naono
475 2335 525 2376 res
544 2325 607 2384 est,·
629 2325 657 2375 et
680 2317 754 2393 apud
770 2316 905 2376 Rutilium
921 2316 1008 2392 longa
1028 2312 1170 2398 περιόδῳ,
1195 2315 1337 2377 sedisse

346 2400 423 2457 initia
439 2402 642 2459 sententiarum
657 2409 736 2459 sunt:
755 2398 849 2461 Pater
867 2400 916 2460 lu'c
929 2401 1021 2460 tuos?
1044 2409 1167 2478 patrem
1179 2419 1269 2461 nunc
1284 2418 1336 2478 op-

303 2491 336 2546 37
345 2484 463 2557 nelias?
483 2487 582 2560 patris
596 2486 640 2544 tui
653 2485 734 2561 filius
750 2486 804 2545 es?
844 2483 890 2542 Fit
905 2483 1018 2543 casibus
1033 2485 1117 2545 modo
1138 2482 1195 2542 hoc
1210 2483 1337 2557 scheme,

346 2565 421 2644 qood
438 2562 626 2627 πολύπτωτον
645 2577 758 2627 vocent.
802 2569 943 2628 constent
958 2576 987 2626 et
1002 2566 1065 2626 aliis
1080 2568 1165 2627 etiam
1182 2567 1293 2629 modis:
1311 2575 1338 2624 ot

345 2666 398 2725 pro
418 2647 566 2709 Cluentio:
590 2649 677 2723 Quod
691 2659 792 2713 auten
807 2661 925 2730 tempus
937 2653 1046 2712 veneni
1060 2652 1179 2712 dandi?
1199 2651 1256 2712 illo
1270 2651 1338 2712 utet

345 2734 376 2791 in
397 2734 450 2793 illa
470 2736 665 2813 frequentia?
705 2734 765 2796 Per
786 2753 873 2814 quern
891 2753 986 2813 porro
1007 2736 1133 2796 datura?
1153 2735 1240 2795 unde
1258 2753 1337 2795 surn-

344 2819 449 2893 ptum?
470 2836 547 2895 quae
561 2837 654 2895 porro
672 2821 849 2898 interceptio
868 2821 992 2898 poculi?
1015 2838 1072 2879 cur
1087 2837 1147 2879 non
1167 2819 1206 2879 dc
1222 2820 1339 2897 inteqro

243 2915 249 2928 ·
304 2906 444 2961 38arttern
467 2905 590 2962 datum?
630 2902 710 2962 Hono
729 2922 824 2963 rerum
845 2905 1024 2963 coniunctam
1047 2903 1244 2962 diversitatem
1267 2901 1337 2962 Cae·

347 2978 721 3064 inemendationem,
744 2988 836 3065 qualis
853 2996 897 3046 est
913 3004 965 3064 pro
982 2985 1114 3046 Cluentio
1136 2985 1220 3044 locus
1235 2987 1265 3044 in
1282 2984 1337 3063 Op·

346 3070 500 3145 pinninum:
521 3070 610 3131 illuni
629 3072 751 3131 tabulas
763 3073 905 3149 publicas
926 3068 1034 3131 Larini
1053 3071 1211 3131 censorias
1232 3089 1338 3131 come

345 3155 427 3226 pisse
442 3156 621 3215 decuriones
641 3156 776 3216 uniuersi
789 3157 1018 3228 iudicauerunt,
1039 3153 1168 3215 aemilio
1181 3173 1271 3215 nemo
1286 3171 1337 3214 ro·

344 3239 451 3297 tionem
469 3259 555 3299 neom
575 3258 639 3300 rene
659 3240 751 3299 ullam
768 3239 980 3314 contrahebat,
1001 3256 1089 3300 neruo
1111 3238 1195 3298 illurn
1217 3256 1260 3298 eor
1280 3245 1339 3298 ton

345 3322 445 3380 inultis
467 3325 604 3400 coenatis
624 3329 652 3384 et
681 3322 824 3400 affinibus
848 3330 976 3383 tutorem
996 3339 1130 3399 unqirurn
1149 3321 1258 3382 liberis
1276 3324 1339 3383 suis

304 3411 337 3466 39
345 3405 486 3480 scripsit,
513 3416 542 3465 et
563 3407 699 3483 deinceps
723 3407 815 3466 adhuc
834 3406 931 3468 multe.
968 3405 1006 3465 Ut
1026 3405 1100 3464 haec
1112 3406 1150 3462 in
1166 3422 1254 3464 unum
1272 3421 1337 3465 oon

345 3497 496 3561 geruntur:
513 3492 551 3548 ita
568 3500 666 3549 contre
681 3490 730 3549 illo
746 3491 877 3568 dispersa
892 3498 974 3564 sunt,
987 3506 1061 3567 quae
1072 3505 1089 3546 u
1102 3485 1248 3572 Cicerone
1266 3489 1337 3549 dis-

346 3571 464 3647 sipata
480 3571 536 3631 dici
554 3584 639 3650 puto:

493 3654 551 3716 iiie
568 3664 696 3735 segetes,
712 3658 775 3718 illic
785 3658 906 3718 aenium
922 3656 1044 3737 fcinus
1062 3674 1153 3731 aeae,

495 3737 626 3801 Arborei
638 3741 718 3820 setus
733 3741 818 3817 olidi,
