3184 4409
581 461 670 510 mor.
684 462 914 512 onerosum.
927 460 1009 528 1‚1c.
1253 450 1295 509 47

299 617 392 678 mellis
419 617 501 678 illurn
528 615 724 676 inimitabilem
754 617 894 678 humanae
922 618 1026 677 rationi
1052 634 1187 695 saporem
1213 619 1294 677 vario

299 703 400 762 dorum
428 720 463 762 ac
486 717 621 759 sucorum
648 718 758 776 genere
782 700 953 778 perliciunt:
981 719 1035 759 uos
1063 701 1243 776 mirabimur,
1270 702 1295 761 si

246 827 250 865 ,
300 788 410 861 oratio,
427 803 483 864 qua
499 783 569 843 nibil
588 786 780 862 praestantius
796 783 904 844 homiui
921 785 999 845 dedit
1015 785 1212 863 providentia,
1230 785 1294 864 plu·

246 924 251 933 .
299 871 376 929 ribus
398 867 509 930 artibus
528 877 628 944 egeam
653 886 745 945 quae,
769 869 855 928 etiam
875 887 939 928 cum
959 886 993 928 se
1010 886 1068 928 nou
1091 870 1244 929 ostendunt
1265 871 1295 928 in

246 1008 251 1016 .
300 953 422 1015 dicendo
442 971 499 1012 uec
523 952 690 1030 prolcruut,
719 953 778 1011 rim
800 960 896 1011 tamen
917 952 1062 1012 occultam
1084 962 1244 1030 suggerunt
1266 962 1296 1012 et

246 1092 251 1100 .
301 1039 405 1098 tacitae
421 1054 539 1116 quoque
558 1037 727 1095 sentiuntur.
758 1034 847 1111 „Fuit
863 1036 967 1114 aliquis
986 1038 1048 1094 siue
1065 1036 1110 1095 bis
1128 1038 1253 1097 disertus
1263 1041 1319 1096 :“8

246 1163 251 1200 ,
302 1130 327 1191 at
343 1139 402 1199 ego
421 1129 568 1181 oratorem
588 1119 669 1179 uolo.
691 1118 779 1195 „Nou
796 1119 913 1179 multum
931 1122 1106 1180 adiiciunt:“
1125 1121 1178 1181 sed
1196 1123 1296 1200 utique

302 1206 429 1287 nouerit
447 1213 555 1279 totum,
578 1204 624 1262 cui
644 1203 692 1263 vel
712 1221 802 1281 parva
818 1204 954 1280 deerunt,
977 1213 1006 1264 et
1026 1205 1163 1282 optimum
1180 1206 1295 1283 quidem

303 1288 354 1349 boc
376 1307 448 1349 esse
470 1289 640 1355 couveniet;
664 1289 745 1346 cuius
768 1289 880 1348 etiamsi
902 1290 931 1348 in
951 1289 1041 1348 arduo
1063 1306 1133 1366 spes
1156 1298 1217 1364 est,
1241 1307 1294 1347 uos

304 1380 394 1433 tamen
414 1373 627 1451 praecipiamus
643 1373 754 1445 omnia,
780 1380 811 1430 ut
831 1372 935 1432 saltem
957 1372 1041 1450 plura
1057 1373 1134 1432 liant.
1167 1373 1226 1433 Sed
1243 1391 1295 1431 cur

246 1508 249 1523 ‚
305 1455 415 1517 deliciat
432 1452 562 1516 animus?
589 1454 698 1515 Natura
717 1456 792 1514 euim
810 1455 972 1533 perlectum
988 1466 1135 1516 oratorem
1152 1475 1220 1517 esse
1238 1473 1295 1516 non

246 1563 253 1618 ,
306 1541 452 1618 probibet,
474 1541 656 1619 turpiterque
679 1536 852 1618 desperatur
873 1541 1009 1620 quidquid
1029 1541 1092 1600 lieri
1113 1550 1221 1620 potest.

701 1693 745 1742 DE
763 1693 892 1772 MUSlCE.

250 1860 252 1866 Ι
387 1790 487 1867 Atque
506 1806 564 1866 ego
587 1790 636 1849 rel
658 1791 764 1851 iudicio
786 1801 917 1852 veterum
939 1802 1070 1870 poteram
1089 1811 1157 1853 esse
1178 1799 1321 1854 conten-9

246 1915 252 1952 ,
307 1880 354 1934 tus.
392 1870 467 1933 Num
490 1874 554 1952 quis
576 1873 690 1950 ignorat
712 1877 876 1935 musicen
899 1876 946 1953 (ut
973 1877 1010 1936 de
1032 1877 1088 1937 hac
1111 1880 1232 1956 primum
1252 1880 1295 1938 lo·

246 1988 252 2035 p
307 1960 386 2039 qm)
408 1965 517 2017 tautum
535 1959 590 2016 iam
610 1958 668 2018 illis
686 1961 809 2037 antiquis
828 1960 1006 2038 temporibus
1022 1978 1079 2020 uou
1101 1963 1186 2022 studii
1209 1962 1294 2022 modo

246 2092 250 2100 .
305 2043 502 2103 verumetiam
516 2042 714 2101 venerationis
730 2042 879 2119 babuisse,
898 2052 929 2102 ut
945 2045 1031 2104 iidem
1048 2048 1149 2105 musici
1167 2055 1196 2105 et
1212 2057 1294 2106 vates

246 2163 248 2194 ÷
305 2127 498 2205 elsapieutes
515 2125 710 2185 iudicarentur
732 2127 855 2203 (mittam
872 2127 962 2205 alios)
988 2126 1121 2206 Orpbeus
1143 2139 1171 2188 et
1193 2129 1293 2198 binus;

303 2226 421 2289 quorum
441 2217 592 2289 utrumque
614 2210 669 2270 diis
689 2212 833 2287 genitum,
858 2210 979 2270 alterum
1000 2229 1091 2288 vero,
1119 2215 1184 2290 quia
1206 2213 1293 2273 rudes

302 2310 416 2375 quoque
440 2302 527 2372 atque
553 2302 688 2372 agrestes
713 2296 823 2354 animos
846 2295 1034 2355 admiratione
1055 2295 1213 2371 mulceret,
1236 2315 1294 2356 uon

246 2404 254 2447 a·
299 2380 376 2443 lem
403 2378 492 2437 modo
516 2379 570 2438 sed
597 2396 668 2439 saxa
697 2381 783 2438 etiam
805 2379 953 2457 silvasque
975 2380 1093 2439 duxisse
1114 2382 1293 2458 posteritatis

298 2465 455 2523 muriae
475 2463 607 2522 traditum
626 2472 680 2522 est.
710 2462 812 2541 ltaque
838 2462 1012 2540 Timagenes
1030 2473 1132 2524 auctor
1149 2474 1210 2539 est,
1235 2473 1336 2524 om·10

296 2548 374 2609 nin
394 2549 425 2607 iu
446 2545 551 2606 litteris
571 2547 731 2607 studiorum
755 2549 978 2625 antiquissimam
998 2551 1129 2608 musicen
1150 2549 1293 2626 extitisse,

297 2640 326 2693 et
344 2631 514 2691 testimonio
540 2639 606 2689 suut
629 2631 781 2692 clarissimi
806 2641 929 2710 poetae,
960 2632 1036 2710 apud
1058 2650 1132 2710 quos
1153 2636 1227 2692 inter
1247 2652 1293 2693 re·

294 2714 376 2795 gulia
392 2714 527 2775 convivia
543 2713 645 2778 laudes
663 2715 784 2775 heroum
806 2717 978 2775 acdeorum
998 2719 1033 2778 ad
1053 2717 1191 2777 citharam
1208 2734 1293 2777 caue·

295 2799 410 2861 amur.
432 2796 520 2876 lopas
535 2816 607 2858 vero
620 2799 671 2858 ille
681 2799 806 2877 Vergilii
819 2817 914 2859 noune
926 2802 1010 2885 cauit
1022 2810 1177 2862 muntem
1190 2803 1294 2863 lasum

294 2884 433 2963 reliquo
453 2883 578 2944 labores
595 2891 626 2942 et
640 2881 762 2944 cetera?
799 2882 909 2958 Quibus
931 2893 1012 2944 certe
1034 2885 1130 2962 palam
1145 2885 1295 2945 coulirmat

295 2976 403 3029 auctu
417 2966 675 3043 eminentissimus,
694 2969 823 3027 musicen
842 2985 906 3027 cum
925 2968 1082 3028 divinarum
1100 2971 1186 3029 etiam
1199 2988 1294 3029 rerum

296 3050 468 3131 eumue
485 3068 553 3109 esse
571 3052 761 3112 coniunctam.
794 3050 879 3125 Quod
896 3053 921 3111 si
939 3052 1036 3128 datur,
1055 3054 1110 3112 erit
1126 3056 1213 3114 etiam
1229 3060 1334 3112 cra-11

296 3136 355 3197 tori
376 3135 557 3197 necessaria.
589 3135 737 3212 Siquidem
760 3137 807 3215 (ut
824 3136 961 3216 diximus)
984 3136 1058 3196 baec
1075 3154 1192 3214 quoque
1214 3156 1293 3217 pars,

296 3236 376 3299 qm
392 3218 432 3281 ab
454 3217 618 3279 oratoribus
640 3219 743 3279 relicta
761 3238 778 3280 a
796 3219 979 3299 pbilosophis
995 3229 1041 3280 est
1062 3231 1220 3299 occupata,
1244 3238 1295 3280 uo·

296 3304 351 3365 snt
367 3305 469 3385 operis
487 3303 557 3378 init,
580 3320 615 3363 ac
636 3304 699 3362 siue
722 3305 845 3363 omnium
865 3304 964 3364 talium
981 3306 1103 3364 scientia
1121 3323 1179 3364 uon
1196 3315 1295 3385 potest

297 3404 368 3449 csse
385 3387 522 3469 perlecta
544 3387 722 3465 eloquentia.
760 3388 857 3466 Atque
880 3388 977 3448 claros
999 3390 1113 3449 nomine
1134 3393 1335 3470 sapientiaelu

297 3472 395 3548 rinos,
413 3488 501 3531 uerno
518 3470 709 3547 dubitaverit,
730 3473 878 3532 studiosos
896 3473 1022 3531 musices
1040 3473 1144 3542 luisse3
1163 3494 1226 3534 cum
1238 3475 1291 3550 Pp·

297 3555 438 3635 thagoras
460 3565 547 3635 utque
567 3573 634 3614 eum
653 3557 747 3615 secuti
771 3565 923 3634 acceptam
946 3558 1008 3615 sine
1030 3557 1116 3617 dubio
1138 3561 1292 3638 antiquitus

298 3640 466 3720 opinionem
493 3639 692 3716 vulgaverint,
719 3640 852 3699 muudum
878 3641 970 3718 ipsum
990 3643 1102 3702 ratione
1124 3660 1191 3703 esse
1214 3660 1292 3702 ccm-

298 3726 444 3803 pcsitnru,
469 3741 554 3802 quam
570 3732 674 3802 postea
694 3725 732 3783 sit
748 3723 812 3798 lyra
833 3726 957 3794 imitata;
981 3743 1037 3785 nec
1052 3726 1103 3788 illa
1119 3727 1206 3786 modo
1224 3742 1292 3785 con·
