<?xml version="1.0" encoding="UTF-8"?>
<!DOCTYPE html PUBLIC "-//W3C//DTD XHTML 1.0 Transitional//EN"
    "http://www.w3.org/TR/xhtml1/DTD/xhtml1-transitional.dtd">
<html xmlns="http://www.w3.org/1999/xhtml" xml:lang="en" lang="en">
 <head>
  <title>
</title>
<meta http-equiv="Content-Type" content="text/html;charset=utf-8" />
  <meta name='ocr-system' content='tesseract 3.04.00' />
  <meta name='ocr-capabilities' content='ocr_page ocr_carea ocr_par ocr_line ocrx_word'/>
</head>
<body>
  <div class='ocr_page' id='page_1' title='image "./mfabiiquintilia02quingoog_0493.png"; bbox 0 0 3184 4409; ppageno 0'>
   <div class='ocr_carea' id='block_1_1' title="bbox 568 483 1351 556">
    <p class='ocr_par' dir='ltr' id='par_1_1' title="bbox 568 483 1351 556">
     <span class='ocr_line' id='line_1_1' title="bbox 568 483 1351 556; baseline 0.014 -18"><span class='ocrx_word' id='word_1_1' title='bbox 568 491 658 539; x_wconf 83' lang='lat' dir='ltr'>uusr.</span> <span class='ocrx_word' id='word_1_2' title='bbox 681 490 832 541; x_wconf 82' lang='lat' dir='ltr'>onnnon.</span> <span class='ocrx_word' id='word_1_3' title='bbox 856 492 925 537; x_wconf 82' lang='lat' dir='ltr'>nin.</span> <span class='ocrx_word' id='word_1_4' title='bbox 939 492 977 556; x_wconf 74' lang='lat' dir='ltr'>a,</span> <span class='ocrx_word' id='word_1_5' title='bbox 996 490 1022 539; x_wconf 90' lang='lat'>1.</span> <span class='ocrx_word' id='word_1_6' title='bbox 1218 483 1274 546; x_wconf 85' lang='grc'>161</span> <span class='ocrx_word' id='word_1_7' title='bbox 1349 544 1351 549; x_wconf 91' lang='grc'>.</span> 
     </span>
    </p>
   </div>
   <div class='ocr_carea' id='block_1_2' title="bbox 253 646 1322 3419">
    <p class='ocr_par' dir='ltr' id='par_1_2' title="bbox 253 646 1322 3419">
     <span class='ocr_line' id='line_1_2' title="bbox 273 646 1277 726; baseline -0.003 -14"><span class='ocrx_word' id='word_1_8' title='bbox 273 659 371 725; x_wconf 90' lang='lat' dir='ltr'>cutus,</span> <span class='ocrx_word' id='word_1_9' title='bbox 387 651 532 726; x_wconf 82' lang='lat' dir='ltr'>interpres</span> <span class='ocrx_word' id='word_1_10' title='bbox 548 647 646 724; x_wconf 89' lang='lat' dir='ltr'>operis</span> <span class='ocrx_word' id='word_1_11' title='bbox 664 646 766 721; x_wconf 90' lang='lat' dir='ltr'>alieni,</span> <span class='ocrx_word' id='word_1_12' title='bbox 782 663 840 705; x_wconf 94' lang='lat' dir='ltr'>nou</span> <span class='ocrx_word' id='word_1_13' title='bbox 855 648 1033 723; x_wconf 91' lang='lat' dir='ltr'>spernendus</span> <span class='ocrx_word' id='word_1_14' title='bbox 1050 649 1163 725; x_wconf 89' lang='lat' dir='ltr'>quidem</span> <span class='ocrx_word' id='word_1_15' title='bbox 1177 667 1277 710; x_wconf 88' lang='lat' dir='ltr'>rerum</span> 
     </span>
     <span class='ocr_line' id='line_1_3' title="bbox 274 727 1319 809; baseline -0.002 -14"><span class='ocrx_word' id='word_1_16' title='bbox 274 736 312 799; x_wconf 92' lang='lat' dir='ltr'>ad</span> <span class='ocrx_word' id='word_1_17' title='bbox 328 732 489 809; x_wconf 89' lang='lat' dir='ltr'>augendam</span> <span class='ocrx_word' id='word_1_18' title='bbox 506 731 673 790; x_wconf 73' lang='lat' dir='ltr'><strong>facultatem</strong></span> <span class='ocrx_word' id='word_1_19' title='bbox 694 731 806 790; x_wconf 92' lang='lat' dir='ltr'>dicendi</span> <span class='ocrx_word' id='word_1_20' title='bbox 829 727 926 808; x_wconf 85' lang='lat' dir='ltr'>parum</span> <span class='ocrx_word' id='word_1_21' title='bbox 947 732 1091 809; x_wconf 85' lang='lat' dir='ltr'><strong>locuples.</strong></span> <span class='ocrx_word' id='word_1_22' title='bbox 1126 732 1319 802; x_wconf 76' lang='lat' dir='ltr'>Enniumss</span> 
     </span>
     <span class='ocr_line' id='line_1_4' title="bbox 274 814 1276 893; baseline -0.001 -14"><span class='ocrx_word' id='word_1_23' title='bbox 274 823 352 879; x_wconf 86' lang='lat' dir='ltr'>sicut</span> <span class='ocrx_word' id='word_1_24' title='bbox 367 834 468 879; x_wconf 89' lang='lat' dir='ltr'>sacros</span> <span class='ocrx_word' id='word_1_25' title='bbox 481 823 625 874; x_wconf 85' lang='lat' dir='ltr'>vetustate</span> <span class='ocrx_word' id='word_1_26' title='bbox 643 814 726 873; x_wconf 90' lang='lat' dir='ltr'>lucos</span> <span class='ocrx_word' id='word_1_27' title='bbox 745 815 911 889; x_wconf 92' lang='lat' dir='ltr'>adoremus,</span> <span class='ocrx_word' id='word_1_28' title='bbox 933 817 961 872; x_wconf 94' lang='lat' dir='ltr'>in</span> <span class='ocrx_word' id='word_1_29' title='bbox 983 816 1084 893; x_wconf 86' lang='lat' dir='ltr'>quibus</span> <span class='ocrx_word' id='word_1_30' title='bbox 1105 817 1224 892; x_wconf 81' lang='lat' dir='ltr'>grandia</span> <span class='ocrx_word' id='word_1_31' title='bbox 1248 828 1276 877; x_wconf 91' lang='lat' dir='ltr'>et</span> 
     </span>
     <span class='ocr_line' id='line_1_5' title="bbox 273 899 1276 980; baseline -0.003 -17"><span class='ocrx_word' id='word_1_32' title='bbox 273 905 392 980; x_wconf 88' lang='lat' dir='ltr'>antiqua</span> <span class='ocrx_word' id='word_1_33' title='bbox 408 900 514 960; x_wconf 92' lang='lat' dir='ltr'>robora</span> <span class='ocrx_word' id='word_1_34' title='bbox 528 900 583 958; x_wconf 92' lang='lat' dir='ltr'>iam</span> <span class='ocrx_word' id='word_1_35' title='bbox 598 915 656 957; x_wconf 92' lang='lat' dir='ltr'>non</span> <span class='ocrx_word' id='word_1_36' title='bbox 678 908 783 958; x_wconf 84' lang='lat' dir='ltr'>tantam</span> <span class='ocrx_word' id='word_1_37' title='bbox 799 899 905 958; x_wconf 88' lang='lat' dir='ltr'>babent</span> <span class='ocrx_word' id='word_1_38' title='bbox 920 903 1049 976; x_wconf 80' lang='lat' dir='ltr'>speciem</span> <span class='ocrx_word' id='word_1_39' title='bbox 1064 909 1196 978; x_wconf 89' lang='lat' dir='ltr'>quantam</span> <span class='ocrx_word' id='word_1_40' title='bbox 1210 901 1276 961; x_wconf 91' lang='lat' dir='ltr'>reli-</span> 
     </span>
     <span class='ocr_line' id='line_1_6' title="bbox 273 981 1278 1065; baseline 0 -20"><span class='ocrx_word' id='word_1_41' title='bbox 273 989 401 1065; x_wconf 83' lang='lat' dir='ltr'>gionem.</span> <span class='ocrx_word' id='word_1_42' title='bbox 429 984 585 1062; x_wconf 91' lang='lat' dir='ltr'>Propiores</span> <span class='ocrx_word' id='word_1_43' title='bbox 597 981 646 1042; x_wconf 92' lang='lat' dir='ltr'>alii</span> <span class='ocrx_word' id='word_1_44' title='bbox 660 992 746 1061; x_wconf 88' lang='lat' dir='ltr'>atque</span> <span class='ocrx_word' id='word_1_45' title='bbox 758 982 793 1042; x_wconf 93' lang='lat' dir='ltr'>ad</span> <span class='ocrx_word' id='word_1_46' title='bbox 809 983 876 1058; x_wconf 88' lang='lat' dir='ltr'>boc,</span> <span class='ocrx_word' id='word_1_47' title='bbox 892 984 928 1042; x_wconf 93' lang='lat' dir='ltr'>de</span> <span class='ocrx_word' id='word_1_48' title='bbox 946 1002 1001 1060; x_wconf 88' lang='lat' dir='ltr'>quo</span> <span class='ocrx_word' id='word_1_49' title='bbox 1018 984 1170 1062; x_wconf 90' lang='lat' dir='ltr'>loquimur,</span> <span class='ocrx_word' id='word_1_50' title='bbox 1185 988 1278 1063; x_wconf 87' lang='lat' dir='ltr'>magis</span> 
     </span>
     <span class='ocr_line' id='line_1_7' title="bbox 272 1067 1277 1145; baseline -0.002 -14"><span class='ocrx_word' id='word_1_51' title='bbox 272 1070 373 1131; x_wconf 90' lang='lat' dir='ltr'>utiles.</span> <span class='ocrx_word' id='word_1_52' title='bbox 411 1068 550 1128; x_wconf 79' lang='lat' dir='ltr'><strong>Lascivus</strong></span> <span class='ocrx_word' id='word_1_53' title='bbox 573 1067 686 1145; x_wconf 86' lang='lat' dir='ltr'>quidem</span> <span class='ocrx_word' id='word_1_54' title='bbox 708 1070 736 1125; x_wconf 95' lang='lat' dir='ltr'>in</span> <span class='ocrx_word' id='word_1_55' title='bbox 759 1067 858 1126; x_wconf 80' lang='lat' dir='ltr'>herois</span> <span class='ocrx_word' id='word_1_56' title='bbox 878 1085 993 1144; x_wconf 86' lang='lat' dir='ltr'>quoque</span> <span class='ocrx_word' id='word_1_57' title='bbox 1010 1067 1164 1128; x_wconf 88' lang='lat' dir='ltr'>Ovidius</span> <span class='ocrx_word' id='word_1_58' title='bbox 1186 1079 1215 1128; x_wconf 89' lang='lat' dir='ltr'>et</span> <span class='ocrx_word' id='word_1_59' title='bbox 1236 1072 1277 1129; x_wconf 89' lang='lat' dir='ltr'>ni·</span> 
     </span>
     <span class='ocr_line' id='line_1_8' title="bbox 272 1150 1319 1230; baseline -0.002 -16"><span class='ocrx_word' id='word_1_60' title='bbox 272 1157 361 1215; x_wconf 92' lang='lat' dir='ltr'>mium</span> <span class='ocrx_word' id='word_1_61' title='bbox 377 1162 488 1213; x_wconf 89' lang='lat' dir='ltr'>amator</span> <span class='ocrx_word' id='word_1_62' title='bbox 505 1152 611 1226; x_wconf 92' lang='lat' dir='ltr'>ingenii</span> <span class='ocrx_word' id='word_1_63' title='bbox 627 1152 681 1226; x_wconf 87' lang='lat' dir='ltr'>sui,</span> <span class='ocrx_word' id='word_1_64' title='bbox 698 1150 855 1211; x_wconf 90' lang='lat' dir='ltr'>laudandus</span> <span class='ocrx_word' id='word_1_65' title='bbox 871 1160 964 1210; x_wconf 84' lang='lat' dir='ltr'>tamen</span> <span class='ocrx_word' id='word_1_66' title='bbox 977 1154 1004 1210; x_wconf 92' lang='lat' dir='ltr'>in</span> <span class='ocrx_word' id='word_1_67' title='bbox 1019 1153 1157 1230; x_wconf 89' lang='lat' dir='ltr'>partibus.</span> <span class='ocrx_word' id='word_1_68' title='bbox 1190 1151 1319 1219; x_wconf 78' lang='lat' dir='ltr'>Gor-89</span> 
     </span>
     <span class='ocr_line' id='line_1_9' title="bbox 272 1236 1276 1314; baseline -0.002 -15"><span class='ocrx_word' id='word_1_69' title='bbox 272 1239 397 1299; x_wconf 92' lang='lat' dir='ltr'>nelius</span> <span class='ocrx_word' id='word_1_70' title='bbox 420 1245 514 1296; x_wconf 87' lang='lat' dir='ltr'>autem</span> <span class='ocrx_word' id='word_1_71' title='bbox 542 1236 718 1309; x_wconf 85' lang='lat' dir='ltr'>Severus,</span> <span class='ocrx_word' id='word_1_72' title='bbox 747 1237 858 1293; x_wconf 85' lang='lat' dir='ltr'>etiamsi</span> <span class='ocrx_word' id='word_1_73' title='bbox 881 1237 1061 1295; x_wconf 84' lang='lat' dir='ltr'>versificator</span> <span class='ocrx_word' id='word_1_74' title='bbox 1083 1254 1166 1314; x_wconf 89' lang='lat' dir='ltr'>quam</span> <span class='ocrx_word' id='word_1_75' title='bbox 1189 1246 1276 1314; x_wconf 92' lang='lat' dir='ltr'>poeta</span> 
     </span>
     <span class='ocr_line' id='line_1_10' title="bbox 272 1319 1277 1398; baseline -0.003 -15"><span class='ocrx_word' id='word_1_76' title='bbox 272 1324 390 1396; x_wconf 91' lang='lat' dir='ltr'>melior,</span> <span class='ocrx_word' id='word_1_77' title='bbox 404 1322 428 1380; x_wconf 96' lang='lat' dir='ltr'>si</span> <span class='ocrx_word' id='word_1_78' title='bbox 438 1330 543 1395; x_wconf 91' lang='lat' dir='ltr'>tamen,</span> <span class='ocrx_word' id='word_1_79' title='bbox 556 1329 587 1378; x_wconf 91' lang='lat' dir='ltr'>ut</span> <span class='ocrx_word' id='word_1_80' title='bbox 602 1328 646 1378; x_wconf 83' lang='lat' dir='ltr'>est</span> <span class='ocrx_word' id='word_1_81' title='bbox 658 1319 772 1394; x_wconf 84' lang='lat' dir='ltr'>dictum,</span> <span class='ocrx_word' id='word_1_82' title='bbox 786 1320 821 1378; x_wconf 91' lang='lat' dir='ltr'>ad</span> <span class='ocrx_word' id='word_1_83' title='bbox 836 1320 984 1396; x_wconf 88' lang='lat' dir='ltr'>exemplar</span> <span class='ocrx_word' id='word_1_84' title='bbox 996 1323 1077 1398; x_wconf 92' lang='lat' dir='ltr'>primi</span> <span class='ocrx_word' id='word_1_85' title='bbox 1090 1321 1154 1380; x_wconf 80' lang='lat' dir='ltr'>libri</span> <span class='ocrx_word' id='word_1_86' title='bbox 1169 1321 1277 1380; x_wconf 92' lang='lat' dir='ltr'>bellum</span> 
     </span>
     <span class='ocr_line' id='line_1_11' title="bbox 273 1404 1276 1484; baseline -0.003 -16"><span class='ocrx_word' id='word_1_87' title='bbox 273 1407 404 1468; x_wconf 91' lang='lat' dir='ltr'>Siculum</span> <span class='ocrx_word' id='word_1_88' title='bbox 418 1407 655 1484; x_wconf 87' lang='lat' dir='ltr'>perscripsisset,</span> <span class='ocrx_word' id='word_1_89' title='bbox 674 1405 832 1468; x_wconf 87' lang='lat' dir='ltr'>vindicaret</span> <span class='ocrx_word' id='word_1_90' title='bbox 848 1404 902 1462; x_wconf 92' lang='lat' dir='ltr'>sibi</span> <span class='ocrx_word' id='word_1_91' title='bbox 920 1407 980 1462; x_wconf 93' lang='lat' dir='ltr'>iure</span> <span class='ocrx_word' id='word_1_92' title='bbox 999 1404 1155 1464; x_wconf 91' lang='lat' dir='ltr'>secundum</span> <span class='ocrx_word' id='word_1_93' title='bbox 1171 1406 1276 1465; x_wconf 88' lang='lat' dir='ltr'>locum.</span> 
     </span>
     <span class='ocr_line' id='line_1_12' title="bbox 273 1489 1277 1566; baseline -0.004 -14"><span class='ocrx_word' id='word_1_94' title='bbox 273 1495 471 1553; x_wconf 87' lang='lat' dir='ltr'>Serranum</span> <span class='ocrx_word' id='word_1_95' title='bbox 489 1491 676 1548; x_wconf 90' lang='lat' dir='ltr'>consummari</span> <span class='ocrx_word' id='word_1_96' title='bbox 688 1506 765 1546; x_wconf 92' lang='lat' dir='ltr'>mors</span> <span class='ocrx_word' id='word_1_97' title='bbox 779 1489 925 1547; x_wconf 88' lang='lat' dir='ltr'>immatura</span> <span class='ocrx_word' id='word_1_98' title='bbox 939 1505 996 1546; x_wconf 95' lang='lat' dir='ltr'>non</span> <span class='ocrx_word' id='word_1_99' title='bbox 1007 1507 1093 1566; x_wconf 89' lang='lat' dir='ltr'>passa</span> <span class='ocrx_word' id='word_1_100' title='bbox 1106 1498 1163 1557; x_wconf 73' lang='lat' dir='ltr'>est:</span> <span class='ocrx_word' id='word_1_101' title='bbox 1181 1492 1277 1566; x_wconf 93' lang='lat' dir='ltr'>pueri-</span> 
     </span>
     <span class='ocr_line' id='line_1_13' title="bbox 273 1572 1277 1651; baseline -0.003 -15"><span class='ocrx_word' id='word_1_102' title='bbox 273 1577 312 1637; x_wconf 89' lang='lat' dir='ltr'>lia</span> <span class='ocrx_word' id='word_1_103' title='bbox 321 1585 417 1635; x_wconf 90' lang='lat' dir='ltr'>tamen</span> <span class='ocrx_word' id='word_1_104' title='bbox 432 1577 493 1632; x_wconf 86' lang='lat' dir='ltr'>eius</span> <span class='ocrx_word' id='word_1_105' title='bbox 507 1590 596 1651; x_wconf 91' lang='lat' dir='ltr'>opera</span> <span class='ocrx_word' id='word_1_106' title='bbox 609 1581 638 1631; x_wconf 91' lang='lat' dir='ltr'>ct</span> <span class='ocrx_word' id='word_1_107' title='bbox 656 1575 805 1632; x_wconf 82' lang='lat' dir='ltr'>maximam</span> <span class='ocrx_word' id='word_1_108' title='bbox 818 1572 942 1631; x_wconf 80' lang='lat' dir='ltr'>indolem</span> <span class='ocrx_word' id='word_1_109' title='bbox 956 1574 1144 1633; x_wconf 88' lang='lat' dir='ltr'>ostenduntet</span> <span class='ocrx_word' id='word_1_110' title='bbox 1158 1574 1277 1633; x_wconf 88' lang='lat' dir='ltr'>admira·</span> 
     </span>
     <span class='ocr_line' id='line_1_14' title="bbox 272 1656 1320 1737; baseline 0.002 -17"><span class='ocrx_word' id='word_1_111' title='bbox 272 1661 364 1720; x_wconf 89' lang='lat' dir='ltr'>bilem</span> <span class='ocrx_word' id='word_1_112' title='bbox 372 1659 530 1737; x_wconf 79' lang='lat' dir='ltr'>praecipue</span> <span class='ocrx_word' id='word_1_113' title='bbox 542 1659 570 1716; x_wconf 90' lang='lat' dir='ltr'>in</span> <span class='ocrx_word' id='word_1_114' title='bbox 581 1665 676 1721; x_wconf 83' lang='lat' dir='ltr'>aetate</span> <span class='ocrx_word' id='word_1_115' title='bbox 688 1656 736 1715; x_wconf 91' lang='lat' dir='ltr'>illa</span> <span class='ocrx_word' id='word_1_116' title='bbox 749 1658 822 1716; x_wconf 89' lang='lat' dir='ltr'>recti</span> <span class='ocrx_word' id='word_1_117' title='bbox 834 1659 949 1732; x_wconf 90' lang='lat' dir='ltr'>generis</span> <span class='ocrx_word' id='word_1_118' title='bbox 961 1657 1146 1717; x_wconf 84' lang='lat' dir='ltr'>uoluntatem.</span> <span class='ocrx_word' id='word_1_119' title='bbox 1163 1657 1320 1722; x_wconf 80' lang='lat' dir='ltr'>Multumoo</span> 
     </span>
     <span class='ocr_line' id='line_1_15' title="bbox 272 1740 1277 1820; baseline -0.004 -16"><span class='ocrx_word' id='word_1_120' title='bbox 272 1749 302 1805; x_wconf 91' lang='lat' dir='ltr'>in</span> <span class='ocrx_word' id='word_1_121' title='bbox 317 1742 473 1803; x_wconf 88' lang='lat' dir='ltr'>Valerio</span> <span class='ocrx_word' id='word_1_122' title='bbox 492 1740 633 1801; x_wconf 84' lang='lat' dir='ltr'>Flacco</span> <span class='ocrx_word' id='word_1_123' title='bbox 656 1759 748 1818; x_wconf 89' lang='lat' dir='ltr'>nuper</span> <span class='ocrx_word' id='word_1_124' title='bbox 771 1743 923 1800; x_wconf 91' lang='lat' dir='ltr'>amisimus.</span> <span class='ocrx_word' id='word_1_125' title='bbox 958 1741 1123 1801; x_wconf 83' lang='lat' dir='ltr'>Vehemens</span> <span class='ocrx_word' id='word_1_126' title='bbox 1140 1752 1169 1801; x_wconf 88' lang='lat' dir='ltr'>et</span> <span class='ocrx_word' id='word_1_127' title='bbox 1184 1743 1277 1820; x_wconf 91' lang='lat' dir='ltr'>poeti·</span> 
     </span>
     <span class='ocr_line' id='line_1_16' title="bbox 275 1825 1276 1904; baseline -0.002 -17"><span class='ocrx_word' id='word_1_128' title='bbox 275 1847 341 1888; x_wconf 89' lang='lat' dir='ltr'>cum</span> <span class='ocrx_word' id='word_1_129' title='bbox 355 1827 498 1904; x_wconf 80' lang='lat' dir='ltr'>ingenium</span> <span class='ocrx_word' id='word_1_130' title='bbox 514 1825 632 1885; x_wconf 89' lang='lat' dir='ltr'>Saleii</span> <span class='ocrx_word' id='word_1_131' title='bbox 648 1825 750 1884; x_wconf 91' lang='lat' dir='ltr'>Bassi</span> <span class='ocrx_word' id='word_1_132' title='bbox 766 1825 834 1899; x_wconf 87' lang='lat' dir='ltr'>luit,</span> <span class='ocrx_word' id='word_1_133' title='bbox 855 1844 911 1885; x_wconf 91' lang='lat' dir='ltr'>nec</span> <span class='ocrx_word' id='word_1_134' title='bbox 930 1827 1023 1903; x_wconf 90' lang='lat' dir='ltr'>ipsum</span> <span class='ocrx_word' id='word_1_135' title='bbox 1038 1835 1173 1885; x_wconf 91' lang='lat' dir='ltr'>senectus</span> <span class='ocrx_word' id='word_1_136' title='bbox 1189 1836 1276 1885; x_wconf 91' lang='lat' dir='ltr'>matu·</span> 
     </span>
     <span class='ocr_line' id='line_1_17' title="bbox 273 1909 1277 1986; baseline -0.003 -15"><span class='ocrx_word' id='word_1_137' title='bbox 273 1913 360 1972; x_wconf 87' lang='lat' dir='ltr'>ravit.</span> <span class='ocrx_word' id='word_1_138' title='bbox 391 1910 565 1970; x_wconf 84' lang='lat' dir='ltr'>Rabirius</span> <span class='ocrx_word' id='word_1_139' title='bbox 587 1928 621 1969; x_wconf 92' lang='lat' dir='ltr'>ac</span> <span class='ocrx_word' id='word_1_140' title='bbox 636 1909 731 1969; x_wconf 91' lang='lat' dir='ltr'>Pedo</span> <span class='ocrx_word' id='word_1_141' title='bbox 753 1927 810 1968; x_wconf 94' lang='lat' dir='ltr'>non</span> <span class='ocrx_word' id='word_1_142' title='bbox 826 1910 933 1986; x_wconf 92' lang='lat' dir='ltr'>indigni</span> <span class='ocrx_word' id='word_1_143' title='bbox 950 1912 1126 1986; x_wconf 80' lang='lat' dir='ltr'>cognitione,</span> <span class='ocrx_word' id='word_1_144' title='bbox 1143 1912 1167 1968; x_wconf 91' lang='lat' dir='ltr'>si</span> <span class='ocrx_word' id='word_1_145' title='bbox 1182 1919 1277 1970; x_wconf 88' lang='lat' dir='ltr'>vacet.</span> 
     </span>
     <span class='ocr_line' id='line_1_18' title="bbox 274 1994 1277 2070; baseline -0.002 -15"><span class='ocrx_word' id='word_1_146' title='bbox 274 1996 443 2056; x_wconf 85' lang='lat' dir='ltr'>Lucanus</span> <span class='ocrx_word' id='word_1_147' title='bbox 467 1994 570 2054; x_wconf 88' lang='lat' dir='ltr'>ardens</span> <span class='ocrx_word' id='word_1_148' title='bbox 593 2003 622 2052; x_wconf 88' lang='lat' dir='ltr'>et</span> <span class='ocrx_word' id='word_1_149' title='bbox 640 1995 800 2053; x_wconf 88' lang='lat' dir='ltr'>concitatus</span> <span class='ocrx_word' id='word_1_150' title='bbox 819 2003 847 2052; x_wconf 83' lang='lat' dir='ltr'>et</span> <span class='ocrx_word' id='word_1_151' title='bbox 869 1995 1018 2052; x_wconf 79' lang='lat' dir='ltr'>sententiis</span> <span class='ocrx_word' id='word_1_152' title='bbox 1041 1994 1217 2053; x_wconf 88' lang='lat' dir='ltr'>clarissimus</span> <span class='ocrx_word' id='word_1_153' title='bbox 1238 2003 1277 2070; x_wconf 86' lang='lat' dir='ltr'>et,</span> 
     </span>
     <span class='ocr_line' id='line_1_19' title="bbox 274 2077 1278 2160; baseline -0.002 -22"><span class='ocrx_word' id='word_1_154' title='bbox 274 2089 306 2139; x_wconf 92' lang='lat' dir='ltr'>ut</span> <span class='ocrx_word' id='word_1_155' title='bbox 323 2078 415 2140; x_wconf 92' lang='lat' dir='ltr'>dicam</span> <span class='ocrx_word' id='word_1_156' title='bbox 430 2077 513 2160; x_wconf 90' lang='lat' dir='ltr'>quod</span> <span class='ocrx_word' id='word_1_157' title='bbox 526 2079 638 2153; x_wconf 91' lang='lat' dir='ltr'>sentio,</span> <span class='ocrx_word' id='word_1_158' title='bbox 660 2079 752 2153; x_wconf 87' lang='lat' dir='ltr'>magis</span> <span class='ocrx_word' id='word_1_159' title='bbox 774 2077 937 2136; x_wconf 92' lang='lat' dir='ltr'>oratoribus</span> <span class='ocrx_word' id='word_1_160' title='bbox 956 2095 1040 2155; x_wconf 89' lang='lat' dir='ltr'>quam</span> <span class='ocrx_word' id='word_1_161' title='bbox 1059 2080 1153 2156; x_wconf 89' lang='lat' dir='ltr'>poetis</span> <span class='ocrx_word' id='word_1_162' title='bbox 1170 2079 1278 2138; x_wconf 87' lang='lat' dir='ltr'>imitan-</span> 
     </span>
     <span class='ocr_line' id='line_1_20' title="bbox 273 2160 1320 2239; baseline 0.001 -16"><span class='ocrx_word' id='word_1_163' title='bbox 273 2164 338 2224; x_wconf 87' lang='lat' dir='ltr'>dus.</span> <span class='ocrx_word' id='word_1_164' title='bbox 377 2163 436 2222; x_wconf 90' lang='lat' dir='ltr'>Hos</span> <span class='ocrx_word' id='word_1_165' title='bbox 452 2162 674 2238; x_wconf 84' lang='lat' dir='ltr'>nominavimus,</span> <span class='ocrx_word' id='word_1_166' title='bbox 701 2163 766 2239; x_wconf 91' lang='lat' dir='ltr'>quia</span> <span class='ocrx_word' id='word_1_167' title='bbox 787 2161 985 2221; x_wconf 88' lang='lat' dir='ltr'>Germanicum</span> <span class='ocrx_word' id='word_1_168' title='bbox 1008 2161 1168 2238; x_wconf 85' lang='lat' dir='ltr'>Augustum</span> <span class='ocrx_word' id='word_1_169' title='bbox 1184 2160 1220 2220; x_wconf 93' lang='lat' dir='ltr'>ab</span> <span class='ocrx_word' id='word_1_170' title='bbox 1236 2163 1276 2220; x_wconf 92' lang='lat' dir='ltr'>in·</span> <span class='ocrx_word' id='word_1_171' title='bbox 1286 2169 1320 2224; x_wconf 82' lang='lat'>91</span> 
     </span>
     <span class='ocr_line' id='line_1_21' title="bbox 273 2245 1278 2325; baseline -0.005 -16"><span class='ocrx_word' id='word_1_172' title='bbox 273 2248 381 2308; x_wconf 91' lang='lat' dir='ltr'>stitutis</span> <span class='ocrx_word' id='word_1_173' title='bbox 405 2247 505 2306; x_wconf 89' lang='lat' dir='ltr'>studiis</span> <span class='ocrx_word' id='word_1_174' title='bbox 531 2246 650 2306; x_wconf 84' lang='lat' dir='ltr'>dellexit</span> <span class='ocrx_word' id='word_1_175' title='bbox 674 2263 743 2305; x_wconf 91' lang='lat' dir='ltr'>cura</span> <span class='ocrx_word' id='word_1_176' title='bbox 764 2253 918 2321; x_wconf 87' lang='lat' dir='ltr'>terrarum,</span> <span class='ocrx_word' id='word_1_177' title='bbox 942 2263 1098 2325; x_wconf 88' lang='lat' dir='ltr'>parumque</span> <span class='ocrx_word' id='word_1_178' title='bbox 1116 2245 1169 2304; x_wconf 93' lang='lat' dir='ltr'>diis</span> <span class='ocrx_word' id='word_1_179' title='bbox 1186 2247 1278 2305; x_wconf 90' lang='lat' dir='ltr'>visum</span> 
     </span>
     <span class='ocr_line' id='line_1_22' title="bbox 253 2329 1278 2432; baseline -0.003 -41"><span class='ocrx_word' id='word_1_180' title='bbox 253 2340 407 2432; x_wconf 62' lang='lat' dir='ltr'>(estesse</span> <span class='ocrx_word' id='word_1_181' title='bbox 423 2349 487 2390; x_wconf 89' lang='lat' dir='ltr'>eum</span> <span class='ocrx_word' id='word_1_182' title='bbox 502 2331 651 2390; x_wconf 85' lang='lat' dir='ltr'>maximum</span> <span class='ocrx_word' id='word_1_183' title='bbox 666 2338 824 2408; x_wconf 91' lang='lat' dir='ltr'>poetarum.</span> <span class='ocrx_word' id='word_1_184' title='bbox 862 2329 937 2402; x_wconf 78' lang='lat' dir='ltr'>Quid</span> <span class='ocrx_word' id='word_1_185' title='bbox 959 2339 1054 2389; x_wconf 91' lang='lat' dir='ltr'>tamen</span> <span class='ocrx_word' id='word_1_186' title='bbox 1070 2329 1137 2388; x_wconf 90' lang='lat' dir='ltr'>his</span> <span class='ocrx_word' id='word_1_187' title='bbox 1129 2330 1200 2407; x_wconf 81' lang='lat' dir='ltr'>ipsis</span> <span class='ocrx_word' id='word_1_188' title='bbox 1215 2331 1278 2388; x_wconf 90' lang='lat' dir='ltr'>eius</span> 
     </span>
     <span class='ocr_line' id='line_1_23' title="bbox 263 2413 1277 2515; baseline -0.004 -38.972"><span class='ocrx_word' id='word_1_189' title='bbox 263 2415 432 2515; x_wconf 81' lang='lat' dir='ltr'>operibus,</span> <span class='ocrx_word' id='word_1_190' title='bbox 454 2417 482 2473; x_wconf 93' lang='lat' dir='ltr'>in</span> <span class='ocrx_word' id='word_1_191' title='bbox 498 2432 573 2494; x_wconf 87' lang='lat' dir='ltr'>quae</span> <span class='ocrx_word' id='word_1_192' title='bbox 590 2413 721 2474; x_wconf 88' lang='lat' dir='ltr'>donato</span> <span class='ocrx_word' id='word_1_193' title='bbox 713 2415 835 2493; x_wconf 85' lang='lat' dir='ltr'>imperio</span> <span class='ocrx_word' id='word_1_194' title='bbox 853 2415 965 2473; x_wconf 91' lang='lat' dir='ltr'>iuvenis</span> <span class='ocrx_word' id='word_1_195' title='bbox 983 2423 1166 2488; x_wconf 87' lang='lat' dir='ltr'>secesserat,</span> <span class='ocrx_word' id='word_1_196' title='bbox 1188 2413 1277 2472; x_wconf 92' lang='lat' dir='ltr'>subli-</span> 
     </span>
     <span class='ocr_line' id='line_1_24' title="bbox 273 2495 1278 2625; baseline -0.003 -65"><span class='ocrx_word' id='word_1_197' title='bbox 273 2503 364 2576; x_wconf 90' lang='lat' dir='ltr'>mius,</span> <span class='ocrx_word' id='word_1_198' title='bbox 383 2500 514 2573; x_wconf 85' lang='lat' dir='ltr'>doctius,</span> <span class='ocrx_word' id='word_1_199' title='bbox 537 2496 667 2558; x_wconf 89' lang='lat' dir='ltr'>omnibus</span> <span class='ocrx_word' id='word_1_200' title='bbox 684 2496 809 2575; x_wconf 89' lang='lat' dir='ltr'>denique</span> <span class='ocrx_word' id='word_1_201' title='bbox 824 2500 948 2558; x_wconf 92' lang='lat' dir='ltr'>numeris</span> <span class='ocrx_word' id='word_1_202' title='bbox 964 2495 1176 2625; x_wconf 78' lang='lat' dir='ltr'>praestantius?</span> <span class='ocrx_word' id='word_1_203' title='bbox 1207 2497 1278 2572; x_wconf 81' lang='lat' dir='ltr'>Quis</span> 
     </span>
     <span class='ocr_line' id='line_1_25' title="bbox 274 2579 1278 2661; baseline -0.003 -17"><span class='ocrx_word' id='word_1_204' title='bbox 274 2585 352 2645; x_wconf 91' lang='lat' dir='ltr'>enirn</span> <span class='ocrx_word' id='word_1_205' title='bbox 370 2591 488 2643; x_wconf 89' lang='lat' dir='ltr'>caneret</span> <span class='ocrx_word' id='word_1_206' title='bbox 502 2582 580 2642; x_wconf 84' lang='lat' dir='ltr'>bella</span> <span class='ocrx_word' id='word_1_207' title='bbox 595 2583 709 2657; x_wconf 90' lang='lat' dir='ltr'>melius,</span> <span class='ocrx_word' id='word_1_208' title='bbox 726 2599 809 2660; x_wconf 89' lang='lat' dir='ltr'>quam</span> <span class='ocrx_word' id='word_1_209' title='bbox 827 2585 876 2661; x_wconf 90' lang='lat' dir='ltr'>qui</span> <span class='ocrx_word' id='word_1_210' title='bbox 888 2584 930 2642; x_wconf 91' lang='lat' dir='ltr'>sic</span> <span class='ocrx_word' id='word_1_211' title='bbox 946 2579 1044 2659; x_wconf 80' lang='lat' dir='ltr'>gerit?</span> <span class='ocrx_word' id='word_1_212' title='bbox 1081 2582 1174 2655; x_wconf 85' lang='lat' dir='ltr'>Quem</span> <span class='ocrx_word' id='word_1_213' title='bbox 1194 2600 1278 2660; x_wconf 89' lang='lat' dir='ltr'>prae-</span> 
     </span>
     <span class='ocr_line' id='line_1_26' title="bbox 272 2664 1278 2744; baseline -0.005 -15"><span class='ocrx_word' id='word_1_214' title='bbox 272 2669 405 2729; x_wconf 84' lang='lat' dir='ltr'>sidentes</span> <span class='ocrx_word' id='word_1_215' title='bbox 421 2666 521 2726; x_wconf 91' lang='lat' dir='ltr'>studiis</span> <span class='ocrx_word' id='word_1_216' title='bbox 536 2666 609 2726; x_wconf 92' lang='lat' dir='ltr'>deae</span> <span class='ocrx_word' id='word_1_217' title='bbox 625 2668 744 2744; x_wconf 89' lang='lat' dir='ltr'>propius</span> <span class='ocrx_word' id='word_1_218' title='bbox 759 2664 910 2726; x_wconf 80' lang='lat' dir='ltr'>audirent?</span> <span class='ocrx_word' id='word_1_219' title='bbox 942 2665 993 2726; x_wconf 81' lang='lat' dir='ltr'>Gui</span> <span class='ocrx_word' id='word_1_220' title='bbox 1009 2668 1100 2743; x_wconf 90' lang='lat' dir='ltr'>magis</span> <span class='ocrx_word' id='word_1_221' title='bbox 1116 2684 1183 2725; x_wconf 90' lang='lat' dir='ltr'>snas</span> <span class='ocrx_word' id='word_1_222' title='bbox 1201 2675 1278 2726; x_wconf 91' lang='lat' dir='ltr'>artes</span> 
     </span>
     <span class='ocr_line' id='line_1_27' title="bbox 273 2747 1321 2831; baseline -0.001 -18"><span class='ocrx_word' id='word_1_223' title='bbox 273 2754 405 2831; x_wconf 90' lang='lat' dir='ltr'>aperiret</span> <span class='ocrx_word' id='word_1_224' title='bbox 420 2751 558 2810; x_wconf 83' lang='lat' dir='ltr'>familiare</span> <span class='ocrx_word' id='word_1_225' title='bbox 579 2768 682 2810; x_wconf 89' lang='lat' dir='ltr'>numen</span> <span class='ocrx_word' id='word_1_226' title='bbox 699 2747 850 2810; x_wconf 80' lang='lat' dir='ltr'>Minerva?</span> <span class='ocrx_word' id='word_1_227' title='bbox 884 2750 990 2810; x_wconf 91' lang='lat' dir='ltr'>Dicent</span> <span class='ocrx_word' id='word_1_228' title='bbox 1011 2750 1086 2810; x_wconf 88' lang='lat' dir='ltr'>haec</span> <span class='ocrx_word' id='word_1_229' title='bbox 1102 2751 1217 2828; x_wconf 89' lang='lat' dir='ltr'>plenius</span> <span class='ocrx_word' id='word_1_230' title='bbox 1235 2750 1321 2814; x_wconf 80' lang='lat' dir='ltr'>fusa</span> 
     </span>
     <span class='ocr_line' id='line_1_28' title="bbox 273 2834 1278 2912; baseline -0.003 -16"><span class='ocrx_word' id='word_1_231' title='bbox 273 2847 340 2896; x_wconf 90' lang='lat' dir='ltr'>tura</span> <span class='ocrx_word' id='word_1_232' title='bbox 356 2836 485 2910; x_wconf 90' lang='lat' dir='ltr'>saecula,</span> <span class='ocrx_word' id='word_1_233' title='bbox 501 2853 576 2894; x_wconf 93' lang='lat' dir='ltr'>nunc</span> <span class='ocrx_word' id='word_1_234' title='bbox 598 2835 673 2894; x_wconf 90' lang='lat' dir='ltr'>enim</span> <span class='ocrx_word' id='word_1_235' title='bbox 687 2843 848 2895; x_wconf 88' lang='lat' dir='ltr'>ceterarum</span> <span class='ocrx_word' id='word_1_236' title='bbox 864 2834 979 2912; x_wconf 77' lang='lat' dir='ltr'>fulgore</span> <span class='ocrx_word' id='word_1_237' title='bbox 993 2837 1128 2894; x_wconf 87' lang='lat' dir='ltr'>uirtutum</span> <span class='ocrx_word' id='word_1_238' title='bbox 1145 2835 1207 2894; x_wconf 90' lang='lat' dir='ltr'>laus</span> <span class='ocrx_word' id='word_1_239' title='bbox 1223 2835 1278 2893; x_wconf 90' lang='lat' dir='ltr'>ista</span> 
     </span>
     <span class='ocr_line' id='line_1_29' title="bbox 274 2918 1277 2999; baseline -0.004 -20"><span class='ocrx_word' id='word_1_240' title='bbox 274 2921 505 2999; x_wconf 84' lang='lat' dir='ltr'>praestringitur.</span> <span class='ocrx_word' id='word_1_241' title='bbox 544 2918 605 2978; x_wconf 89' lang='lat' dir='ltr'>Nos</span> <span class='ocrx_word' id='word_1_242' title='bbox 626 2927 721 2977; x_wconf 91' lang='lat' dir='ltr'>tamen</span> <span class='ocrx_word' id='word_1_243' title='bbox 741 2937 825 2980; x_wconf 89' lang='lat' dir='ltr'>sacra</span> <span class='ocrx_word' id='word_1_244' title='bbox 854 2918 1010 2979; x_wconf 87' lang='lat' dir='ltr'>litterarum</span> <span class='ocrx_word' id='word_1_245' title='bbox 1034 2918 1165 2978; x_wconf 91' lang='lat' dir='ltr'>colentes</span> <span class='ocrx_word' id='word_1_246' title='bbox 1188 2918 1277 2992; x_wconf 81' lang='lat' dir='ltr'>feras,</span> 
     </span>
     <span class='ocr_line' id='line_1_30' title="bbox 276 3001 1278 3083; baseline -0.002 -21"><span class='ocrx_word' id='word_1_247' title='bbox 276 3001 397 3079; x_wconf 83' lang='lat' dir='ltr'>Caesar,</span> <span class='ocrx_word' id='word_1_248' title='bbox 412 3005 437 3062; x_wconf 93' lang='lat' dir='ltr'>si</span> <span class='ocrx_word' id='word_1_249' title='bbox 455 3019 512 3062; x_wconf 93' lang='lat' dir='ltr'>non</span> <span class='ocrx_word' id='word_1_250' title='bbox 532 3006 649 3063; x_wconf 85' lang='lat' dir='ltr'>tacitum</span> <span class='ocrx_word' id='word_1_251' title='bbox 669 3002 727 3062; x_wconf 93' lang='lat' dir='ltr'>hoc</span> <span class='ocrx_word' id='word_1_252' title='bbox 747 3005 937 3083; x_wconf 90' lang='lat' dir='ltr'>praeterimus</span> <span class='ocrx_word' id='word_1_253' title='bbox 954 3012 983 3062; x_wconf 91' lang='lat' dir='ltr'>et</span> <span class='ocrx_word' id='word_1_254' title='bbox 1002 3001 1170 3079; x_wconf 87' lang='lat' dir='ltr'>Vergiliano</span> <span class='ocrx_word' id='word_1_255' title='bbox 1197 3010 1278 3060; x_wconf 86' lang='lat' dir='ltr'>certe</span> 
     </span>
     <span class='ocr_line' id='line_1_31' title="bbox 273 3096 531 3148; baseline 0 0"><span class='ocrx_word' id='word_1_256' title='bbox 273 3106 363 3148; x_wconf 87' lang='lat' dir='ltr'>versu</span> <span class='ocrx_word' id='word_1_257' title='bbox 378 3096 531 3148; x_wconf 85' lang='lat' dir='ltr'>testamur:</span> 
     </span>
     <span class='ocr_line' id='line_1_32' title="bbox 402 3170 1146 3251; baseline -0.007 -19"><span class='ocrx_word' id='word_1_258' title='bbox 402 3170 488 3233; x_wconf 83' lang='lat' dir='ltr'>luter</span> <span class='ocrx_word' id='word_1_259' title='bbox 501 3173 645 3233; x_wconf 72' lang='lat' dir='ltr'>victrices</span> <span class='ocrx_word' id='word_1_260' title='bbox 660 3171 808 3233; x_wconf 78' lang='lat' dir='ltr'>dederam</span> <span class='ocrx_word' id='word_1_261' title='bbox 822 3171 877 3232; x_wconf 81' lang='lat' dir='ltr'>tibi</span> <span class='ocrx_word' id='word_1_262' title='bbox 889 3190 1015 3251; x_wconf 79' lang='lat' dir='ltr'>serpere</span> <span class='ocrx_word' id='word_1_263' title='bbox 1029 3172 1146 3231; x_wconf 78' lang='lat' dir='ltr'>laurus.</span> 
     </span>
     <span class='ocr_line' id='line_1_33' title="bbox 273 3253 1322 3338; baseline 0.003 -22"><span class='ocrx_word' id='word_1_264' title='bbox 273 3256 407 3338; x_wconf 83' lang='lat' dir='ltr'>Elegia</span> <span class='ocrx_word' id='word_1_265' title='bbox 423 3273 540 3335; x_wconf 86' lang='lat' dir='ltr'>quoque</span> <span class='ocrx_word' id='word_1_266' title='bbox 556 3255 686 3316; x_wconf 85' lang='lat' dir='ltr'>Graecos</span> <span class='ocrx_word' id='word_1_267' title='bbox 702 3273 912 3334; x_wconf 81' lang='lat' dir='ltr'>provocamus,</span> <span class='ocrx_word' id='word_1_268' title='bbox 940 3257 1019 3315; x_wconf 90' lang='lat' dir='ltr'>cuius</span> <span class='ocrx_word' id='word_1_269' title='bbox 1039 3253 1106 3313; x_wconf 91' lang='lat' dir='ltr'>mibi</span> <span class='ocrx_word' id='word_1_270' title='bbox 1125 3262 1219 3312; x_wconf 91' lang='lat' dir='ltr'>tersus</span> <span class='ocrx_word' id='word_1_271' title='bbox 1237 3261 1322 3318; x_wconf 71' lang='grc' dir='ltr'><strong>ιιι-93</strong></span> 
     </span>
     <span class='ocr_line' id='line_1_34' title="bbox 275 3338 1279 3419; baseline -0.004 -19"><span class='ocrx_word' id='word_1_272' title='bbox 275 3359 334 3418; x_wconf 89' lang='lat' dir='ltr'>que</span> <span class='ocrx_word' id='word_1_273' title='bbox 356 3340 478 3419; x_wconf 87' lang='lat' dir='ltr'>elegans</span> <span class='ocrx_word' id='word_1_274' title='bbox 499 3341 621 3400; x_wconf 85' lang='lat' dir='ltr'>maxime</span> <span class='ocrx_word' id='word_1_275' title='bbox 643 3338 757 3399; x_wconf 90' lang='lat' dir='ltr'>videtur</span> <span class='ocrx_word' id='word_1_276' title='bbox 784 3349 886 3400; x_wconf 89' lang='lat' dir='ltr'>auctor</span> <span class='ocrx_word' id='word_1_277' title='bbox 911 3338 1092 3398; x_wconf 86' lang='lat' dir='ltr'>Tibullus.</span> <span class='ocrx_word' id='word_1_278' title='bbox 1136 3338 1208 3397; x_wconf 88' lang='lat' dir='ltr'>Sunt</span> <span class='ocrx_word' id='word_1_279' title='bbox 1230 3338 1279 3416; x_wconf 88' lang='lat' dir='ltr'>qui</span> 
     </span>
    </p>
   </div>
   <div class='ocr_carea' id='block_1_3' title="bbox 274 3422 1321 3915">
    <p class='ocr_par' dir='ltr' id='par_1_3' title="bbox 274 3422 1279 3504">
     <span class='ocr_line' id='line_1_35' title="bbox 274 3422 1279 3504; baseline -0.003 -20"><span class='ocrx_word' id='word_1_280' title='bbox 274 3425 512 3504; x_wconf 90' lang='lat' dir='ltr'>Propertium</span> <span class='ocrx_word' id='word_1_281' title='bbox 537 3423 644 3484; x_wconf 89' lang='lat' dir='ltr'>malint.</span> <span class='ocrx_word' id='word_1_282' title='bbox 691 3422 846 3483; x_wconf 85' lang='lat' dir='ltr'>Ovidius</span> <span class='ocrx_word' id='word_1_283' title='bbox 874 3431 998 3501; x_wconf 87' lang='lat' dir='ltr'>utroque</span> <span class='ocrx_word' id='word_1_284' title='bbox 1023 3422 1177 3498; x_wconf 89' lang='lat' dir='ltr'>lascivior,</span> <span class='ocrx_word' id='word_1_285' title='bbox 1203 3425 1279 3483; x_wconf 90' lang='lat' dir='ltr'>sicut</span> 
     </span>
    </p>

    <p class='ocr_par' dir='ltr' id='par_1_4' title="bbox 274 3507 1276 3585">
     <span class='ocr_line' id='line_1_36' title="bbox 274 3507 1276 3585; baseline -0.003 -17"><span class='ocrx_word' id='word_1_286' title='bbox 274 3509 375 3568; x_wconf 87' lang='lat' dir='ltr'>durior</span> <span class='ocrx_word' id='word_1_287' title='bbox 389 3508 528 3570; x_wconf 83' lang='lat' dir='ltr'>Gallus.</span> <span class='ocrx_word' id='word_1_288' title='bbox 561 3509 684 3568; x_wconf 89' lang='lat' dir='ltr'>Satira</span> <span class='ocrx_word' id='word_1_289' title='bbox 700 3508 814 3585; x_wconf 89' lang='lat' dir='ltr'>quidem</span> <span class='ocrx_word' id='word_1_290' title='bbox 829 3517 890 3567; x_wconf 89' lang='lat' dir='ltr'>tota</span> <span class='ocrx_word' id='word_1_291' title='bbox 904 3516 1002 3566; x_wconf 90' lang='lat' dir='ltr'>nostra</span> <span class='ocrx_word' id='word_1_292' title='bbox 1020 3516 1081 3581; x_wconf 88' lang='lat' dir='ltr'>est,</span> <span class='ocrx_word' id='word_1_293' title='bbox 1101 3508 1130 3566; x_wconf 93' lang='lat' dir='ltr'>in</span> <span class='ocrx_word' id='word_1_294' title='bbox 1147 3524 1202 3585; x_wconf 88' lang='lat' dir='ltr'>qua</span> <span class='ocrx_word' id='word_1_295' title='bbox 1219 3507 1276 3585; x_wconf 92' lang='lat' dir='ltr'>pri·</span> 
     </span>
    </p>

    <p class='ocr_par' dir='ltr' id='par_1_5' title="bbox 274 3590 1275 3671">
     <span class='ocr_line' id='line_1_37' title="bbox 274 3590 1275 3671; baseline -0.002 -19"><span class='ocrx_word' id='word_1_296' title='bbox 274 3611 338 3652; x_wconf 91' lang='lat' dir='ltr'>mns</span> <span class='ocrx_word' id='word_1_297' title='bbox 353 3594 495 3671; x_wconf 90' lang='lat' dir='ltr'>insignem</span> <span class='ocrx_word' id='word_1_298' title='bbox 510 3591 623 3652; x_wconf 90' lang='lat' dir='ltr'>laudern</span> <span class='ocrx_word' id='word_1_299' title='bbox 639 3593 761 3671; x_wconf 90' lang='lat' dir='ltr'>adeptus</span> <span class='ocrx_word' id='word_1_300' title='bbox 776 3591 941 3652; x_wconf 86' lang='lat' dir='ltr'>Lucilius</span> <span class='ocrx_word' id='word_1_301' title='bbox 958 3590 1098 3670; x_wconf 89' lang='lat' dir='ltr'>quosdam</span> <span class='ocrx_word' id='word_1_302' title='bbox 1111 3592 1150 3652; x_wconf 90' lang='lat' dir='ltr'>ita</span> <span class='ocrx_word' id='word_1_303' title='bbox 1162 3591 1275 3652; x_wconf 87' lang='lat' dir='ltr'>deditos</span> 
     </span>
    </p>

    <p class='ocr_par' dir='ltr' id='par_1_6' title="bbox 275 3674 1321 3755">
     <span class='ocr_line' id='line_1_38' title="bbox 275 3674 1321 3755; baseline -0.005 -18"><span class='ocrx_word' id='word_1_304' title='bbox 275 3676 332 3737; x_wconf 90' lang='lat' dir='ltr'>sibi</span> <span class='ocrx_word' id='word_1_305' title='bbox 347 3676 440 3738; x_wconf 92' lang='lat' dir='ltr'>adbuc</span> <span class='ocrx_word' id='word_1_306' title='bbox 455 3675 543 3736; x_wconf 86' lang='lat' dir='ltr'>babet</span> <span class='ocrx_word' id='word_1_307' title='bbox 559 3684 718 3752; x_wconf 89' lang='lat' dir='ltr'>amatores,</span> <span class='ocrx_word' id='word_1_308' title='bbox 734 3686 764 3736; x_wconf 89' lang='lat' dir='ltr'>ut</span> <span class='ocrx_word' id='word_1_309' title='bbox 779 3695 843 3736; x_wconf 92' lang='lat' dir='ltr'>enm</span> <span class='ocrx_word' id='word_1_310' title='bbox 858 3692 915 3734; x_wconf 94' lang='lat' dir='ltr'>nou</span> <span class='ocrx_word' id='word_1_311' title='bbox 931 3675 1057 3736; x_wconf 90' lang='lat' dir='ltr'>eiusdem</span> <span class='ocrx_word' id='word_1_312' title='bbox 1074 3675 1159 3736; x_wconf 92' lang='lat' dir='ltr'>modo</span> <span class='ocrx_word' id='word_1_313' title='bbox 1178 3676 1275 3755; x_wconf 90' lang='lat' dir='ltr'>operis</span> <span class='ocrx_word' id='word_1_314' title='bbox 1319 3674 1321 3692; x_wconf 93' lang='lat'>&#39;</span> 
     </span>
    </p>

    <p class='ocr_par' dir='ltr' id='par_1_7' title="bbox 277 3757 1318 3915">
     <span class='ocr_line' id='line_1_39' title="bbox 277 3757 1318 3842; baseline -0.002 -19"><span class='ocrx_word' id='word_1_315' title='bbox 277 3761 444 3823; x_wconf 88' lang='lat' dir='ltr'>auctoribus</span> <span class='ocrx_word' id='word_1_316' title='bbox 463 3760 517 3821; x_wconf 91' lang='lat' dir='ltr'>sed</span> <span class='ocrx_word' id='word_1_317' title='bbox 540 3760 670 3821; x_wconf 86' lang='lat' dir='ltr'>omnibus</span> <span class='ocrx_word' id='word_1_318' title='bbox 687 3762 782 3840; x_wconf 90' lang='lat' dir='ltr'>poetis</span> <span class='ocrx_word' id='word_1_319' title='bbox 805 3760 956 3842; x_wconf 82' lang='lat' dir='ltr'>praeferre</span> <span class='ocrx_word' id='word_1_320' title='bbox 969 3778 1026 3820; x_wconf 94' lang='lat' dir='ltr'>non</span> <span class='ocrx_word' id='word_1_321' title='bbox 1040 3760 1177 3820; x_wconf 82' lang='lat' dir='ltr'>dubitent.</span> <span class='ocrx_word' id='word_1_322' title='bbox 1209 3757 1318 3832; x_wconf 75' lang='lat' dir='ltr'>lagoos</span> 
     </span>
     <span class='ocr_line' id='line_1_40' title="bbox 318 3843 1139 3915; baseline -0.004 -11"><span class='ocrx_word' id='word_1_323' title='bbox 318 3866 386 3905; x_wconf 69' lang='lat' dir='ltr'>mr.</span> <span class='ocrx_word' id='word_1_324' title='bbox 400 3848 559 3915; x_wconf 63' lang='lat' dir='ltr'>onmmdl.</span> <span class='ocrx_word' id='word_1_325' title='bbox 696 3856 700 3867; x_wconf 92' lang='grc'><em>“</em></span> <span class='ocrx_word' id='word_1_326' title='bbox 1093 3843 1139 3903; x_wconf 72' lang='lat' dir='ltr'>tl</span> 
     </span>
    </p>
   </div>
   <div class='ocr_carea' id='block_1_4' title="bbox 0 0 1598 4409">
    <p class='ocr_par' dir='ltr' id='par_1_8' title="bbox 0 0 1598 4409">
     <span class='ocr_line' id='line_1_41' title="bbox 0 0 1598 4409; baseline 0 0"><span class='ocrx_word' id='word_1_327' title='bbox 0 0 1598 4409; x_wconf 95' lang='lat' dir='ltr'> </span> 
     </span>
    </p>
   </div>
  </div>
 </body>
</html>
