3184 4409
584 475 674 524 rusr.
688 474 917 525 onerosum.
930 471 996 541 με
1242 461 1281 523 35

284 628 437 690 cniusdam
455 637 500 688 εει
518 637 548 688 ει
565 629 689 690 frivolae
709 632 738 689 in
757 630 854 707 parvis
875 631 1037 689 iactantiae.
1072 627 1191 689 llultum
1209 632 1323 693 euimal

282 714 449 787 litteratus,
473 714 601 792 quisine
623 715 800 791 aspiratione
820 721 849 773 ει
864 714 1005 792 producta
1021 713 1147 774 secunda
1169 714 1282 788 syllaba

284 797 420 858 salutarit
436 796 545 874 (overe
560 804 605 856 εει
619 799 708 877 enirn)
721 805 750 856 et
766 798 940 875 calefacere
954 797 1057 857 dixerit
1072 799 1183 875 potius,
1199 816 1282 876 quam

287 882 367 959 quod
390 882 526 956 dicimus,
551 888 580 939 ει
601 883 849 942 conservacione:
871 881 915 939 bis
938 882 1052 941 adiiciat
1069 882 1142 959 soce
1164 890 1192 941 ει
1213 885 1283 943 dico

286 975 316 1025 et
335 964 449 1024 similia.
486 964 578 1023 Recta
601 973 645 1024 cst
666 963 739 1024 haec
756 967 819 1040 via,
842 967 904 1042 quis
926 962 1034 1041 negat?
1056 966 1109 1025 sed
1124 966 1236 1025 adiacet
1255 975 1323 1026 etaa

286 1049 405 1109 mollior
427 1056 456 1106 ει
475 1050 567 1125 magis
589 1050 664 1108 trita.
706 1048 771 1124 Ego
794 1057 888 1106 tamen
909 1066 966 1107 non
987 1048 1044 1107 alio
1066 1051 1156 1124 magis
1178 1067 1280 1126 angor,

289 1150 374 1211 quam
399 1131 476 1210 quod
499 1132 623 1210 obliquis
652 1132 767 1202 casibus
794 1131 872 1191 ducti
895 1134 979 1197 etiarn
1000 1133 1105 1210 primas
1127 1131 1182 1191 sibi
1203 1136 1281 1212 posi·
1348 1123 1352 1135 '

289 1219 383 1276 tiones
398 1233 455 1274 non
476 1217 605 1274 invenire
626 1216 679 1275 sed
695 1224 804 1274 mutare
825 1217 1004 1293 permittunt:
1026 1223 1057 1274 ut
1073 1233 1136 1274 cnm
1157 1217 1233 1276 ebor
1252 1226 1282 1277 ει

290 1301 401 1374 robur,
423 1301 461 1359 ita
477 1300 551 1359 dicta
566 1317 601 1359 ac
620 1301 728 1377 scripta
744 1301 858 1357 summis
876 1299 1057 1374 auctoribus,
1080 1301 1108 1358 in
1123 1320 1141 1361 o
1158 1299 1281 1360 litteram

292 1383 435 1443 secundae
457 1382 588 1458 syllabae
609 1383 800 1457 transferunt,
828 1383 893 1459 quia
915 1385 951 1442 sit
978 1384 1097 1444 roboris
1118 1392 1146 1442 et
1169 1386 1279 1461 eboris,

291 1469 391 1547 misor
411 1475 506 1527 autem
523 1477 552 1526 et
565 1476 670 1545 quitur
685 1488 706 1528 ιι
721 1466 843 1526 litteram
858 1468 886 1525 in
901 1469 1027 1543 genitivo
1045 1476 1177 1536 servent;
1200 1470 1280 1529 ideo·

246 1550 248 1585 ³
293 1569 347 1629 que
366 1553 454 1613 iecor
476 1553 560 1610 etiam
584 1560 613 1614 et
633 1552 734 1629 femor
758 1553 983 1610 controversiam
1011 1552 1151 1610 fecerunt.
1198 1551 1322 1625 Quod23

292 1652 347 1695 non
365 1637 456 1695 minus
478 1644 522 1694 est
537 1635 733 1711 licentiosum,
758 1652 841 1712 quam
856 1636 881 1692 si
895 1636 1006 1713 aulfort'
1021 1644 1050 1694 et
1063 1637 1179 1714 qutturi
1193 1636 1280 1696 subii·

295 1728 389 1779 cerent
411 1721 440 1779 in
460 1720 588 1796 genitivo
610 1719 731 1778 litteram
752 1739 770 1780 o
790 1718 927 1794 mediam,
951 1721 1016 1796 quia
1038 1728 1117 1778 εεεει
1132 1721 1232 1782 eboris
1252 1729 1281 1780 et

287 1804 428 1876 ,roboriar
450 1805 524 1862 sicut
546 1802 686 1862 Antonius
704 1801 833 1880 Gnipho,
856 1805 904 1880 qui
919 1804 1012 1864 robur
1034 1804 1147 1880 quidem
1162 1813 1191 1862 et
1205 1805 1281 1865 ebor

295 1895 376 1966 atque
398 1889 483 1948 etiam
503 1906 641 1949 marmur
661 1886 767 1945 fatetur
786 1904 870 1960 esse,
893 1905 990 1945 verum
1012 1887 1075 1946 fieri
1096 1888 1157 1946 vult
1177 1907 1214 1946 ex
1236 1888 1280 1946 his

297 1972 424 2047 roboro,
450 1972 564 2047 ebora,
586 1989 757 2032 murmuro.
794 1969 904 2042 Quodsi
925 1972 1183 2030 animadverterent
1205 1973 1322 2032 litte-24

295 2073 383 2116 rarum
403 2055 584 2129 affinitatem,
607 2057 714 2114 scirent
736 2055 779 2112 sic
802 2053 837 2113 ab
860 2071 913 2128 eo,
937 2056 1014 2131 quod
1036 2065 1080 2113 est
1100 2057 1205 2124 robor,
1228 2075 1279 2116 ro-

295 2139 373 2201 boris
391 2140 469 2215 lieri,
490 2139 633 2217 quomodo
656 2137 692 2197 ab
715 2153 769 2211 eo,
791 2136 868 2214 quod
890 2146 935 2196 est
955 2140 1040 2198 miles
1055 2141 1155 2214 limes,
1178 2139 1280 2199 militis

295 2224 405 2302 boellio,
424 2225 520 2284 iudea
535 2225 664 2294 vindex,
684 2223 796 2282 iudicis
810 2222 958 2296 vindicio,
980 2231 1008 2279 et
1027 2239 1101 2298 quae
1120 2241 1207 2300 supra
1224 2224 1279 2280 iarn

297 2308 380 2385 attigi.
422 2306 496 2381 Quid
517 2325 587 2366 vero
610 2306 704 2384 quod,
734 2314 764 2363 ut
786 2304 966 2380 dicebamus,
989 2306 1098 2365 similes
1119 2308 1320 2384 positiones25

296 2391 321 2448 in
334 2391 421 2469 longe
435 2391 565 2451 diversas
580 2392 686 2468 figuras
702 2407 755 2467 per
772 2388 906 2466 obliquos
921 2406 1005 2448 casus
1021 2398 1138 2466 exeunt,
1153 2399 1183 2448 ut
1193 2391 1280 2468 oirqo

297 2471 382 2554 loon,
400 2476 491 2555 fusus
505 2477 606 2549 lusus,
628 2475 731 2553 corpis
743 2475 858 2551 poppis
884 2482 913 2531 et
930 2474 1008 2532 mille
1027 2470 1102 2533 alial
1124 2492 1187 2533 cum
1209 2474 1280 2534 illud

299 2560 374 2619 etiam
388 2559 516 2635 accidat,
538 2569 568 2618 ut
583 2559 721 2637 quaedam
736 2556 887 2635 pluraliter
900 2576 957 2616 non
973 2559 1118 2634 dicantur,
1141 2559 1280 2634 quaedam

300 2651 387 2704 contra
403 2643 542 2720 singulari
556 2660 691 2718 numero,
707 2641 846 2720 quaedam
862 2641 975 2700 casibus
989 2650 1122 2716 careant,
1142 2642 1280 2720 quaedam

261 2758 265 2765 ·
300 2728 414 2804 aprimis
430 2729 524 2787 statim
537 2725 726 2806 positionibus
743 2734 803 2784 tota
817 2734 969 2799 mutentur,
985 2724 1171 2805 utluppt‘ter
1196 2724 1321 2799 Qucum

301 2810 385 2870 uerbis
401 2813 486 2871 ctiam
502 2812 606 2871 accidit
621 2820 651 2871 ut
664 2810 706 2869 illi
719 2810 803 2888 fero,
822 2810 902 2871 cuius
918 2811 1104 2887 praeteritum
1118 2810 1279 2888 perfectum

246 2926 253 2962 ι
302 2894 454 2955 ctulterius
472 2912 529 2954 non
549 2897 698 2955 invenitur.
734 2893 797 2952 Nec
816 2893 967 2992 plurimum
985 2892 1092 2968 reiert,
1113 2893 1191 2953 nulla
1205 2893 1279 2953 haec

246 3020 253 3031 .
302 2993 329 3037 ιιι
345 2979 487 3057 praedura
508 2982 572 3039 sint.
622 2978 692 3037 Nam
714 2978 781 3053 quid
796 2978 960 3056 properiter
980 2979 1107 3054 genitivo
1130 2977 1278 3054 singulari,

248 3063 355 3138 quid
373 3063 478 3142 plurali
496 3083 567 3142 spes
588 3059 696 3122 faciet?
719 3060 870 3133 Quomodo
894 3070 987 3121 autem
1010 3063 1099 3139 quire
1118 3071 1147 3120 et
1167 3080 1280 3140 strpere

246 3142 264 3213 ,ιι
303 3145 365 3206 tel
356 3166 383 3207 m
401 3149 558 3226 praeterita
576 3146 701 3225 patiendi
717 3144 803 3203 modo
824 3144 896 3203 vel
887 3163 916 3204 rn
934 3147 1085 3224 participia
1101 3141 1279 3204 transibunt?
1357 3153 1359 3158 '

301 3226 364 3302 Quid
378 3231 415 3291 de
433 3231 496 3290 aliis
516 3230 622 3305 dicam,
643 3247 707 3289 cum
724 3237 851 3288 semotus
869 3232 969 3290 semoti
987 3248 1022 3289 an
1040 3238 1164 3290 cenatus
1181 3230 1278 3304 faciat,
1286 3235 1320 3290 ut

246 3346 256 3383 ρ
300 3312 428 3375 incertum
449 3311 508 3374 sit?
541 3313 636 3388 Quare
654 3311 720 3373 mibi
735 3330 792 3371 non
811 3314 960 3373 invenuste
979 3314 1035 3373 dici
1050 3313 1179 3388 videtur,
1203 3312 1280 3373 aliud

246 3431 254 3466 ,
299 3414 356 3458 csse
369 3398 469 3458 Latine
484 3398 560 3458 aliud
578 3398 761 3474 grammatice
778 3396 866 3472 loqui
897 3396 941 3456 Ac
957 3398 992 3457 de
1008 3397 1154 3494 analogia
1155 3399 1278 3458 nimium

250 3496 252 3509 ¹
370 3481 624 3559 Etymologia,
653 3499 727 3558 quae
754 3479 908 3540 verborum
936 3483 1075 3581 originem
1102 3465 1233 3559 inquirit,
1264 3488 1321 3541 a28

246 3609 255 3619 .
298 3560 432 3626 Cicerone
454 3567 530 3627 dicta
553 3576 598 3626 est
618 3566 748 3642 notatio,
777 3565 842 3642 quia
864 3580 968 3624 nomen
989 3568 1050 3625 eius
1071 3567 1145 3644 apud
1166 3566 1278 3624 Aristo·

246 3695 256 3721 ,.
297 3648 374 3709 telem
394 3652 539 3710 invenitur
559 3643 720 3728 συμβολον,
745 3648 822 3726 quod
845 3657 889 3707 est
909 3659 998 3719 notor
1019 3667 1082 3708 nam
1102 3649 1220 3709 verbum
1241 3665 1279 3706 ex

297 3733 378 3795 terbo
393 3735 526 3813 ductum,
548 3734 576 3794 id
592 3742 637 3794 est
654 3734 902 3810 veriloquium,
894 3751 957 3814 rpse
974 3733 1101 3809 Cicero,
1120 3735 1174 3812 qui
1189 3733 1294 3804 nnnc,

1086 3818 1131 3881 ’δὴ
