3184 4409
329 483 391 547 268
649 495 777 545 aaran
790 482 1017 557 eumanum

326 653 394 725 tici,
417 650 466 710 det
486 649 552 709 mihi
571 650 600 708 in
622 650 786 729 eloquendo
811 650 931 711 eandem
953 650 1182 717 iucunditatem
1202 662 1231 717 et
1252 646 1255 655 ’

328 736 449 813 copiam.
484 733 609 807 Quodsi
631 745 765 812 negatum
788 744 847 803 est:
872 735 1035 796 sententias
1053 738 1271 817 aprunianus,
1355 731 1359 739 ⁴

329 819 428 895 cibus,
444 836 515 897 quas
528 817 682 893 babemus,
706 837 760 879 nec
778 837 873 879 rerum
889 820 1003 879 muriam
1019 820 1223 899 tenuitatem,
1241 831 1282 893 u,

327 903 419 963 dicam
435 901 651 981 pinguioribus,
673 902 842 963 tortioribus
859 910 939 963 certe
953 900 1058 971 ¹verbis
1075 906 1279 983 miscebimus,
1295 974 1305 981 ,,

284 989 417 1054 assvirtus
435 996 556 1064 utraque
576 995 680 1065 pereat
698 988 762 1066 ipsa
784 987 965 1051 contusione.
1000 982 1170 1071 Naurquo
1185 993 1271 1053 minu

327 1073 404 1130 iuvat
420 1088 526 1147 sermo,
541 1089 637 1130 rerum
652 1072 820 1133 inventione
832 1068 1016 1151 pugnandum
1031 1080 1093 1133 est.
1126 1075 1241 1137 Sensus

325 1174 387 1214 mes
408 1156 538 1233 variique
559 1164 703 1214 eruantur.
743 1154 934 1216 Permovenlli
955 1170 1060 1215 omnes
1092 1156 1225 1221 aneson
1272 1222 1294 1233 ,.

327 1240 418 1299 oratio
434 1239 649 1298 translationum
660 1240 759 1306 ,nitore
776 1238 969 1301 illuminanda.
1005 1237 1078 1301 Non
1090 1258 1255 1321 'possumus

325 1332 383 1383 tam
399 1323 542 1399 graciles:
569 1323 657 1382 simus
680 1323 828 1384 tortiores.
862 1322 1028 1385 Subtilitate
1048 1326 1220 1389 vincimur:
1355 1370 1359 1407 ,

325 1425 387 1466 mus
403 1407 542 1486 pondere.
578 1405 744 1484 Proprietas
759 1424 853 1485 penes
868 1406 936 1468 illos
951 1415 998 1467 est
1012 1408 1149 1473 artior:
1177 1412 1262 1492 copia
1288 1410 1295 1425 '
1355 1452 1359 1469 t

283 1500 432 1556 arcanus.
473 1490 591 1568 Ingenia
617 1491 792 1551 Graecorum
819 1491 905 1551 etiam
926 1491 1038 1559 minora
1064 1508 1145 1555 snos
1168 1505 1267 1574 portas
1357 1536 1359 1542 «

254 1569 259 1589 “
325 1574 408 1635 beat:
424 1591 478 1635 nos
493 1575 663 1653 plerumque
678 1575 832 1635 maioribus
846 1574 921 1635 velis
936 1590 1125 1655 moveamur,
1140 1576 1311 1657 mlidiurss

325 1661 397 1718 ritus
412 1668 528 1719 nostros
551 1660 629 1718 sinus
645 1660 759 1727 tendat:
784 1675 843 1718 non
864 1657 960 1719 umeri
980 1658 1041 1719 alto
1056 1677 1190 1742 semper
1203 1662 1312 1735 ῐοτιζι,

325 1760 390 1802 nam
403 1752 432 1802 et
444 1743 528 1802 litora
539 1743 650 1803 interim
662 1743 810 1822 sequenda
826 1751 899 1804 sunt.
921 1742 982 1803 lllis
996 1742 1101 1805 facilis
1118 1764 1178 1825 per
1193 1744 1313 1827 quaffl

325 1826 399 1886 rada
414 1844 567 1886 accessus:
585 1844 642 1904 ego
658 1827 780 1907 aliquid,
796 1843 854 1886 non
870 1824 959 1887 multo
974 1834 1092 1905 umen,
1112 1829 1264 1910 altinspiu
1275 1842 1312 1909 φ

283 1919 390 1976 tumea
411 1909 512 1985 cymba
534 1928 590 1969 non
614 1911 704 1987 sidat,
725 1911 877 1971 inveniam.
914 1906 1019 1987 Neque
1039 1913 1142 1991 enlm,
1166 1916 1194 1975 si
1208 1914 1313 1977 nunu

324 1993 398 2053 haec
414 2012 448 2055 ao
464 1996 612 2073 pressiora
628 1994 731 2056 Graeci
745 1994 864 2070 molius,
891 1994 919 2053 in
943 2010 1041 2072 coque
1056 1997 1212 2061 vincimur
1226 1998 1313 2061 solut

324 2077 391 2138 ideo
405 2079 434 2137 in
450 2078 608 2139 comoediis
623 2096 681 2138 non
696 2079 905 2155 contendimus,
920 2094 1042 2156 prorsus
1058 2086 1168 2144 muron
1183 2078 1314 2147 amiud

324 2179 392 2243 pars
407 2162 481 2223 haec
496 2163 651 2238 orationis,
671 2163 725 2223 sed
741 2161 886 2240 exigenda
900 2170 931 2222 ut
945 2163 1055 2240 optime
1071 2182 1254 2243 passuram
1268 2180 1313 2247 pu

324 2266 420 2307 sumus
438 2257 532 2306 antem
549 2264 644 2306 rernm
661 2256 690 2306 et
704 2247 790 2306 modo
809 2255 839 2306 et
857 2245 962 2306 iudicio
979 2263 1049 2307 ease
1071 2249 1212 2329 similes,
1234 2248 1314 2313 vult

324 2351 385 2390 rum
404 2332 513 2408 gratia,
537 2349 621 2409 quam
646 2331 674 2390 in
695 2332 766 2409 ipsis
789 2347 847 2390 non
867 2329 1025 2405 babemus,
1049 2336 1249 2397 enisinseeus
1269 2348 1314 2396 aur

283 2417 427 2476 39dieuda
443 2424 496 2475 est.
534 2414 637 2474 Annon
658 2417 687 2474 in
703 2416 823 2493 privatis
838 2421 868 2473 et
885 2422 986 2474 acutus
1001 2421 1033 2473 et
1048 2432 1113 2485 non
1130 2437 1227 2499 asper
1239 2428 1315 2481 etun

325 2500 502 2559 indistinctus
527 2508 555 2558 et
575 2516 633 2557 non
654 2499 871 2578 supramodum
893 2496 986 2557 elatus
999 2495 1040 2557 Μ.
1060 2496 1210 2564 Tullius?
1239 2502 1317 2565 rut

324 2582 362 2642 Μ.
380 2582 490 2642 Calidio
511 2584 629 2659 insignis
646 2583 718 2643 haec
731 2579 846 2642 virtns‘l
861 2598 919 2642 uon
933 2581 1045 2659 Scipio,
1060 2581 1205 2665 Laelius,
1223 2584 1318 2650 caut

325 2665 490 2744 eloquendo
506 2667 585 2726 velut
602 2665 691 2726 Attici
707 2665 899 2727 Romanorum
921 2662 1058 2727 inerunt?
1096 2666 1158 2732 Cui
1173 2689 1266 2752 porro
1278 2683 1317 2732 uti

325 2753 394 2809 satis
411 2759 470 2825 est,
487 2767 544 2827 quo
562 2751 631 2810 nibil
649 2769 716 2810 esse
731 2751 835 2810 melius
852 2744 972 2827 potest?
1171 2781 1176 2789 ·

284 2838 318 2892 lo
407 2834 454 2893 Ad
475 2834 531 2893 hoo
553 2835 666 2912 quidam
686 2834 792 2894 nnllam
810 2851 877 2893 esse
894 2831 1054 2893 naturalem
1070 2846 1185 2912 putant
1201 2839 1319 2921 etoqru

325 2921 407 2994 tiam,
434 2918 488 2976 nisi
510 2920 641 2996 quaesit
668 2918 813 2978 cotidiano
837 2917 963 2978 sermoni
986 2915 1160 3000 simillima,
1191 2936 1321 3004 quoe·

324 3004 440 3079 amicis,
463 3002 651 3079 coniugibus,
670 3001 786 3075 liberis,
805 3002 899 3062 servis
917 3000 1088 3078 loquamur,
1110 3016 1259 3070 contento
1271 3020 1321 3087 pii·

323 3106 402 3147 mere
426 3088 509 3146 animi
528 3086 706 3145 voluntatem
727 3085 855 3164 nihilque
873 3093 902 3146 et
923 3085 1058 3145 arcessiti
1074 3095 1109 3148 et
1129 3089 1322 3154 elaboratirt·

325 3173 472 3247 quirente;
497 3170 632 3249 quidquid
647 3169 703 3229 huc
719 3171 754 3228 sit
771 3169 930 3244 adiectum,
955 3166 983 3228 id
998 3185 1068 3228 esse
1084 3171 1323 3238 aneourionbst

324 3253 491 3315 ambitiosae
507 3257 534 3313 in
549 3254 694 3332 loquendo
709 3254 872 3328 iactantiae,
888 3260 1027 3312 remotum
1045 3270 1062 3312 a
1077 3259 1215 3324 veritate
1231 3260 1322 3321 fletu*

325 3355 380 3415 que
397 3341 525 3416 ipsorum
540 3339 632 3415 gratia
651 3336 821 3411 verborum,
848 3336 950 3416 quibus
967 3334 1062 3397 solum
1085 3349 1199 3405 natura
1219 3346 1259 3405 sit
1274 3340 1323 3405 oll-

281 3427 314 3482 41
324 3423 397 3479 oium
412 3421 592 3497 attributum,
608 3424 720 3481 servire
736 3419 886 3480 sensibus:
909 3420 983 3479 sicut
997 3418 1184 3501 athletarum
1199 3440 1322 3509 corpori,

325 3505 436 3563 etiamsi
451 3506 591 3565 validiora
608 3506 674 3565 iiant
691 3506 900 3564 exercitatione
916 3511 945 3563 et
958 3503 1028 3581 lege
1045 3507 1179 3583 quadam
1195 3512 1322 3583 attona

324 3597 491 3646 nontamen
510 3607 575 3648 esse
592 3589 731 3649 naturalia
746 3598 833 3667 atque
851 3587 886 3648 ab
903 3586 954 3647 illa
968 3588 1090 3665 specie,
1116 3610 1200 3673 quas
1215 3598 1322 3657 sitast·
1340 3656 1343 3669 Ι

325 3690 409 3731 cessa
433 3671 609 3748 hominibus,
632 3672 801 3732 abhorrere.
841 3670 915 3744 Quid
936 3671 1027 3746 enim,
1055 3672 1215 3755 inquiunt,
1237 3674 1343 3741 attinet·¹

324 3756 445 3819 circuitu
463 3773 512 3818 res
530 3756 687 3818 ostendere
697 3766 735 3816 ’et
746 3754 997 3831 translationibus,
1022 3753 1053 3817 id
1070 3767 1122 3829 est¹
1137 3770 1190 3843 aut
1204 3760 1320 3845 pinnis
1341 3782 1343 3787 ·
