3184 4409
370 455 410 516 62
679 465 1041 527 munemundus

369 630 435 681 ante
450 638 531 679 suum
549 604 862 699 quisque'praedonem
876 623 999 682 catenati
1014 630 1045 681 et
1061 632 1165 684 conata
1179 623 1305 685 retinere
1316 625 1347 682 iu·

367 703 474 765 fantem
489 716 571 763 suurn
579 714 670 764 mater
686 713 730 780 et,
754 705 846 765 sicubi
859 707 949 764 maius
962 705 1073 765 lucrum
1089 715 1152 785 est,
1176 725 1276 786 pugna
1288 709 1359 767 interr

367 790 504 847 victores.
550 786 631 847 Licet
653 790 727 847 enim
755 788 830 848 haec
856 790 966 864 omnia,
992 797 1023 848 ut
1050 788 1123 866 diri,
1153 791 1347 870 complectatm

327 882 362 940 '10
370 875 498 948 eversio,
516 873 606 931 minus
623 879 776 932 esttamen
791 872 994 932 totumdicere
1010 891 1095 951 quam
1109 876 1214 935 omnia.
1253 873 1344 934 cone

373 975 491 1034 quemur
510 966 620 1030 autem,
642 965 672 1014 ut
692 957 842 1014 maniiesta
865 957 936 1031 sint,
958 957 983 1014 si
1004 956 1110 1017 fuerint
1128 958 1343 1026 verisimilium

369 1040 468 1100 licebit
489 1043 573 1100 etiam
595 1039 670 1098 ialso
693 1039 834 1116 affingere
851 1040 987 1118 quidquid
1008 1039 1072 1100 lieri
1088 1040 1176 1102 solet.
1208 1040 1341 1119 Continget

369 1124 473 1184 eadem·
487 1125 601 1183 claritas
618 1125 755 1182 etiamen
773 1122 985 1183 accidentibus:

718 1240 761 1250 -
776 1203 853 1268 Mitt
864 1208 999 1287 stupidus
1012 1207 1122 1270 bonor

439 1289 577 1352 Membro
593 1291 698 1368 quatit,
712 1289 891 1370 politioraque
905 1292 965 1353 coit
982 1292 1146 1370 formidine
1159 1295 1296 1374 conpede.

448 1492 490 1505 -
508 1456 660 1537 Trepidoe
679 1466 794 1520 melreo
810 1477 955 1538 pressere
975 1459 1021 1520 ud
1036 1466 1165 1538 pectora
1178 1471 1280 1524 nator.

323 1554 355 1611 71
367 1546 462 1623 Atque
477 1545 560 1604 huius
576 1559 716 1616 summae,
741 1543 846 1604 iudicio
863 1542 977 1622 quidem
993 1560 1074 1620 meo,
1097 1545 1210 1604 virtutis
1227 1545 1340 1608 facilium

369 1639 413 1689 est
427 1631 483 1688 via.
523 1627 658 1686 Naturam
679 1629 851 1704 intueamur,
875 1627 949 1686 hanc
970 1645 1131 1705 sequamur.
1179 1626 1279 1690 Omnis
1298 1629 1340 1689 elo

369 1714 484 1790 quentia
501 1713 577 1770 circa
593 1728 683 1789 opera
700 1714 776 1771 vitae
793 1721 853 1787 est,
876 1711 960 1771 adse
975 1711 1203 1790 reiertquisque
1222 1732 1296 1793 quae
1309 1730 1341 1772 au·

367 1796 417 1871 dit,
435 1805 464 1854 et
480 1795 507 1853 id
519 1794 655 1854 facillime
672 1798 816 1874 accipiunt
832 1796 926 1870 animi,
943 1796 1020 1873 quod
1038 1805 1210 1873 agnoscunt.

324 1885 358 1942 ta
451 1879 605 1939 Praeclare
633 1896 703 1938 vero
731 1880 766 1940 ad
792 1879 969 1938 inferendam
993 1878 1081 1939 rebus
1109 1879 1205 1940 lucem
1226 1889 1345 1960 repertae

367 1972 432 2022 sunt
452 1963 740 2031 similitudines;
768 1982 887 2042 quarum
902 1964 975 2023 aliae
992 1971 1073 2040 sunt,
1092 1981 1167 2042 quae
1181 1965 1345 2042 probationis

366 2049 459 2126 gratia
478 2048 551 2106 inter
566 2056 732 2124 argumenta
751 2057 910 2126 ponuntur,
933 2049 1008 2107 aliae
1027 2046 1062 2106 ad
1083 2050 1298 2125 exprimendam
1311 2064 1345 2107 re

365 2152 426 2192 rum
442 2133 593 2208 imaginem
609 2133 802 2210 compositae,
825 2131 902 2210 quod
917 2142 963 2191 est
978 2131 1061 2191 buius
1078 2130 1136 2191 loci
1152 2136 1314 2211 proprium:

489 2249 532 2259 -
545 2215 624 2278 Ioode
639 2217 703 2295 lupo·
721 2235 776 2277 ceu
791 2215 942 2294 Raptoree
961 2225 1033 2276 utra
1053 2217 1086 2276 im
1106 2217 1240 2283 nebulo,

364 2300 401 2361 Et

462 2417 504 2427 -
516 2379 575 2444 Aoi
588 2384 714 2452 similam
730 2400 811 2462 quae
827 2385 944 2444 mecum
958 2384 1067 2459 litero,
1082 2380 1201 2445 circum

460 2465 600 2529 Piscoeoa
619 2470 759 2546 scopulos
775 2469 895 2529 humilis
909 2469 991 2530 oolot
1004 2485 1141 2546 aequore
1158 2469 1259 2531 tuoto.

323 2558 356 2614 73
365 2550 428 2623 Quo
450 2552 601 2626 ingemere
621 2551 649 2610 id
670 2561 714 2610 est
729 2553 886 2631 praecipue
906 2551 1139 2627 custodiendum,
1162 2570 1198 2610 ne
1214 2553 1261 2630 id,
1284 2550 1348 2632 quod

367 2634 555 2693 similitudinis
573 2637 665 2712 gratia
681 2637 849 2711 ascivimus,
872 2644 920 2700 aut
936 2634 1090 2695 obscurum
1105 2637 1141 2695 sit
1157 2645 1207 2695 aut
1222 2639 1347 2714 ignotum.

366 2717 461 2776 Debet
477 2720 566 2794 enim,
594 2719 671 2796 quod
686 2718 873 2779 illustrandae
894 2721 1013 2779 alterius
1030 2721 1073 2779 rei
1087 2721 1181 2796 gratia
1196 2723 1346 2791 assumitur,

366 2803 458 2878 ipsum
482 2819 548 2860 esse
566 2803 670 2861 clarius
689 2821 735 2879 eo,
754 2806 830 2881 quod
846 2803 992 2863 illuminat.
1021 2803 1117 2876 Quare
1132 2805 1230 2882 poetis
1247 2805 1348 2884 quiden

364 2887 558 2965 permittamus
580 2889 717 2947 eiusmodi
734 2887 881 2967 exempla:

450 2967 572 3043 Quodis,
588 2972 641 3030 ubi
657 2972 815 3032 bibernum
833 2969 959 3050 Lqee'em
973 2970 1147 3049 Xanthique
1160 2969 1279 3049 fluenta

447 3052 569 3114 Deserit
587 3063 641 3114 our
654 3054 763 3117 Delum
776 3065 947 3129 molernum
961 3056 1080 3131 invisit,
1102 3052 1218 3133 Apollo.

323 3137 429 3201 ldNon
449 3139 524 3197 idem
540 3146 684 3197 oratorem
700 3139 832 3216 decebit,
853 3149 884 3199 ut
906 3138 1028 3198 occultis
1047 3148 1147 3218 aperta
1170 3139 1350 3200 demonstret

365 3222 423 3281 Sed
438 3222 509 3281 illud
529 3239 660 3299 quoque,
679 3223 787 3301 dequo
806 3226 834 3282 in
851 3224 1025 3300 argumentis
1042 3223 1179 3299 diximus,
1201 3221 1351 3284 similitudi·

364 3307 406 3362 nis
424 3324 515 3381 genus
531 3317 612 3365 ornat
629 3309 786 3366 orationem
807 3308 934 3384 facitque
952 3325 1015 3366 eam
1029 3307 1196 3384 sublimem,
1218 3307 1352 3377 floridam,

363 3390 523 3465 iucundam,
544 3391 711 3450 mirabilem.
749 3391 821 3450 Nam
838 3407 895 3468 quo
912 3409 1044 3469 quaeque
1064 3391 1180 3468 longius
1195 3394 1288 3471 petita
1305 3397 1353 3460 est,

323 3471 420 3533 tahon
438 3472 502 3549 plus
526 3474 610 3533 affert
630 3476 764 3533 novitatis
787 3483 874 3553 atque
894 3477 1078 3554 inexpectata
1100 3476 1192 3551 magis
1214 3485 1270 3534 est.
1307 3473 1355 3532 Illa

363 3555 493 3630 vulgaria
520 3558 651 3617 videntur
680 3568 709 3618 et
734 3558 814 3616 utilia
840 3569 946 3618 tantum
968 3559 1004 3618 ad
1027 3559 1237 3619 conciliandam
1262 3558 1354 3619 iidem:

367 3637 404 3699 Ut
425 3648 539 3700 terrum
562 3644 643 3702 culleo
662 3644 708 3704 m’c
728 3643 862 3703 culmum
882 3644 1053 3721 disciplinis
1068 3643 1225 3704 meliorem
1241 3642 1356 3705 otono

363 3740 486 3802 remque
501 3724 580 3802 fieri,
598 3735 627 3784 et
641 3735 674 3787 ot
685 3727 796 3789 medici
805 3727 984 3790 abalienata
995 3728 1110 3790 morbe'c
1121 3728 1261 3791 mernbra
1268 3743 1356 3805 prue-
