3184 4409
544 537 978 606 1usr.0naron.r.1n.x1,3.
1204 513 1268 589 229
1299 532 1303 546 '

274 697 387 774 legere.
417 693 546 772 Namque
562 697 590 754 in
604 695 650 754 bis
663 694 792 755 omnibus
809 703 838 754 et
852 695 896 753 vis
911 693 960 753 illa
976 694 1090 755 dicendi
1105 696 1226 756 solvitur
1239 705 1325 759 et133

273 781 407 858 frigescit
428 780 549 839 allectus
567 788 597 839 et
620 780 707 838 iudex
728 795 827 857 parum
844 777 899 836 sibi
922 781 1065 855 praestari
1083 781 1267 840 reverentiae

274 865 377 924 credit.
415 863 550 923 Transire
576 865 605 922 in
630 863 745 923 diversa
767 861 922 938 subsellia,
949 880 1047 939 parum
1071 864 1266 924 verecundum

273 957 329 1010 est.
361 945 434 1007 Nam
455 956 484 1007 et
505 944 622 1010 Cassius
643 947 771 1007 Severus
792 945 902 1005 urbane
925 946 1065 1005 adversus
1086 946 1144 1005 boc
1158 946 1266 1006 facien·

271 1041 331 1092 tem
347 1030 438 1091 lineas
453 1032 598 1110 poposcit
624 1028 661 1091 Et
676 1031 700 1089 si
715 1029 866 1108 aliquando
883 1030 1026 1089 concitate
1041 1031 1110 1090 itur:
1126 1048 1267 1107 nunquam

271 1133 331 1176 non
346 1114 449 1192 frigide
463 1116 582 1174 reditur.
609 1113 727 1174 Multum
742 1131 780 1173 cx
794 1114 840 1188 iis,
856 1131 931 1191 qnae
947 1115 1150 1192 praecipimus,
1166 1114 1266 1173 mutari
1275 1118 1325 1172 134

271 1216 398 1260 necesse
415 1207 460 1258 est
480 1197 552 1258 ab
533 1217 584 1273 ns,
608 1199 656 1278 qui
676 1199 772 1258 dicunt
787 1197 862 1275 apud
877 1196 1038 1258 tribunalia.
1070 1196 1142 1257 Nam
1160 1206 1189 1256 et
1203 1196 1266 1257 vul·

270 1292 319 1343 tus
335 1283 477 1358 erectior
493 1292 523 1342 ut
539 1300 602 1342 eum
610 1277 712 1360 ,apud
729 1299 813 1360 quem
829 1282 931 1342 dicitur
937 1290 1092 1360 ,spectet;
1109 1290 1138 1340 et
1152 1289 1265 1358 gestus,

269 1377 303 1427 nt
318 1367 354 1427 ad
370 1367 491 1426 eundem
506 1367 643 1442 tendens,
660 1365 764 1426 elatior
778 1367 829 1440 srt
846 1383 970 1424 necesse
986 1375 1045 1435 est;
1062 1375 1091 1426 et
1106 1365 1173 1439 alia,
1191 1383 1266 1444 quae

272 1467 431 1510 occurrere
452 1452 537 1510 etiam
560 1469 605 1510 me
627 1459 742 1510 tacente
765 1410 897 1509 omdibus
918 1459 1048 1527 possunt.
1078 1449 1209 1528 itemque
1229 1448 1266 1509 ab

269 1535 324 1609 tis,
349 1535 397 1612 qui
416 1534 554 1594 sedentes
578 1542 673 1612 agent.
703 1532 775 1595 Nam
791 1543 822 1593 et
836 1534 899 1593 iere
914 1533 946 1593 lit
957 1533 1015 1593 boc
1028 1535 1057 1593 in
1071 1533 1159 1593 rebus
1176 1533 1266 1592 mino·
1285 1556 1287 1560 ·

270 1617 370 1693 ribus,
392 1626 420 1677 et
435 1618 522 1677 iidem
539 1619 662 1697 impetus
678 1619 800 1679 actionis
816 1636 884 1678 esse
900 1635 958 1677 non
972 1627 1109 1696 possunt,
1132 1626 1161 1677 et
1177 1635 1264 1696 quae·

271 1702 337 1762 dam
352 1698 420 1760 vitia
436 1702 503 1761 liunt
517 1699 694 1763 necessaria.
716 1700 789 1762 Nam
803 1710 833 1762 et
848 1702 952 1762 dexter
966 1720 1020 1780 pes
1036 1720 1052 1762 a
1067 1702 1150 1761 laeva
1165 1701 1322 1768 indicis135

270 1785 387 1847 sedenti
402 1785 594 1864 proferendus
615 1795 676 1860 est,
700 1795 729 1845 et
746 1786 891 1846 exaltem
907 1795 989 1863 parte
1004 1786 1083 1847 multi
1099 1794 1201 1863 gestus
1214 1803 1264 1843 ne·

272 1887 361 1930 cesse
377 1871 465 1928 estin
484 1871 627 1930 sinistrum
643 1879 724 1944 eant,
747 1877 777 1929 ut
801 1870 837 1930 ad
857 1869 981 1929 iudicem
1002 1878 1145 1948 spectent.
1177 1869 1264 1946 Equi·

269 1954 338 2015 dem
358 1953 516 2033 plerosque
538 1954 623 2014 etad
644 1953 770 2030 singulas
792 1955 997 2022 sententiarum
1019 1953 1163 2014 clausulas
1177 1953 1264 2013 video

269 2046 459 2114 assurgentes
483 2047 512 2097 et
534 2038 688 2099 nonnullos
714 2036 836 2096 subinde
857 2037 963 2116 aliquid
987 2039 1072 2098 etiam
1094 2036 1263 2114 spatiantes,

270 2120 350 2200 quod
365 2139 401 2180 on
418 2122 538 2197 deceat,
560 2121 768 2200 ipsiuiderint;
792 2138 856 2180 cum
871 2121 900 2181 id
915 2121 1035 2197 faciunt,
1055 2119 1264 2180 consedentes

269 2214 368 2280 agunt.
404 2205 511 2265 Bibere
532 2216 579 2266 aut
600 2207 684 2265 etiam
706 2223 773 2265 esse
797 2204 1050 2282 interagendum,
1073 2197 1322 2283 quodmultisltb

268 2289 359 2349 moris
384 2288 435 2348 luit
454 2298 484 2350 et
505 2299 549 2349 est
570 2289 755 2369 quibusdam,
777 2288 813 2349 ab
837 2297 953 2348 oratore
974 2306 1039 2348 meo
1060 2287 1163 2365 procul
1179 2287 1263 2346 absit.

267 2370 382 2433 Nam'
359 2391 382 2431 sr
399 2375 461 2452 quis
478 2373 563 2433 aliter
578 2373 691 2433 dicendi
707 2390 796 2433 onera
812 2372 945 2450 perferre
961 2390 1018 2448 non
1032 2373 1136 2451 possit,
1153 2372 1265 2430 nonita
1299 2440 1300 2445 .

267 2457 405 2516 miserum
423 2467 541 2517 estnon
563 2475 652 2534 agere
674 2458 829 2536 potiusque
849 2457 938 2517 multo
961 2474 1044 2535 quam
1066 2465 1095 2517 et
1116 2455 1215 2534 operis
1235 2463 1265 2514 et

266 2541 414 2601 hominnm
430 2550 623 2621 contemptum
640 2541 733 2601 fateri
1318 2546 1320 2551 ’

357 2621 487 2685 Cultus
510 2643 567 2684 non
588 2634 633 2685 est
653 2626 788 2703 proprius
803 2625 925 2685 oratoris
943 2624 1045 2702 aliquis
1060 2625 1113 2685 sed
1130 2623 1221 2699 magis
1236 2621 1321 2680 inl37

268 2715 388 2768 oratore
411 2711 597 2786 conspicitur
633 2707 729 2782 Quare
746 2711 799 2784 sit,
823 2719 854 2768 ut
875 2708 1007 2768 omnibus
1025 2708 1155 2768 honestis
1176 2706 1265 2767 debet

269 2810 354 2869 esse,
371 2792 540 2871 splendidus
556 2803 585 2853 et
599 2792 700 2852 virilis.
732 2754 804 2852 Nard
822 2803 851 2853 et
864 2802 934 2870 toga
951 2801 980 2853 et
995 2793 1113 2852 calceus
1129 2801 1158 2850 et
1174 2790 1263 2869 capil-

268 2878 316 2936 lus
342 2885 398 2936 tam
423 2878 506 2938 nimia
534 2895 603 2937 cura
621 2893 704 2955 quam
728 2877 905 2954 negligentia
929 2886 993 2935 sunt
1013 2875 1262 2956 reprehendenda.

267 2957 324 3019 Est
340 2958 445 3037 aliquid
460 2963 488 3020 in
504 2962 618 3036 amictu,
635 2960 712 3038 quod
726 2963 819 3040 ipsum
831 2961 1182 3040 aliquatenustemporum
1196 2974 1263 3016 con·

270 3042 386 3101 dicione
406 3055 540 3105 mutatum
562 3053 617 3104 est.
651 3043 724 3105 Nam
745 3045 895 3105 veteribus
914 3044 984 3104 nulli
1008 3045 1102 3118 sinus,
1124 3057 1264 3120 perquam

269 3126 379 3185 breves
399 3137 467 3205 post
486 3129 554 3188 illos
574 3129 697 3188 fuemnt.
734 3127 835 3206 ltaque
856 3129 940 3188 etiam
962 3136 1047 3204 gestu
1069 3143 1192 3185 necesse
1219 3129 1320 3184 est138
1342 3166 1345 3170 -

269 3225 342 3268 usos
368 3227 436 3270 esse
458 3215 487 3272 in
508 3213 656 3291 principiis
679 3229 733 3271 eos
759 3213 834 3289 alio,
860 3229 980 3290 quorum
1001 3211 1164 3284 brachium,
1190 3210 1263 3268 sicut

271 3291 465 3371 Graecomm,
490 3306 574 3357 veste
601 3295 810 3356 continebatur.
846 3296 905 3356 Sed
927 3312 981 3355 uos
1004 3295 1039 3354 de
1061 3292 1263 3373 praesentibus

269 3376 424 3453 loquimur.
459 3376 511 3438 (tut
526 3381 576 3441 lati
592 3380 666 3440 clavi
681 3381 724 3438 ius
738 3397 796 3439 non
811 3381 875 3455 erit,
894 3379 932 3439 ita
948 3379 1087 3454 cingatur,
1103 3388 1133 3438 ut
1150 3378 1262 3438 tunicae

271 3459 417 3538 prioribus
441 3464 500 3522 oris
515 3464 587 3524 inira
602 3476 696 3542 genua
712 3464 843 3542 paulum,
866 3462 1075 3540 posterioribus
1096 3461 1132 3523 ad
1151 3462 1263 3521 medios

271 3543 399 3622 poplites
419 3563 511 3626 usquc
531 3550 710 3625 perveniant.
742 3546 815 3608 Nam
837 3546 910 3607 infra
926 3547 1076 3606 mulierum
1093 3556 1152 3622 est,
1176 3561 1267 3623 supra

271 3631 479 3690 centurionum.
513 3628 551 3691 Ut
572 3648 698 3710 purpura
719 3624 802 3692 recte
824 3629 999 3704 descendat,
1024 3630 1098 3690 levis
1118 3648 1186 3690 cura
1202 3632 1320 3694 est;139

269 3721 385 3772 notatur
410 3715 520 3774 interim
540 3714 725 3792 negligentia.
757 3713 856 3774 Latum
882 3714 1046 3774 habentium
1072 3715 1183 3774 clavum
1201 3729 1261 3771 mo·

270 3797 323 3857 dus
341 3805 402 3874 est,
426 3807 455 3858 ut
475 3801 512 3859 sit
527 3798 643 3878 paulum
658 3798 758 3858 cinctis
776 3800 967 3861 summissior.
994 3797 1098 3878 ipsam
1105 3807 1274 3870 regumre-
