3184 4409
577 470 1011 542 nusu.·nnanos.1‚1n.v,1a.
1229 462 1290 525 229

296 647 366 693 eres
381 627 462 690 eun
474 627 630 691 adultera.
667 627 748 688 Prius
770 627 807 687 de
828 628 970 689 adulteria
993 630 1218 691 convincendum
1234 640 1289 707 est,

297 724 334 790 ut,
353 730 419 773 anm
435 712 463 772 id
485 713 616 790 eoeperit
632 729 698 771 esse
712 728 769 789 ,pro
786 721 885 788 certo,
902 713 950 772 [iat
966 715 1067 773 incerti
1083 724 1289 792 argumentum.

295 796 454 876 Spimlnm
468 803 551 857 taum
564 797 597 856 in
609 814 738 874 corpore
749 798 844 857 acciti
852 799 1005 858 inventum
1015 807 1076 866 eea·
1092 808 1180 876 negat
1194 818 1290 867 snum;

294 891 324 942 at
337 879 504 960 probationi
519 882 623 957 prosit,
639 878 817 957 probandum
833 889 888 939 est.
926 879 1001 941 Illud
1016 882 1072 941 hoe
1088 883 1156 943 loeo
1172 889 1318 943 monere3

293 966 368 1026 inter
384 963 552 1023 necessaria
570 972 625 1039 est,
641 963 719 1022 nulia
740 980 806 1022 esse
825 964 965 1041 firmiora,
990 983 1074 1043 quam
1097 985 1171 1045 quae
1187 984 1225 1026 ex
1240 969 1290 1027 du·

293 1047 347 1109 tite
361 1048 441 1109 iacta
456 1055 520 1106 sunt
534 1056 624 1107 nana.
656 1045 777 1108 Caedes
791 1066 812 1108 a
827 1055 856 1108 te
873 1050 1033 1112 commissa
1050 1059 1110 1126 est,
1132 1059 1291 1113 cruentam

293 1135 374 1196 asine
386 1138 499 1193 uestem
519 1131 674 1200 Minium
693 1147 751 1189 non
772 1138 817 1189 est
838 1139 895 1192 tam
915 1150 1007 1208 greum
1031 1143 1244 1210 argumentum,
1265 1137 1291 1194 si

292 1215 401 1277 fatetur
419 1215 543 1293 quamsi
561 1215 749 1274 convincitur.
786 1212 858 1273 Nam
876 1217 900 1274 si
915 1216 1037 1293 fatetur,
1053 1217 1148 1276 multis
1166 1235 1203 1276 ex
1222 1236 1289 1276 cau-

291 1301 333 1361 sis
346 1300 443 1379 putuit
457 1306 575 1358 eruenta
594 1315 661 1356 esse
675 1299 781 1366 vestis;
801 1299 825 1356 si
840 1308 943 1375 negat,
958 1299 1005 1360 hie
1021 1319 1128 1360 causae
1144 1301 1290 1361 cardinem

291 1385 385 1464 ponit,
400 1384 430 1443 in
444 1398 503 1460 qua
520 1383 545 1441 si
559 1382 653 1441 viatus
668 1381 765 1457 fuerit,
783 1383 867 1441 etiam
885 1385 1111 1462 insequentibus
1128 1387 1194 1444 ruit.
1224 1383 1289 1444 Non

248 1528 253 1535 ,
293 1469 370 1529 enim
382 1466 497 1527 uidetur
511 1467 539 1525 in
554 1465 686 1542 negando
702 1467 869 1524 mentiturus
883 1466 993 1544 fuisse,
1013 1469 1068 1528 nisi
1090 1468 1288 1547 desperasset,

293 1551 323 1612 id
337 1566 429 1631 passe
443 1547 570 1626 defendi,
586 1550 610 1608 si
628 1549 823 1609 anniteretur.

376 1632 559 1696 Firmissimis
572 1642 804 1710 argumentorum
820 1634 941 1711 singulis
952 1634 1122 1710 instandum,
1134 1637 1318 1698 infirmiora4

292 1717 500 1796 eongraganda
514 1726 594 1784 sunt;
620 1719 686 1794 quia
706 1716 755 1779 illa
778 1735 884 1794 perse
908 1718 994 1781 iortia
1015 1736 1072 1778 nan
1094 1730 1210 1798 oportet
1234 1723 1288 1780 air·

293 1801 500 1863 unmstantibus
515 1800 683 1875 obscurare,
699 1808 743 1875 ut,
760 1801 857 1879 qualia
870 1810 945 1877 sunt,
962 1812 1130 1880 appareant,
1147 1805 1221 1865 hasa
1237 1807 1287 1865 im·

292 1884 400 1946 batilla
415 1893 514 1946 natura
528 1893 625 1944 mutuo
641 1883 748 1946 auxilio
767 1887 952 1944 sustinentur.
982 1886 1083 1964 ltaque
1104 1889 1129 1947 si
1147 1907 1203 1948 non
1219 1896 1317 1967 pas-5

291 1978 360 2029 sunt
370 1969 483 2043 ualere,
499 1970 566 2046 quia
585 1986 686 2045 magna
702 1969 767 2043 sint,
783 1968 930 2045 valebunt,
951 1971 1016 2047 quia
1032 1971 1120 2032 multa
1135 1982 1214 2040 sunt;
1235 1975 1288 2033 uti·

291 2070 350 2132 qne
367 2070 440 2113 vero
459 2052 494 2112 ad
516 2051 644 2113 eiusdem
667 2054 710 2111 rei
725 2052 926 2130 probationem
947 2056 1040 2114 amnia
1062 2065 1204 2133 spectant.
1239 2056 1287 2131 Ut,

289 2139 315 2197 si
330 2140 396 2216 quis
411 2137 578 2197 hereditatis
598 2137 691 2214 gratia
711 2135 854 2196 hominem
870 2136 1016 2197 occidisse
1038 2138 1167 2200 dicatur:
1192 2137 1288 2201 Here·

290 2223 418 2284 ditatem
432 2221 585 2300 sperabas
600 2228 630 2282 st
647 2238 790 2299 magnum
805 2221 1019 2298 nereditatem,
1038 2231 1066 2283 et
1078 2241 1202 2302 pauper
1216 2243 1289 2285 erne

289 2313 320 2368 et
332 2313 397 2367 tum
411 2307 544 2366 masinae
564 2322 586 2365 n
599 2305 802 2366 creditoribus
822 2306 1053 2383 appellabarie;
1072 2315 1101 2367 et
1114 2307 1289 2390 offenderas
1326 2381 1328 2384 ¹

289 2408 369 2462 eunt,
388 2388 674 2460 caementatam,
691 2396 719 2449 et
732 2395 918 2450 mutaturum
930 2390 1052 2452 tabutas
1062 2392 1195 2452 aciebus.
1224 2393 1286 2451 Sin·

289 2473 360 2551 gula
380 2473 458 2536 levia
481 2480 546 2532 sunt
568 2481 597 2530 et
612 2474 786 2547 eommunia,
808 2475 942 2533 universa
960 2490 1033 2532 vera
1054 2473 1152 2535 valent
1174 2477 1285 2536 etiamsi

288 2575 349 2618 nnn
363 2566 396 2617 nt
410 2556 528 2617 fulmine
540 2564 635 2616 tamen
650 2564 680 2614 ut
693 2557 841 2632 grandine.
998 2627 1000 2633 Ι

374 2639 524 2714 Quaedam
544 2649 710 2717 argumenta
737 2657 848 2718 ponere
873 2641 943 2700 satis
965 2659 1022 2700 nan
1048 2650 1104 2717 est,
1129 2643 1316 2706 adiuvandad

290 2732 370 2785 sunt:
392 2725 547 2803 cupiditas
563 2741 660 2786 eausa
674 2726 801 2785 sceleris
813 2725 888 2803 fuit,
911 2743 984 2802 quae
1011 2727 1050 2785 sit
1065 2729 1109 2784 vis
1126 2728 1202 2797 eius;
1223 2731 1286 2806 ἱνα,

292 2817 426 2887 quantum
447 2807 555 2868 efficiat
576 2809 603 2866 in
621 2809 719 2867 animis
736 2808 879 2868 hominum
893 2808 958 2868 talis
974 2810 1108 2878 affeeti0;
1129 2813 1168 2872 ita
1192 2821 1221 2870 et
1241 2813 1287 2872 iir-

290 2894 379 2952 miora
396 2900 479 2951 erunt
497 2893 560 2969 ipsa
575 2899 604 2951 et
621 2892 686 2970 plus
702 2891 848 2952 habebunt
864 2894 996 2968 decoris,
1020 2895 1044 2952 si
1065 2911 1122 2952 non
1143 2896 1236 2955 nudos
1257 2905 1286 2957 et

290 2976 369 3036 velut
386 2993 474 3036 earne
490 2975 630 3054 spoliatos
643 2985 721 3035 artus
733 2977 920 3035 ostenderint.
951 2975 1069 3036 Multum
1085 2979 1169 3037 etiam
1182 2980 1283 3056 refert,
1296 2990 1313 3047 7

291 3061 315 3118 si
336 3068 506 3137 argumento
526 3061 648 3119 nitemur
670 3060 745 3135 odii,
766 3070 859 3119 utrum
880 3060 937 3120 hou
962 3079 1000 3120 ex
1020 3063 1124 3122 invidia
1141 3063 1178 3121 sit
1193 3080 1229 3122 an
1247 3082 1286 3124 ex

290 3144 390 3204 iniuria
408 3161 445 3203 an
458 3161 496 3204 ex
510 3143 631 3220 ambitu,
655 3153 739 3203 vetus
756 3161 791 3203 an
805 3161 926 3219 navum,
952 3146 1090 3205 adversus
1106 3146 1285 3224 inferiorem,

290 3245 404 3305 parem,
435 3229 633 3306 superiorem,
661 3228 800 3303 alienum,
834 3230 1034 3307 propinquum.
1079 3230 1154 3291 Suos
1179 3230 1292 3311 habent

291 3313 383 3371 omnia
399 3312 460 3374 ista.
477 3320 616 3371 trattatus
633 3320 662 3372 et
682 3312 718 3371 ad
735 3311 885 3372 utilitatem
901 3314 990 3390 partis
1006 3313 1084 3388 eius,
1110 3332 1194 3392 quam
1221 3317 1284 3376 tue·

292 3411 360 3470 mur,
377 3395 532 3455 referenda
547 3403 622 3454 sunt.
659 3393 721 3454 Nea
736 3404 831 3455 tamen
847 3396 975 3455 omnibns
992 3415 1123 3474 semper,
1149 3416 1222 3475 quas
1243 3402 1312 3464 ιιι-8

291 3479 463 3554 venerimus,
478 3480 652 3555 argumentis
669 3479 831 3539 onerandus
848 3489 892 3538 est
907 3479 1010 3556 iudex,
1034 3483 1099 3558 quia
1115 3491 1144 3540 et
1161 3483 1286 3543 taedium

294 3561 410 3622 aderunt
425 3571 456 3622 et
471 3562 555 3622 iidem
570 3561 730 3623 detrahunt.
768 3562 871 3641 Neque
896 3566 971 3622 enim
993 3573 1092 3642 potest
1112 3566 1200 3625 iudex
1221 3584 1284 3625 cre·

295 3642 359 3705 dere
388 3649 458 3706 satis
486 3664 553 3706 esse
582 3664 616 3706 ea
639 3649 784 3725 potentia,
816 3665 890 3725 quae
917 3665 974 3706 non
995 3659 1126 3727 putamus
1149 3651 1205 3728 ipsi
1224 3649 1283 3708 sui·

296 3726 380 3790 itere
407 3732 455 3811 qui
484 3731 614 3791 diximus.
664 3729 697 3792 Iu
730 3730 818 3790 rebus
847 3748 921 3790 vero
956 3734 1063 3811 apertis
1092 3734 1284 3809 argumentari
