3184 4409
572 477 1024 547 rusu.oaanon.-u1n.vr11‚a.
1255 471 1297 534 49

301 635 462 697 communis
482 633 612 710 pluribus
633 633 661 690 in
680 649 737 691 uno
760 634 856 710 aliquo
878 633 965 692 babet
979 652 1081 693 nomen
1097 638 1244 713 eximium,
1266 647 1298 698 ut

301 736 419 779 carmen
440 717 561 776 funebre
582 717 699 794 proprie
722 719 835 777 bacuio
855 726 884 775 et
905 717 1119 777 tabernaculum
1139 721 1220 779 ducis
1239 741 1297 782 uu-

268 828 277 879 gi
298 804 424 882 guralc.
463 799 551 874 ltem,
569 800 646 876 quod
661 817 809 860 commuue
825 810 870 859 est
890 811 919 859 et
934 802 997 859 aliis
1013 820 1132 877 nomen,
1148 805 1296 863 intellectu

300 886 390 947 alicui
412 884 454 942 rei
470 883 656 961 peculiariter
671 882 818 959 tribuitur,
841 893 872 942 ut
885 885 990 944 urbem
1005 885 1123 944 Romam
1140 889 1314 964 accipimus,

302 977 333 1029 et
346 967 471 1028 venulas
485 967 615 1025 novicios
632 975 660 1024 et
678 964 835 1028 Corinthia
855 985 939 1035 aera;
967 987 1028 1027 cum
1047 971 1102 1028 sint
1120 969 1207 1028 urbes
1222 972 1295 1029 aliae
1331 969 1333 978 ’

302 1069 420 1130 quoque
436 1059 465 1109 et
480 1049 593 1108 venalia
608 1050 695 1108 multa
711 1059 740 1108 et
754 1059 811 1109 tam
827 1069 923 1110 aurum
941 1061 969 1110 et
985 1061 1130 1128 argentum
1147 1071 1229 1129 quam
1245 1071 1295 1112 aes

302 1134 508 1202 Corinthium„
534 1134 592 1192 Sed
607 1152 643 1192 ne
660 1135 687 1192 in
702 1133 746 1192 his
764 1135 876 1211 quidem
893 1136 983 1193 virtus
1000 1138 1122 1194 oratoris
1136 1137 1294 1212 inspicitur.

302 1220 341 1278 Ac
356 1218 426 1277 illud
441 1218 496 1276 iam
510 1234 567 1282 non
578 1217 763 1275 mediocriter
778 1217 969 1295 probandum,
983 1219 1060 1295 quod
1073 1219 1129 1277 hoc
1141 1221 1225 1278 etiam
1237 1219 1295 1278 lau·
1307 1225 1324 1281 9

302 1302 364 1362 dari
378 1301 465 1359 modo
480 1301 571 1374 solet,
588 1310 618 1359 ut
633 1303 750 1377 proprie
766 1301 884 1376 dictum,
901 1303 928 1361 id
946 1311 1005 1377 est,
1022 1320 1078 1379 quo
1093 1302 1161 1361 nihil
1177 1304 1296 1362 inveniri

301 1386 396 1464 possit
419 1384 720 1461 significantius:
746 1393 776 1442 ut
800 1382 871 1442 Cato
898 1385 983 1460 dixit,
1012 1383 1044 1452 C.
1065 1384 1232 1446 Caesarem
1253 1388 1297 1447 ud

301 1469 497 1530 evertendum
510 1487 574 1528 rem
586 1469 741 1545 publicum
756 1469 890 1528 sobrium
904 1470 1093 1538 accessisse-
1114 1478 1144 1527 ut
1158 1469 1296 1546 Virgilius

302 1554 467 1614 deductum
488 1569 629 1626 commen,
650 1560 678 1609 et
693 1551 829 1610 Horatius
844 1571 949 1612 acrem
963 1553 1067 1613 tibiam
1081 1551 1295 1615 Hannibalem·

301 1651 362 1714 quc
376 1637 486 1696 dirum.
525 1634 556 1694 ln
572 1635 728 1711 quomodo
747 1635 817 1693 illud
835 1652 949 1712 quoque
965 1645 1010 1694 est
1026 1654 1042 1695 a
1058 1635 1225 1713 quibusdam
1239 1641 1338 1695 tra-10

300 1721 390 1780 ditum
404 1719 514 1797 proprii
526 1736 618 1794 genus
635 1736 673 1776 ex
688 1719 828 1795 appositis
845 1719 987 1796 (epitheta
999 1720 1162 1798 dicuntur):
1178 1729 1208 1778 ut
1218 1719 1295 1780 Dul-

301 1805 348 1864 cia
361 1804 450 1862 musti
464 1810 493 1860 et
509 1800 582 1861 Cum
598 1802 737 1862 dentibus
752 1802 841 1861 albia.
883 1802 928 1860 De
946 1821 1002 1881 quo
1022 1821 1132 1879 genere
1153 1803 1210 1862 alio
1227 1804 1294 1862 loco

300 1885 451 1946 dicendum
467 1893 521 1943 est·
563 1883 656 1943 Etiam
672 1902 745 1961 quae
762 1884 837 1943 bene
854 1887 990 1946 translata
1006 1896 1086 1961 sunt,
1107 1889 1224 1964 propria
1238 1888 1294 1947 dici

301 1969 407 2028 solent.
445 1967 559 2027 Interim
575 1978 683 2042 autem,
700 1985 773 2044 quae
789 1972 894 2028 suntin
910 1988 1024 2047 quoque
1037 1971 1210 2047 praecipua,
1226 1973 1336 2048 pro-ll

299 2054 356 2135 prii
372 2053 467 2112 locum
478 2054 636 2129 accipiunt,
657 2060 687 2109 ut
702 2050 807 2110 Fabius
823 2055 897 2112 inter
911 2054 1009 2131 plnres
1025 2055 1222 2132 imperatorias
1237 2055 1294 2112 vir·

299 2145 378 2201 uses
398 2134 567 2198 Cunctator,
579 2143 624 2195 est
643 2135 815 2213 appellatus.

385 2222 509 2282 Possunt
530 2221 621 2280 videri
643 2218 748 2293 verba,
770 2237 843 2296 quae
863 2219 928 2297 plus
948 2220 1108 2296 significant
1128 2238 1211 2297 quam
1231 2219 1293 2278 elo-

266 2341 283 2350 ··
302 2315 441 2386 quuntur,
467 2307 495 2363 in
516 2313 597 2382 parte
613 2303 746 2381 ponenda
763 2305 993 2380 perspicuitatis;
1021 2303 1198 2362 intellectum
1220 2305 1294 2362 enim

300 2391 444 2449 adiuuant.
486 2387 550 2464 Ego
570 2397 663 2446 tamen
679 2385 814 2445 libentius
837 2388 982 2465 emphasin
997 2388 1143 2446 retulerim
1159 2388 1194 2446 ad
1211 2405 1293 2446 orna·
1355 2403 1357 2409 ·

300 2483 359 2532 tum
376 2474 530 2547 orationis,
554 2472 619 2552 quia
639 2487 714 2545 non,
732 2477 762 2527 ut
776 2470 969 2547 intelligatur,
991 2470 1097 2546 eflicit,
1113 2471 1166 2529 sed
1182 2480 1212 2530 ut
1228 2471 1293 2549 plus

300 2556 488 2632 intelligatur.
659 2623 664 2631 p

385 2639 424 2699 At
443 2638 710 2698 obscuritas‘lit
731 2640 815 2698 etiam
829 2638 927 2697 uerbis
943 2637 1045 2696 abusu
1066 2639 1200 2696 remotis:
1221 2646 1251 2696 ut
1270 2637 1294 2696 si
1302 2641 1336 2697 12

301 2724 521 2783 commentarios
533 2724 596 2800 quis
611 2721 776 2800 pontificum
791 2731 821 2781 et
834 2723 1026 2781 uetustissima
1042 2722 1162 2781 foedera
1179 2731 1208 2780 et
1224 2737 1293 2780 exo·

301 2808 378 2866 letos
399 2815 541 2866 scrutatus
564 2815 698 2865 auctores
720 2807 747 2866 id
770 2808 862 2884 ipsum
883 2813 963 2883 petat
986 2822 1023 2864 ex
1045 2806 1104 2879 his,
1133 2823 1207 2883 quae
1228 2805 1293 2862 inde

300 2891 495 2965 contraxerit,
513 2890 590 2967 quod
604 2907 661 2948 nou
675 2890 881 2965 intelliguntur.
912 2888 984 2947 llinc
1000 2890 1074 2947 enim
1091 2888 1178 2965 aliqui
1192 2889 1293 2947 famam

300 2974 469 3034 eruditionis
485 2973 636 3047 affectant,
658 2982 688 3031 ut
708 2973 845 3050 quaedam
864 2972 921 3031 soli
936 2973 1012 3031 scire
1032 2972 1189 3031 videantur.
1230 2970 1337 3032 Fal-1³

299 3058 359 3118 lunt
385 3059 469 3117 etiam
490 3056 642 3116 verbovel
662 3056 829 3132 regionibus
850 3055 1018 3133 quibusdam
1038 3057 1128 3132 magis
1145 3054 1293 3113 familiaria

297 3142 346 3202 vel
362 3143 464 3201 artium
478 3142 611 3219 propria,
628 3150 657 3200 ut
673 3137 823 3201 Atabulus
833 3135 938 3197 'uentus
954 3148 983 3197 et
1003 3141 1082 3198 navis
1102 3141 1248 3199 saccaria
1263 3145 1293 3196 et

298 3227 325 3284 in
343 3225 419 3284 malo
443 3221 604 3284 Cosanum.
643 3223 723 3297 Quae
739 3223 787 3282 vel
805 3223 918 3282 vitanda
933 3223 1007 3301 apud
1028 3222 1149 3281 iudicem
1165 3222 1294 3297 ignarum

299 3309 538 3385 significationum
560 3325 657 3366 earnm
681 3306 729 3366 vel
750 3305 962 3384 interpretanda
989 3314 1067 3379 sunt,
1094 3306 1168 3363 sicut
1187 3307 1216 3364 iu
1236 3304 1291 3380 his,

299 3411 374 3472 quae
391 3392 603 3466 homonyma
617 3400 771 3450 vocantur:
793 3399 841 3466 ut,
860 3388 981 3450 Taurus
995 3389 1096 3448 animal
1110 3390 1147 3447 sit
1161 3406 1197 3447 an
1210 3404 1292 3448 mons

298 3494 334 3535 an
349 3478 462 3552 signum
479 3477 507 3534 in
527 3474 611 3534 coelo
629 3493 664 3534 an
681 3492 784 3534 nomen
799 3473 921 3533 hominis
938 3491 973 3532 an
993 3468 1075 3532 radin
1090 3472 1217 3550 arboris,
1238 3471 1293 3530 uisi

299 3562 461 3621 distinctum
478 3575 535 3616 non
553 3559 739 3634 intelligetur.

382 3642 450 3702 Plus
465 3652 559 3701 tamen
582 3650 627 3701 est
642 3641 825 3702 obscuritatis
840 3642 868 3700 in
884 3648 1020 3700 contextu
1038 3649 1066 3699 et
1082 3640 1293 3699 continuatione
1300 3644 1336 3701 14

298 3728 439 3786 sermonis
456 3735 485 3785 et
502 3726 600 3803 plures
614 3725 700 3786 modi.
746 3724 842 3799 Quare
856 3742 911 3784 uec
926 3725 962 3784 sit
976 3733 1032 3784 tam
1047 3724 1166 3800 longus,
1183 3732 1213 3780 ut
1228 3739 1292 3781 eum

337 3831 369 3869 ιι.
379 3830 406 3868 r.
419 3829 529 3877 camara.
545 3813 579 3868 II.
1088 3884 1090 3886 1
1110 3809 1134 3867 d
