3184 4409
569 468 658 518 mer.
672 466 820 517 caenon.
832 466 952 536 asan,
966 469 1008 521 ιο.
1231 449 1293 522 209

291 625 393 689 demus
407 620 661 685 vehmmtlmime
681 641 735 703 pro
751 622 860 683 Milone
880 633 1023 685 tractasse
1048 624 1228 687 Ciceronem.
1247 625 1336 692 'uteo

290 709 367 770 lraeo
383 709 502 786 quidem
515 724 553 769 sc
567 708 671 769 similia
689 708 725 767 ad
743 709 938 767 coniecturam
953 709 1131 786 frequentius
1149 712 1294 790 pertinent

291 793 345 854 sed
360 793 476 852 interim
497 790 535 853 ad
552 792 598 851 ins
623 809 756 869 qnoque:
778 793 906 869 privatus
926 810 962 851 an
981 792 1130 871 publicus,
1152 812 1238 853 sacer
1258 813 1294 854 an

290 876 451 956 profanus,
471 884 573 935 noster
591 893 627 934 an
641 875 767 943 alienus;
784 884 815 933 ut
830 877 858 933 in
873 894 1014 954 persona,
1032 879 1226 954 magistratus,
1243 897 1294 958 pa·

275 960 350 1037 ter,
367 961 552 1038 peregrinus.
592 958 665 1018 Hinc
681 960 755 1018 enim
773 961 960 1036 quaestiones
977 961 1119 1020 oriuntur:
1137 960 1336 1029 Privatum39

290 1045 457 1125 pecuniam
467 1043 615 1105 sustulisti
621 1065 636 1112 ,·
649 1061 755 1104 cerum
767 1044 840 1121 quic
851 1044 890 1103 dc
901 1045 1020 1123 templo,
1036 1062 1095 1105 nou
1108 1046 1225 1124 fartum
1238 1048 1296 1107 sed

291 1128 491 1206 sacrilepium
506 1135 562 1189 est.
597 1124 745 1188 Occidisti
758 1127 948 1202 adulterum,
971 1129 1053 1206 quod
1067 1130 1118 1189 lec
1129 1131 1294 1208 permittit,·

291 1213 352 1274 sed
365 1213 439 1290 qtdu
459 1213 491 1272 iu
512 1212 675 1290 lupanari,
703 1212 817 1273 caedes
838 1218 891 1271 est.
927 1210 1079 1272 Iniuriam
1097 1213 1218 1294 iecisti·
1238 1214 1296 1274 scd

292 1297 370 1376 quia
393 1295 603 1372 mupistrutui,
630 1295 798 1355 maiestatis
818 1296 899 1356 uciio
920 1304 974 1356 est.
1021 1294 1078 1355 Vel
1101 1305 1218 1356 contra:
1242 1295 1337 1362 [ι’-4ο

293 1381 375 1455 citit,
392 1380 466 1458 quia
477 1386 573 1458 pater
590 1396 692 1453 mum,
714 1380 788 1456 quic
803 1381 1011 1455 mapistrctus.
1057 1379 1116 1439 Sed
1133 1381 1210 1439 circa
1226 1379 1295 1440 iacti

295 1465 526 1524 controversiam
540 1471 707 1540 argumenta
719 1470 878 1541 praestant,
896 1465 974 1522 circa
985 1463 1054 1521 iuris
1070 1463 1137 1522 lites
1148 1467 1295 1523 materiam

295 1548 506 1626 quaestionum.
544 1545 590 1605 Ad
606 1546 772 1624 qualitatem
795 1562 911 1624 quoque
926 1547 1095 1625 frequenter
1110 1548 1236 1626 pertinet
1252 1548 1295 1608 lo·

294 1648 361 1706 cus,
375 1644 471 1710 neque
488 1631 562 1690 enim
577 1630 653 1689 idem
668 1629 774 1707 ubique
791 1639 839 1690 aut
852 1630 922 1689 licet
937 1640 985 1691 aut
997 1631 1134 1690 decorum
1151 1640 1210 1700 est;
1228 1633 1298 1710 quin·

294 1717 401 1791 etiam,
424 1717 453 1774 in
471 1733 532 1792 qua
549 1714 675 1792 quidque
693 1715 808 1774 civitate
825 1721 995 1791 quaeratur,
1014 1717 1151 1791 interest,
1168 1716 1295 1775 moribus

295 1799 373 1860 enim
389 1807 421 1858 et
435 1798 551 1876 legibus
567 1798 682 1857 distant.
705 1792 766 1857 *Ad
783 1798 1059 1858 commendationem
1073 1817 1189 1877 quoque
1208 1809 1237 1859 et
1254 1802 1295 1859 in·
1302 1809 1336 1863 41

293 1882 401 1943 vidium
413 1883 503 1943 valet.
545 1881 617 1942 Nam
635 1890 665 1941 et
681 1880 757 1940 Aiax
769 1882 845 1960 apud
861 1881 1006 1942 Ovidium:
1032 1885 1172 1961 Apimus,
1187 1886 1294 1961 iuquit,

293 1975 367 2029 cute
382 1975 468 2028 rates
483 1984 621 2041 causam,
640 1973 668 2027 et
682 1984 800 2026 mecum
816 1967 973 2043 confertur
991 1964 1118 2027 Ulixes?
1145 1966 1182 2025 Et
1197 1966 1296 2026 Miloni

294 2053 370 2110 inter
391 2059 491 2110 cetera
515 2049 660 2109 obiectum
682 2058 745 2124 est,
769 2049 847 2127 quod
868 2047 987 2108 Clodius
1011 2051 1039 2109 in
1055 2052 1243 2109 monumentis
1259 2050 1295 2110 ab

295 2152 332 2194 eo
357 2136 498 2194 maiorum
513 2151 630 2193 suorum
651 2143 730 2192 esset
750 2133 893 2192 occisast
925 2132 971 2192 Ad
992 2133 1131 2193 suadendi
1153 2143 1337 2196 momentast

294 2219 370 2278 idem
385 2219 474 2294 valet,
491 2220 566 2277 siout
581 2226 740 2294 tempus,
758 2217 839 2277 cuius
856 2224 1007 2276 tractatum
1019 2215 1198 2293 subiungamb
1225 2215 1295 2276 Eius

295 2311 409 2379 autem,
432 2311 463 2361 ut
480 2302 537 2361 alio
559 2301 626 2360 loco
642 2303 697 2359 iam
713 2301 787 2375 dixi,
803 2300 911 2379 duplex
926 2301 1099 2377 significatio
1116 2310 1170 2359 est.
1202 2300 1295 2361 Gene-

293 2387 398 2446 raliter
416 2387 491 2446 enim
514 2394 544 2446 et
564 2385 732 2464 specialiter
756 2385 907 2462 accipitur.
939 2384 1019 2444 Prius
1036 2384 1105 2444 illud
1125 2394 1186 2445 est:
1209 2403 1295 2462 nanc,

296 2470 376 2547 olim,
395 2469 448 2530 sub
463 2469 642 2546 Alexandro,
660 2487 724 2529 cum
739 2469 816 2546 apud
827 2468 909 2528 llium
925 2477 1080 2547 pugnatum
1096 2478 1155 2536 est;
1171 2470 1297 2548 deniqne

294 2557 496 2634 praeteritum,
513 2556 633 2630 instans,
649 2552 783 2612 loturum.
816 2552 880 2627 Hoc
899 2570 1026 2632 sequens
1041 2551 1130 2612 habet
1145 2561 1174 2612 et
1189 2555 1296 2613 consti·

295 2647 354 2698 tota
372 2638 554 2698 discrimina:
575 2646 696 2712 aestate,
712 2637 824 2712 hieme,
840 2645 946 2713 noctu,
962 2636 1099 2705 interdiu;
1117 2647 1146 2697 et
1160 2637 1294 2698 fortuita:

295 2723 324 2781 in
338 2721 524 2800 pestilentia,
541 2724 569 2780 in
583 2721 681 2798 ltello,
698 2722 728 2779 in
745 2722 889 2781 convivio.
917 2720 1082 2781 Latinorum
1098 2721 1211 2799 quidam
1227 2723 1338 2782 satistt

296 2805 454 2884 significari
472 2814 654 2884 putaverunt,
675 2805 699 2863 si
715 2803 784 2865 illud
800 2804 941 2882 generale
955 2813 1082 2884 tempus,
1098 2805 1155 2865 hoc
1166 2805 1297 2883 speciale

246 2880 249 2901 '
295 2898 434 2970 tempora
448 2897 600 2949 vocarent.
628 2887 756 2962 Quorum
776 2898 963 2967 utrorumque
988 2891 1062 2948 ratio
1078 2892 1150 2948 etin
1168 2889 1296 2949 consiliis

246 2996 248 3001 ·
296 2975 412 3052 quidem
434 2981 463 3032 et
484 2975 514 3032 in
528 2973 580 3032 illo
596 2974 822 3033 demonstrativo
844 2991 954 3050 genere
974 2981 1109 3033 versatur
1129 2973 1181 3032 sed
1204 2975 1232 3032 in
1254 2974 1295 3032 iu·

296 3056 379 3117 dioiis
399 3057 633 3136 frequentissima
655 3065 711 3116 cst.
749 3055 822 3115 Nam
843 3067 873 3116 et
893 3057 962 3116 iuris
982 3059 1168 3136 quaestiones
1184 3055 1254 3116 lacit
1268 3062 1339 3118 etll

296 3140 465 3219 qualitatem
487 3142 636 3218 distinguit
660 3140 745 3201 etad
768 3141 963 3200 coniecturam
990 3141 1141 3220 plurimum
1168 3139 1295 3200 confert:

294 3235 325 3285 ut
347 3242 414 3284 cum
434 3226 548 3284 interim
570 3223 758 3303 probationes
784 3223 1027 3302 inexpugnabiles
1047 3224 1165 3298 afferat,
1195 3224 1296 3301 quales

294 3317 378 3385 sunt,
396 3310 422 3368 si
437 3309 549 3368 dicatur
569 3308 717 3387 (utsupra
732 3310 832 3387 posui)
849 3310 995 3384 signator,
1017 3308 1067 3385 qui
1083 3316 1149 3366 ante
1164 3308 1239 3368 diem
1254 3317 1296 3368 ta·

293 3392 427 3454 ltularum
447 3393 592 3461 decessit;
621 3401 669 3451 aut
691 3393 870 3451 commisisse
898 3391 1022 3469 aliquid,
1049 3390 1098 3450 vel
1120 3409 1183 3450 cum
1202 3392 1296 3453 inians

295 3484 379 3536 esset
397 3476 448 3536 vel
471 3495 535 3536 cum
558 3478 672 3536 omnino
699 3485 782 3535 natus
808 3492 867 3535 non
888 3484 981 3543 esset;
1007 3483 1125 3553 praeter
1149 3475 1194 3550 id,
1221 3477 1337 3554 quodat

296 3561 394 3621 omnia
409 3560 497 3620 iacile
513 3569 681 3637 argumenta
698 3567 747 3618 aut
761 3577 800 3619 ex
818 3561 864 3636 iis,
885 3576 959 3639 quae
973 3567 1040 3619 aute
1054 3577 1115 3639 rem
1128 3558 1206 3621 lacta
1220 3569 1295 3635 sunt,

296 3654 345 3705 aut
362 3661 400 3703 ex
416 3646 576 3704 coniunctis
597 3645 640 3703 rei
661 3651 709 3702 aut
728 3642 946 3721 insequentibus
970 3642 1119 3702 ducuntur.
1155 3643 1201 3702 Ex
1217 3653 1295 3704 ante·
1341 3680 1343 3685 ·

297 3727 484 3789 cedentibus:
508 3725 634 3792 Mortem
652 3729 785 3790 mucius
799 3746 849 3807 cs,
865 3736 954 3790 noctu
971 3728 1080 3807 aaut,
1098 3727 1296 3873 pqqfioiscen-

338 3833 407 3877 ur.
419 3832 531 3881 cuasa.
