3184 4409
558 498 1025 566 mausosnuoaumnma.
1222 486 1280 548 201

295 673 368 723 rcro
389 657 420 718 in
440 657 652 718 commovendis
665 632 839 722 'enecatum
861 655 913 716 sed
927 655 1001 715 haec
1014 658 1077 733 ipsa
1097 655 1162 734 plus
1175 654 1283 730 valent,

294 761 360 804 cum
382 760 415 802 se
436 743 572 802 didicisse
592 741 680 801 iudex
698 748 787 817 putat,
811 740 887 817 quod
908 741 1049 817 consequi
1067 742 1121 799 nisi
1135 758 1284 817 argumen-

293 829 403 887 tatione
423 826 536 904 aliaque
553 826 610 885 iidc
630 842 725 884 rerum
745 840 803 881 uon
823 840 983 901 possumus.

381 935 507 1010 Quorum
527 937 691 1034 priusquam
711 936 865 1012 partiamur
882 926 1010 1012 species,
1031 934 1208 994 indicandum
1227 940 1282 1009 est,
1296 946 1314 999 4

292 1038 365 1083 csse
390 1018 565 1098 quaedam
556 1038 585 1078 ιιι
613 1019 687 1078 omni
712 1016 910 1096 probationum
937 1035 1046 1094 genere
1077 1020 1281 1078 communia

294 1105 483 1180 Numaeque
505 1102 564 1162 ulla
586 1103 716 1180 quaestio
738 1110 800 1176 est,
829 1119 903 1182 quae
926 1119 983 1160 ιιοιι
1009 1103 1045 1160 sit
1066 1111 1112 1160 aut
1133 1103 1161 1159 in
1183 1119 1215 1159 re
1236 1110 1283 1160 aut

293 1192 324 1249 in
344 1203 485 1268 persona;
514 1204 607 1263 neque
627 1203 694 1244 esse
715 1194 944 1261 argumentorum
967 1185 1025 1244 ioci
1046 1175 1165 1263 possunt
1183 1186 1236 1243 nisi
1255 1187 1284 1243 in

294 1274 341 1347 iis,
363 1269 542 1371 quaerebas
564 1279 610 1329 aut
621 1271 761 1351 personis
783 1269 924 1344 accidunt,
948 1287 1040 1356 eaque
1057 1279 1104 1328 aut
1119 1287 1173 1347 per
1194 1287 1226 1327 se
1243 1270 1282 1326 in·
1295 1278 1312 1330 ι

296 1357 371 1434 spici
393 1354 489 1413 soient
510 1362 558 1412 aut
577 1352 626 1413 ad
633 1352 710 1415 aliud
731 1353 850 1420 referri;
873 1371 927 1411 uec
948 1347 1006 1412 ull'a
1029 1353 1206 1412 confirmatio
1227 1355 1281 1411 cisi

296 1448 345 1499 aut
367 1457 404 1498 ex
424 1435 666 1514 consequentibus
696 1444 742 1494 aut
767 1455 805 1496 ex
825 1436 1065 1514 repugnantibus,
1089 1446 1118 1496 et
1140 1436 1212 1496 haec
1233 1455 1282 1495 ne·

296 1540 382 1584 cesse
404 1530 449 1581 est
469 1530 516 1580 aut
538 1539 575 1580 ex
594 1522 751 1598 praeterito
776 1530 907 1598 tempore
935 1529 983 1580 aut
1004 1539 1041 1580 ex
1063 1522 1214 1581 coniuncto
1235 1529 1283 1580 uui

296 1607 485 1683 exsequenti
506 1613 623 1683 petere;
652 1623 706 1662 nee
733 1604 791 1663 ulla
812 1623 861 1663 res
883 1604 999 1682 probari
1020 1606 1073 1664 nisi
1095 1623 1132 1664 ex
1153 1605 1208 1664 alia
1229 1620 1281 1682 po·

294 1698 364 1766 test,
386 1707 478 1767 eaque
499 1691 535 1747 sit
557 1697 672 1766 oportet
687 1697 734 1747 aut
751 1690 841 1747 maior
855 1697 901 1747 aut
918 1706 970 1766 par
989 1697 1035 1747 aut
1051 1690 1150 1748 minor.
1186 1689 1308 1766 Argu-6

294 1782 390 1833 menta
411 1790 481 1832 vero
503 1774 683 1849 reperiuntur
698 1780 745 1830 aut
760 1775 788 1831 in
804 1771 1028 1850 quaestionibus,
1047 1791 1120 1851 quae
1137 1775 1220 1832 etiam
1236 1792 1281 1832 se-

295 1866 413 1936 paratae
434 1875 451 1916 a
473 1855 625 1933 complexu
646 1873 741 1913 rerum
760 1872 1003 1934 personarumque
1029 1859 1153 1933 spectari
1175 1874 1228 1934 per
1248 1875 1282 1916 sa

294 1943 423 2020 possint;
447 1942 536 1999 autin
558 1942 620 2017 ipsa
638 1956 740 2013 causa,
763 1957 826 1998 cum
843 1941 984 1997 invenitur
997 1939 1103 2016 aliquid
1124 1943 1152 1998 in
1174 1958 1208 2000 ea
1225 1958 1282 1999 uon

294 2044 333 2084 ex
355 2025 495 2084 communi
517 2025 627 2082 ratione
646 2022 760 2081 ductum
775 2023 827 2082 sed
842 2025 902 2080 eius
914 2021 1019 2096 iudicii,
1041 2021 1151 2100 dequo
1174 2040 1280 2100 cogno·

293 2111 400 2184 scitur,
417 2109 572 2185 proprium.
605 2105 806 2165 Probationum
822 2114 974 2183 praeterea
989 2107 1110 2164 omnium
1127 2106 1201 2165 aliae
1218 2114 1283 2165 sunt

294 2193 480 2255 necessariae
501 2191 574 2249 aliae
596 2189 749 2250 credibiles
766 2189 840 2248 aliae
861 2206 918 2247 non
935 2198 1138 2265 repugnantes.
1176 2189 1214 2248 Et
1234 2191 1307 2250 adi

293 2277 352 2336 huc
373 2277 495 2334 omnium
511 2274 710 2352 probationum
725 2272 903 2351 quadruplex
924 2275 997 2335 ratio
1020 2281 1074 2347 est,
1096 2282 1127 2332 ut
1147 2273 1195 2332 vel
1213 2276 1281 2351 ‘quia

294 2369 339 2420 est
361 2358 479 2437 aliquid,
503 2358 579 2417 aliud
599 2374 655 2415 non
678 2358 730 2430 sit,
752 2365 797 2415 ut:
820 2356 910 2415 Dies
931 2365 1003 2431 est,
1025 2373 1095 2415 nox
1116 2374 1186 2416 non
1207 2366 1279 2426 est;

293 2444 342 2504 vel
359 2444 426 2522 quia
442 2450 487 2501 est
504 2441 619 2519 aliquid,
636 2449 664 2499 et
680 2440 755 2500 aliud
771 2442 822 2499 sit:
846 2440 909 2499 Sci
927 2449 982 2499 est
997 2458 1110 2518 supra
1128 2450 1279 2515 terram,

294 2527 378 2587 dies
401 2534 472 2593 est;
494 2526 542 2584 vei
561 2527 626 2603 quia
648 2523 754 2602 aliquid
776 2541 833 2582 non
855 2533 916 2599 est,
940 2524 1014 2584 aliud
1037 2526 1088 2583 sit:
1115 2524 1193 2584 Nox
1212 2538 1281 2584 non

294 2620 369 2686 est,
386 2610 553 2675 diesest;
569 2608 617 2668 vel
634 2627 699 2685 qura
711 2608 817 2685 aquurd
829 2626 886 2666 non
902 2618 957 2682 est
973 2627 1027 2667 nec
1043 2609 1118 2669 alrud
1135 2611 1187 2668 sut
1203 2609 1281 2669 Non

295 2692 582 2765 estrationalis‚
605 2710 669 2751 nec
691 2691 878 2751 homoest
912 2692 1283 2794 Hisinuniversumprae·

295 2779 377 2838 dictis
395 2785 494 2856 partes
509 2775 665 2835 subiiciam.

703 2957 746 3007 DE
765 2956 878 3011 SIGNIS.

378 3064 430 3126 lx.
461 3064 557 3125 Omnis
581 3067 667 3144 igitur
695 3068 827 3146 probatio
850 3069 1005 3130 artificialis
1028 3077 1139 3128 constat
1159 3078 1208 3128 aut
1232 3071 1280 3129 si·

295 3150 378 3226 gnis
394 3158 442 3209 aut
457 3154 679 3227 argumentis
695 3161 743 3211 aut
763 3154 952 3230 exemplis.
983 3151 1046 3214 Nec
1060 3155 1162 3229 ignoro
1177 3151 1280 3231 pleris-

295 3251 351 3311 que
364 3234 456 3294 videri
471 3236 552 3310 signa
567 3245 676 3313 partem
692 3246 930 3313 argumentorum.
958 3235 1038 3310 Quae
1053 3236 1119 3296 mihi
1130 3237 1281 3314 separandi

293 3319 368 3378 ratio
389 3318 463 3377 haec
483 3317 535 3377 fuit
553 3319 658 3397 prima,
682 3320 758 3398 quod
780 3330 844 3380 sunt
864 3338 956 3398 paene
978 3338 1014 3378 ex
1029 3318 1085 3379 illis
1100 3321 1281 3381 inartificiali-

294 3402 366 3470 bus;
388 3410 506 3461 cruenta
527 3404 600 3461 enim
615 3405 705 3463 vestis
727 3406 756 3462 et
771 3404 879 3463 clamor
896 3413 925 3463 et
942 3403 1016 3462 livor
1033 3413 1061 3463 et
1076 3403 1143 3464 talia
1158 3413 1222 3463 sunt
1239 3407 1281 3465 in-

295 3493 466 3559 strumenta,
486 3485 580 3563 qualia
597 3486 729 3561 tabulae,
745 3505 890 3562 rumores,
906 3496 1011 3553 testes:
1032 3506 1087 3547 nec
1103 3490 1282 3548 inveniuntur

295 3569 330 3629 m
353 3574 471 3628 oratore
491 3569 542 3628 sed
564 3570 598 3629 ad
622 3589 685 3629 eum
708 3589 770 3630 cum
792 3573 855 3648 ipsa
875 3588 960 3630 causa
978 3571 1156 3639 deferuntur;
1179 3573 1308 3648 alterat

296 3653 372 3730 quod
393 3655 491 3730 signa,
507 3655 569 3712 sive
584 3653 738 3714 indubitata
757 3663 836 3729 sunt,
853 3671 910 3713 non
925 3663 989 3714 sunt
1007 3666 1186 3734 argumenta;
1204 3657 1279 3733 quia,

296 3736 344 3796 ubi
359 3737 409 3797 illa
424 3745 505 3812 sunt,
524 3738 654 3814 quaestio
669 3747 799 3800 nonest·
822 3749 989 3818 argumento
1005 3748 1120 3821 autem,
1137 3742 1290 3803 msiinne
