3184 4409
493 430 497 436 ⁶
516 468 977 538 rusr.ormrore.mn.v111,e.
1015 478 1022 485 ·
1202 456 1242 518 63

246 626 374 690 cidect:
394 627 439 688 ito
459 633 566 704 torpes
586 643 626 686 cc
637 625 842 703 perniciosor,
864 625 982 685 etiamsi
995 626 1082 687 cobis
1095 625 1244 702 sanquine

246 712 450 787 cotroereoot,
472 711 683 789 amputandos.
719 707 778 766 lem
794 707 942 767 sublimius
963 708 1034 768 illud
1050 725 1103 787 pro
1118 708 1242 768 Archia:

246 792 339 856 Sacc
353 802 445 872 atque
458 795 635 855 solitudines
648 793 715 853 occi
728 793 923 870 respondent,
944 793 1059 853 bestiae
1078 811 1172 870 coepe
1185 794 1242 853 im-

246 896 355 939 manes
376 885 469 950 contu
490 876 653 956 plectuntur
676 885 767 953 utque
788 877 954 936 coteee'etcnt
973 884 1002 934 et
1020 885 1127 934 cetere.
1158 875 1243 949 Quod
1251 884 1286 941 76

248 961 365 1040 quidem
387 979 479 1038 genus
505 979 522 1021 e
550 959 718 1039 quibusdum
742 959 948 1018 declamatorie
974 962 1095 1018 maxime
1128 959 1244 1018 licentio

249 1054 417 1122 corruptum
440 1054 494 1104 est.
531 1044 603 1104 Nam
627 1053 656 1103 et
670 1043 751 1102 falsis
767 1052 899 1118 utuntur,
922 1061 977 1102 nec
997 1043 1114 1117 illeiis,
1141 1042 1243 1120 quibus

248 1128 352 1187 similia
372 1129 463 1188 rideri
485 1128 601 1203 volunt,
628 1126 783 1205 applicent.
826 1126 954 1200 Quomm
981 1136 1131 1204 utrumque
1152 1129 1180 1184 in
1199 1126 1243 1185 his
1266 1124 1271 1139 '

250 1221 307 1287 est,
324 1229 398 1290 qnae
408 1231 454 1271 me
468 1213 571 1271 iuvene
586 1210 691 1288 ubique
705 1210 812 1269 canteri
824 1210 971 1270 solebant:
991 1208 1171 1288 Muccurum
1184 1208 1243 1287 {lc-

248 1298 362 1357 mc‘nom
375 1297 564 1374 nooiyobitcs
575 1296 675 1374 fontes
688 1303 767 1369 scot,
785 1302 815 1352 et
829 1295 1035 1356 Generosioris
1046 1295 1169 1356 arboris
1179 1303 1243 1355 etc-

250 1382 303 1441 tr'm
324 1381 436 1458 plauto
459 1399 528 1440 cum
547 1379 651 1457 (ructu
675 1387 729 1439 cet.
771 1376 803 1436 ln
826 1379 901 1436 omni
925 1387 1019 1437 eutem
1040 1378 1180 1456 parabole
1197 1384 1285 1442 uuttl

250 1463 401 1543 praecedit
415 1463 587 1537 similitudo,
602 1473 650 1521 res
666 1463 812 1540 sequitur,
829 1471 877 1520 eut
893 1463 1042 1540 praecedit
1062 1480 1110 1520 res
1126 1471 1154 1521 et
1169 1463 1243 1520 simi-

250 1547 340 1607 litudo
359 1548 497 1624 sequitur.
536 1546 594 1607 Sed
609 1546 720 1605 interim
737 1544 829 1604 libera
850 1554 879 1604 et
893 1555 1026 1623 separata
1042 1555 1100 1614 est;
1121 1547 1244 1621 iuterim,

251 1630 329 1708 quod
343 1630 432 1706 longe
449 1632 584 1709 optimum
600 1639 660 1704 est,
680 1647 744 1688 cum
759 1646 802 1703 re,
818 1631 897 1689 cuius
916 1640 961 1689 est
975 1632 1079 1707 imago,
1097 1631 1243 1689 connecti·

250 1723 307 1789 tur,
330 1714 485 1773 collatione
505 1716 627 1773 invicem
641 1713 846 1790 respondente,
867 1714 944 1791 quod
957 1715 1025 1774 iacit
1038 1714 1160 1772 redditio
1177 1730 1244 1772 con·

250 1798 355 1874 traria,
379 1815 453 1876 quae
474 1788 668 1868 durocortorum
687 1796 797 1856 dicitur.
839 1797 990 1859 Praecedit
1009 1798 1163 1858 similitudo
1183 1796 1245 1875 ille,
1253 1805 1288 1861 78

252 1882 332 1941 cuiue
347 1882 432 1942 modo
449 1881 507 1942 feci
522 1882 711 1941 mentionem:
756 1931 760 1936 ,

478 2019 479 2023 ,
568 2013 572 2021 .
660 1962 874 2041 -lndelupe'
888 1984 945 2026 eeu

468 2048 620 2128 Raptoree
633 2057 704 2110 otro
718 2049 751 2109 io
764 2049 877 2109 nebula
890 2054 942 2106 -2

251 2133 388 2210 Sequitur
405 2134 540 2211 inprime
558 2131 722 2209 Georgicon
743 2140 810 2211 post
827 2131 942 2210 longum
958 2131 994 2192 de
1011 2130 1097 2192 hellis
1113 2131 1245 2193 civilibus

250 2224 338 2294 atque
355 2219 481 2276 externis
497 2218 734 2294 conquestionem
746 2224 768 2275 :¹

337 2297 366 2360 U
365 2309 385 2376 t,
401 2320 470 2362 eum
480 2303 666 2362 >carceribus
678 2319 746 2361 εεεε
758 2299 893 2382 effodere
913 2298 1094 2378 occultique,

336 2385 467 2447 Addunt
480 2386 513 2446 io
525 2387 647 2463 spatior
662 2393 691 2446 et
702 2384 824 2461 frustra
839 2384 1010 2446 retinaculo
1027 2384 1153 2445 tendens

335 2465 447 2529 Fertur
461 2472 546 2546 equis
560 2471 682 2547 actico,
697 2484 794 2545 oeque
812 2469 900 2529 cudit
915 2486 1028 2528 curros
1042 2468 1195 2528 lubecae

250 2548 311 2611 Sed
335 2550 410 2610 haec
434 2562 499 2612 sunt
525 2554 587 2611 sine
619 2552 799 2629 antapodosi.
844 2551 977 2611 Redditio
1001 2560 1095 2611 autem
1115 2552 1165 2612 illa
1185 2559 1288 2618 remt9

249 2644 416 2712 utramque,
443 2654 526 2714 quem
549 2631 712 2715 comparui,¹
738 2635 820 2695 velut
840 2636 954 2694 subiicit
974 2635 1066 2694 oculis
1089 2645 1118 2694 et
1138 2637 1247 2714 puriter

250 2717 386 2778 ostendit.
432 2717 518 2779 Cuius
548 2719 698 2798 praeclare
724 2720 800 2797 apud
826 2719 986 2797 Vergilium
1010 2719 1097 2779 multa
1128 2721 1246 2797 reperio

250 2801 400 2879 exemplu,
427 2804 480 2864 sed
503 2805 636 2863 oratoriis
655 2803 751 2881 potius
776 2803 911 2863 utendum
941 2813 995 2863 est.
1037 2803 1116 2863 Dicit
1140 2802 1245 2864 Cicero

249 2903 303 2964 pro
325 2883 458 2946 Murena:
484 2885 520 2948 Ut
537 2889 623 2949 oicot
642 2890 674 2948 tc
690 2885 819 2949 Graecis
838 2887 1009 2965 artificibus
1028 2906 1080 2948 eos
1101 2888 1247 2950 auloedos

249 2988 332 3045 esee,
357 2973 410 3046 qui
430 2972 599 3033 citharoedi
617 2970 687 3049 fieri
700 2989 760 3032 ooo
772 2973 942 3050 potuerint:
962 2972 1245 3044 decrescimus,

251 3056 303 3131 qut
317 3062 458 3115 oratores
473 3056 606 3116 euadere
619 3073 679 3116 coc
693 3057 860 3132 potuerint,
883 3073 935 3116 eor
952 3057 996 3116 od
1015 3055 1093 3115 iuris
1112 3054 1246 3114 studium

249 3139 412 3198 divertere.
451 3137 525 3199 lllud
544 3156 597 3216 pro
622 3139 725 3198 eodem
746 3140 802 3197 iam
819 3156 912 3217 paene
933 3138 1051 3217 poetico
1071 3139 1172 3216 spiritu
1193 3135 1287 3200 sedito

249 3229 422 3280 tamencum
439 3240 491 3282 sue
508 3223 684 3297 redditione,
706 3223 784 3301 quod
808 3231 853 3281 est
876 3222 911 3282 ad
932 3231 1061 3281 ornatum
1082 3238 1244 3281 accommo-

249 3305 358 3366 datius:
375 3302 455 3366 Nom
468 3315 502 3367 ct
518 3314 710 3384 tempestates
732 3322 827 3384 saepe
850 3313 934 3368 certo
953 3306 1055 3382 atiquo
1071 3306 1147 3366 coeli
1160 3306 1246 3384 etque

249 3398 483 3466 commoventur,
505 3406 599 3468 saepe
612 3391 796 3468 improvisae
809 3391 893 3451 nullo
907 3407 947 3450 ee
962 3398 1046 3451 certo
1062 3391 1181 3451 ratione
1195 3389 1245 3452 ob·

246 3490 344 3534 ecura
363 3474 469 3551 aliquo
482 3493 522 3533 ece
537 3493 635 3534 causo
650 3475 862 3535 coomtcctur:
879 3476 925 3536 etc
939 3475 971 3534 to
986 3473 1045 3533 lucc
1059 3474 1246 3535 conitiorum

247 3563 425 3639 tempestcte
438 3558 583 3635 populari
601 3575 695 3636 saepe
713 3559 880 3636 tectonicas,
908 3574 966 3635 quo
991 3558 1077 3636 sicem
1099 3564 1246 3619 commoto

246 3641 303 3709 sitr
318 3658 414 3718 ecepe
426 3643 471 3702 ito
486 3642 618 3703 obsecro
639 3649 693 3717 est,
707 3651 740 3702 ct
755 3643 822 3703 eine
836 3658 934 3702 causo
948 3643 1083 3704 excitato
1093 3644 1245 3705 videatur.

248 3723 320 3784 Sunt
337 3733 367 3784 et
377 3724 446 3785 illae
460 3723 581 3786 breves:
606 3723 684 3804 Voqt'
698 3743 759 3805 per
778 3727 873 3787 siloas
891 3728 952 3788 ritu
964 3726 1114 3804 ferarum,
1131 3735 1160 3786 ει
1174 3723 1285 3787 illudet
