3184 4409
510 423 924 537 murmurmurmur,
939 466 966 521 o.
981 466 1007 521 t.
1194 455 1254 519 255

258 624 367 686 alendo
386 622 489 684 callum
505 624 663 691 inducere;
686 623 739 684 sed
755 625 811 684 iam
833 625 990 697 scientem,
1013 623 1080 701 quid
1097 624 1134 683 sit
1148 641 1255 702 pugna,

258 718 292 770 et
307 711 335 767 in
350 725 434 786 quam
449 726 510 767 rem
524 708 694 768 studendum
709 710 760 784 sit,
782 708 864 786 retici
885 715 971 785 atque
987 709 1131 766 renovari.
1162 710 1211 768 Sic
1227 717 1283 774 ett

256 792 385 853 tirocinii
401 800 522 867 metum,
540 792 606 850 dum
622 791 735 851 facilius
751 800 796 851 est
812 792 938 866 audere,
954 793 1116 865 transierit,
1137 809 1193 850 nec
1207 810 1256 851 au·

258 876 349 936 deudi
374 875 543 935 facilitatem
568 893 660 952 usquc
687 874 723 934 ad
749 884 942 953 contemptum
970 876 1070 951 operis
1095 874 1255 934 adduxerit.

257 958 338 1020 Usus
353 967 398 1018 est
412 958 468 1019 hac
482 960 593 1018 ratione
609 957 646 1017 Μ.
666 957 793 1034 Tullius,
819 968 848 1018 et
865 977 928 1018 cum
944 960 999 1017 iam
1015 959 1122 1018 clarum
1137 961 1256 1018 meruis·
1345 1025 1351 1034 ,

257 1052 308 1102 set
323 1044 397 1101 inter
412 1050 567 1120 patronos,
587 1043 707 1120 quitum
723 1052 822 1118 eraut,
846 1061 966 1101 nomen:
984 1043 1012 1100 iu
1028 1042 1126 1101 Asiam
1140 1044 1257 1119 naviga·

258 1128 304 1186 vit
320 1144 411 1204 seque
430 1135 459 1184 et
474 1126 537 1185 aliis
555 1127 617 1185 sine
634 1125 720 1185 dubio
737 1126 922 1204 eloquentiae
942 1145 977 1186 ac
993 1127 1152 1204 sapientiae
1168 1126 1257 1202 magi·

259 1211 331 1270 stris
352 1209 405 1269 sed
425 1210 584 1287 praecipue
605 1219 700 1268 tamen
721 1210 880 1289 Apollonio
896 1209 1021 1285 Moloni,
1045 1227 1129 1289 quem
1147 1209 1258 1269 Romae

257 1311 379 1373 quoque
403 1294 548 1369 audierat,
577 1290 671 1352 Rhodi
691 1312 789 1354 rursus
813 1294 992 1354 formandum
1014 1311 1049 1353 ac
1073 1293 1153 1352 velut
1173 1309 1258 1352 recc-

258 1378 405 1455 queudum
433 1377 520 1437 dedit.
559 1375 630 1436 Tum
651 1376 766 1453 dignum
789 1383 898 1456 operae
920 1379 1042 1456 pretium
1064 1379 1176 1453 veuit‚.
1194 1374 1258 1437 oum
1282 1382 1284 1384 ’

257 1464 337 1521 iuter
353 1479 386 1521 se
403 1469 562 1537 congruunt
578 1471 735 1540 praecepta
754 1471 783 1523 et
800 1463 1009 1541 experimenta.

259 1613 349 1673 QUAE
362 1614 394 1663 lN
408 1612 624 1664 SUSCIPIENDlS
644 1612 760 1665 onos1s
776 1612 920 1664 ORATORI
937 1612 1157 1668 OBSERVANDA
1172 1612 1257 1664 SINT.

347 1714 410 1774 vll.
436 1713 506 1774 Cum
522 1716 590 1774 satis
605 1716 633 1774 in
651 1717 725 1775 omui
742 1716 897 1775 certamine
912 1716 1014 1775 virium
1029 1715 1149 1790 iecerit,
1168 1715 1260 1794 prima

261 1801 292 1860 ei
309 1817 377 1859 cura
392 1801 427 1857 in
442 1799 695 1878 suscipiendis
710 1801 835 1859 causis
851 1801 919 1864 erit:
936 1801 964 1858 iu
979 1800 1083 1879 quibus
1099 1799 1259 1860 defendere

260 1883 379 1962 quidem
399 1900 467 1942 reos
482 1883 617 1961 profecto
634 1901 717 1961 quam
734 1884 833 1942 lacere
850 1883 1002 1943 virbonus
1019 1885 1122 1958 malet,
1144 1900 1201 1942 non
1218 1892 1259 1942 ta·

259 1984 329 2026 men
348 1968 386 2026 ita
408 1983 512 2026 nomeu
533 1968 624 2045 ipsum
645 1968 823 2027 accusatoris
846 1967 993 2043 horrebit,
1015 1977 1045 2026 ut
1060 1968 1139 2026 nullo
1163 1985 1260 2044 neque

260 2051 380 2130 publico
397 2069 491 2128 neque
507 2053 619 2128 privato
635 2051 700 2111 duci
713 2052 806 2129 possit
821 2051 938 2125 cilicio,
954 2060 985 2109 ut
1002 2050 1127 2129 aliquem
1143 2052 1178 2110 ad
1194 2051 1259 2111 red·
1307 2106 1312 2121 ,

262 2135 386 2195 dendam
404 2135 543 2194 rationem
567 2136 644 2194 vitae
662 2144 758 2195 vocet.
790 2134 862 2193 Nam
885 2143 914 2194 et
929 2135 1013 2211 leges
1029 2137 1110 2212 ipsae
1127 2135 1196 2194 nilril
1211 2151 1259 2193 va·

264 2218 353 2292 leant,
370 2219 425 2276 nisi
437 2220 544 2277 actoris
556 2219 661 2278 idonea
672 2237 747 2278 voce
758 2219 896 2286 munitae;
916 2229 945 2278 et
956 2220 980 2277 si
991 2236 1103 2296 poenas
1114 2219 1260 2278 scelerum

264 2310 408 2380 expetere
432 2302 476 2361 ias
497 2311 630 2361 nonest:
655 2320 748 2380 prope
764 2311 825 2378 est,
851 2311 881 2361 ut
896 2302 1011 2362 scelera
1034 2303 1097 2380 ipsa
1118 2302 1260 2381 permissa

264 2387 337 2452 siut;
356 2395 385 2444 et
400 2385 544 2445 licentiam
559 2386 641 2445 malis
657 2386 732 2462 dari,
750 2394 831 2445 certe
847 2395 947 2446 contra
963 2385 1057 2445 bonos
1072 2395 1126 2445 est.
1161 2385 1287 2458 Quaret

262 2486 361 2548 neque
378 2471 522 2529 sociorum
538 2470 674 2548 querelas
689 2488 745 2529 uec
759 2471 842 2530 amici
855 2470 1073 2558 velpropinqui
1088 2488 1191 2530 necem
1206 2485 1262 2526 nec

265 2561 417 2631 erupturas
429 2555 457 2612 iu
469 2572 530 2613 rem
543 2553 685 2633 publicam
698 2555 929 2632 conspirationes
944 2554 1047 2612 inultas
1058 2555 1182 2631 patietur
1197 2569 1261 2612 ora·

263 2646 326 2712 tor,
359 2654 416 2695 uon
441 2654 555 2716 poenae
579 2639 743 2697 nocentium
771 2638 891 2715 cupidus
913 2637 966 2697 sed
995 2638 1165 2698 emendandi
1193 2636 1261 2695 vitia

265 2721 488 2798 corrigendique
510 2739 617 2780 mores.
650 2719 721 2782 Nam
742 2723 790 2800 qui
812 2723 924 2781 ratione
946 2721 1056 2781 traduci
1080 2721 1116 2782 ad
1138 2721 1258 2781 meliora

264 2821 323 2863 nou
338 2814 474 2882 possunt,
493 2805 557 2864 solo
574 2814 650 2865 metu
666 2807 856 2865 continentur.
887 2804 986 2883 ltaque
1006 2815 1036 2864 ut
1052 2806 1291 2865 accusatoriam3

264 2890 353 2947 uitam
367 2889 469 2947 vivere
485 2898 514 2949 et
530 2889 565 2949 ad
580 2889 757 2950 deferendos
772 2906 842 2948 reos
858 2891 987 2968 praemio
1003 2890 1086 2966 duci,
1102 2889 1262 2968 proximum

265 2971 417 3030 latrocinio
435 2981 495 3032 est:
519 2975 556 3032 ita
579 2982 693 3051 pestem
716 2974 877 3033 intestinam
893 2974 1084 3051 propulsare,
1109 2991 1173 3032 cum
1194 2984 1263 3048 pro·

265 3056 474 3133 pugnatoribus
491 3058 601 3135 patriae
620 3058 851 3135 comparandum.
879 3055 1007 3135 Ideoque
1022 3059 1169 3135 principes
1186 3056 1214 3112 iu
1229 3071 1262 3112 re

264 3137 384 3216 publica
400 3141 454 3199 viri
471 3157 528 3199 nou
546 3140 780 3200 detrectaverunt
797 3141 872 3200 hauc
889 3141 978 3200 cilicii
994 3150 1123 3218 partem,
1146 3138 1262 3198 crediti·

264 3240 322 3301 que
343 3233 408 3282 sunt
426 3224 510 3284 etiam
526 3224 596 3284 clari
611 3225 731 3284 iuvenes
748 3224 880 3285 obsidem
900 3225 944 3284 rei
965 3223 1100 3300 publicae
1118 3221 1188 3282 dare
1204 3239 1262 3280 ura*

265 3306 358 3365 lorum
384 3308 487 3367 ciuium
509 3310 739 3384 accusationem,
763 3308 829 3386 quia
850 3326 905 3367 uec
922 3308 1019 3366 odisse
1041 3307 1190 3385 improbos
1206 3323 1263 3364 nec

265 3390 423 3450 simultates
439 3403 603 3469 provocare
619 3393 674 3451 nisi
689 3411 726 3451 ex
737 3391 841 3451 fiducia
855 3391 950 3450 bonae
963 3391 1065 3449 mentis
1081 3391 1260 3451 videbantur.

263 3472 356 3553 quue
372 3489 436 3540 oum
451 3475 486 3534 ab
498 3475 668 3552 Hortensio,
691 3475 833 3549 luendis,
849 3474 997 3552 Sulpicio,
1014 3471 1169 3550 Cicerone,
1186 3471 1289 3534 Cae-4

264 3577 342 3633 sare,
360 3558 491 3636 plurimis
508 3560 582 3635 aliis,
596 3568 656 3618 tum
672 3558 707 3619 ab
723 3568 846 3636 utroque
862 3556 971 3618 Catone
989 3559 1094 3618 iactum
1111 3566 1169 3626 est;
1191 3575 1261 3636 quc·

262 3661 326 3701 rum
348 3643 422 3702 alter
442 3643 606 3721 appellatus
622 3644 754 3722 sapiens,
780 3642 854 3701 alter
869 3642 923 3701 nisi
939 3642 1064 3702 creditur
1080 3642 1188 3716 fuisse,
1212 3642 1262 3698 vix

260 3728 342 3802 scio,
366 3727 412 3786 cui
435 3727 586 3806 reliquerit
607 3726 695 3787 huius·
712 3727 833 3786 nominis
856 3726 961 3787 locum.
1000 3725 1103 3806 Neque
1125 3725 1262 3786 defendet
