3184 4409
550 410 640 458 nuso.
654 350 811 458 'cunnos
832 403 901 458 nna
919 411 970 477 111,
992 405 1018 460 7.
1226 396 1284 458 133
1314 383 1316 386 ⁴

301 573 339 625 tur
358 566 388 625 in
409 573 595 643 tempora,
626 565 760 643 quodque
787 573 852 624 ante
873 581 925 623 eos
952 563 1004 623 luit
1027 580 1141 642 quoque
1166 565 1222 642 ipsi
1243 567 1285 623 vi·

300 657 411 716 xerunt3
434 650 463 717 in
479 649 524 708 his
543 657 655 724 autem,
683 651 731 727 qui
748 649 808 708 lato
828 657 892 707 sunt
912 648 1017 722 luncti,
1039 649 1123 707 etiam
1142 648 1218 726 quod
1241 657 1286 707 cst

300 736 464 793 insecutum.
507 731 582 791 Ante
605 732 749 791 bominem
769 733 890 810 patria
913 751 947 791 ac
970 741 1145 809 parentes
1174 734 1285 791 maio·

259 792 262 857 Ι
299 834 431 895 resque
453 824 553 959 ernnht,l
569 833 688 914 quorum
708 817 816 894 duplex
837 824 1123 958 ²3³⁰³³t¹¹⁸hestfp³¹¹¹
1145 817 1219 875 enim
1240 834 1286 874 rc-

847 918 855 956 1
1272 931 1285 941 -

258 938 260 1023 l
298 901 545 1044 lllllllulii
556 909 634 1042 tt
643 900 892 1062 ttllttttli
900 909 947 1041 {l
959 917 1106 1061 adlidi
1115 899 1284 1060 ,ttltd
1293 995 1325 1046 11

298 1068 355 1145 fuit,
375 1077 509 1146 tempore
527 1067 683 1143 trahentur,
703 1084 776 1145 quae
794 1068 942 1144 responsis
959 1066 1007 1125 vel
1021 1069 1147 1142 auguriis
1165 1067 1288 1141 futuram

297 1153 454 1213 claritatem
472 1153 680 1229 promiserunt,
699 1161 730 1210 ut
747 1169 821 1227 eum,
841 1152 888 1228 qui
906 1169 942 1209 ex
960 1149 1081 1210 Thetide
1099 1160 1180 1210 natus
1196 1160 1286 1225 esset,

296 1238 432 1296 maiorem
464 1244 545 1313 patre
581 1252 634 1293 suo
663 1234 787 1294 futurum
824 1237 965 1294 cecinisse
994 1235 1125 1294 dicuntur
1157 1235 1284 1294 oracula.

295 1319 387 1398 Ipsius
406 1336 478 1379 uero
498 1319 562 1378 laus
583 1319 705 1379 homiuis
725 1337 763 1377 ex
780 1320 873 1378 animo
891 1327 920 1378 et
937 1335 1061 1395 corpore
1088 1328 1116 1378 et
1138 1328 1219 1377 extra
1235 1327 1328 1396 polu

295 1405 353 1463 sitis
374 1405 435 1482 peti
452 1403 549 1463 debet.
583 1403 620 1462 Et
641 1404 812 1480 corporis
832 1403 945 1480 quidem
966 1403 1205 1480 fortuitorumque
1223 1421 1286 1461 cum

295 1486 389 1548 levior
410 1495 469 1546 tum
494 1503 551 1545 non
573 1504 629 1545 uno
651 1487 737 1546 modo
760 1487 906 1546 tractando
928 1496 982 1545 est.
1015 1485 1087 1546 Nam
1110 1495 1138 1545 et
1160 1486 1285 1564 pulchri·

294 1570 419 1631 tudinem
445 1572 556 1630 interim
584 1569 729 1648 roburque
754 1573 955 1648 prosequimur
981 1570 1091 1630 honore
1120 1570 1285 1644 verborum,

294 1664 322 1714 ut
339 1653 483 1714 Homerus
501 1655 530 1712 in
548 1652 762 1730 Agamemnone
781 1663 867 1732 atquc
885 1654 1010 1714 Achille.
1043 1652 1158 1713 Interim
1173 1653 1287 1713 confert

294 1737 472 1797 admirationi
497 1737 612 1797 multum
641 1739 724 1797 etiam
750 1738 911 1814 infirmitas,
939 1747 970 1797 ut
995 1756 1058 1797 cum
1085 1739 1160 1798 idem
1187 1737 1286 1813 Tydea

293 1839 411 1900 parvum
434 1822 485 1882 sed
512 1821 772 1881 bellatorem-dicit
794 1823 893 1881 luisse.
926 1820 1051 1881 Fortuna
1071 1839 1142 1880 vero
1164 1831 1222 1880 tum
1245 1821 1328 1883 di-13

246 1928 247 1934 ¹
291 1907 431 1982 gnitatem
450 1905 548 1981 affert,
575 1914 605 1964 ut
622 1908 651 1964 in
667 1905 785 1982 regibus
805 1905 1054 1983 principibusque,
1080 1905 1287 1982 (naurqueest

291 1990 367 2049 haec
388 1991 507 2049 materia
530 1989 725 2049 ostendendae
747 1991 859 2049 virtutis
880 1989 1012 2067 uberior)
1037 1998 1094 2047 tum
1118 2005 1174 2066 quo
1197 1989 1286 2046 mino-

291 2092 340 2133 rcs
367 2090 441 2152 opes
463 2072 587 2148 luerunt,
607 2075 743 2132 maiorem
759 2072 834 2132 bene
859 2073 943 2132 luctis
962 2062 1084 2149 gloriam
1106 2074 1189 2149 parit.
1227 2071 1286 2131 Sed

293 2159 400 2232 omnia,
422 2174 495 2234 quae
518 2165 599 2215 extra
621 2175 674 2235 nos
697 2157 771 2216 bona
795 2166 860 2216 sunt
878 2173 1010 2234 quaeque
1030 2155 1190 2215 bominibus
1210 2155 1285 2213 forte

293 2241 472 2318 obtigerunt,
498 2258 554 2299 non
573 2241 639 2300 ideo
656 2241 816 2316 laudantur,
841 2241 916 2318 quod
933 2239 1064 2299 habuerit
1081 2241 1144 2318 quis
1165 2256 1210 2314 ea,
1233 2238 1286 2298 scd

293 2325 372 2403 qnod
389 2324 434 2383 his
455 2324 577 2384 honeste
596 2326 633 2383 sit
650 2342 728 2383 usus.
765 2324 838 2384 Nam
850 2325 964 2384 divitiae
985 2332 1014 2383 et
1030 2325 1159 2401 potentin
1176 2331 1204 2382 et
1221 2341 1284 2399 gra·
1295 2331 1349 2386 14·

292 2411 342 2483 tia,
366 2425 432 2468 oum
453 2409 604 2486 plurimum
625 2409 724 2467 virium
743 2409 810 2468 dent
827 2409 855 2467 in
870 2417 1020 2485 utrumque
1039 2416 1165 2486 partem,
1186 2409 1286 2466 certis-

293 2493 395 2557 simum
413 2490 519 2552 faciunt
535 2508 644 2550 morum
661 2494 894 2570 experimentum,
914 2501 961 2551 aut
976 2494 1049 2565 enim
1067 2492 1203 2551 meliores
1219 2509 1286 2569 pro-

294 2585 359 2654 pter
383 2574 457 2635 baec
480 2584 527 2635 aut
546 2577 663 2653 peiores
685 2594 790 2635 snmus.
842 2576 953 2635 Animi
981 2595 1098 2654 semper
1118 2594 1188 2636 vera
1211 2575 1327 2650 laus,15

294 2659 344 2720 sed
367 2676 426 2719 non
447 2678 502 2719 una
524 2677 578 2737 per
597 2659 654 2719 hoc
677 2677 750 2737 opus
771 2661 817 2720 via
839 2660 960 2719 ducitur.
993 2659 1215 2737 Namqucalins
1238 2677 1285 2718 ae·

294 2745 358 2803 tatis
383 2742 489 2820 gradus
517 2752 720 2820 gestarumque
751 2763 846 2803 rerum
869 2744 997 2803 ordinem
1019 2745 1102 2822 sequi
1124 2744 1286 2821 speciosius

294 2825 361 2903 luit,
385 2835 415 2886 ut
435 2828 463 2885 in
481 2828 578 2904 primis
598 2829 677 2911 annis
694 2827 859 2887 laudaretur
877 2828 1005 2903 indoles,
1029 2837 1087 2886 turn
1105 2827 1284 2904 disciplinae,

294 2920 361 2988 post
384 2909 441 2970 hoc
462 2912 582 2989 operum
603 2911 631 2970 id
662 2920 707 2969 est
736 2912 876 2972 laetorum
897 2911 1095 2989 dictorumque
1119 2919 1284 2975 contextus:

294 2993 365 3054 alias
390 2994 418 3052 in
441 2995 557 3073 species
577 2996 711 3054 virtutum
731 2995 859 3056 dividere
879 2994 1007 3070 laudem,
1030 2994 1219 3068 fortitudinis,
1245 2995 1288 3052 iu··

292 3079 407 3153 stitisse,
435 3079 627 3138 continentiae
653 3086 888 3156 ceterarumque,
918 3097 952 3139 uc
979 3079 1099 3155 singulis
1125 3078 1304 3153 assignare,

293 3179 369 3240 quac
390 3162 551 3221 secundum
570 3180 711 3240 quamque
736 3181 833 3223 carum
854 3171 938 3240 gesta
961 3172 1051 3222 erunt.
1093 3161 1163 3221 Utru
1180 3163 1217 3220 sit
1239 3179 1286 3220 au·
1296 3170 1328 3224 16

290 3253 350 3305 tenu
366 3244 467 3305 barum
483 3247 528 3305 via
546 3246 653 3320 utilior,
671 3263 734 3304 curn
749 3247 867 3306 materia
882 3245 1114 3320 deliberabimus,
1132 3245 1197 3312 dum
1212 3246 1286 3304 sciu-

291 3348 354 3388 mus
375 3332 504 3406 gratiora
526 3348 591 3389 esse
611 3329 806 3405 audientibus,
829 3346 903 3407 quae
925 3329 1005 3388 solus
1027 3330 1089 3407 quis
1109 3337 1156 3388 aut
1178 3330 1285 3407 primus

291 3421 340 3473 ant
362 3418 445 3473 certe
467 3432 531 3473 cum
552 3414 651 3490 paucis
668 3413 775 3472 iecisse
792 3413 912 3488 dicetur,
935 3415 961 3472 si
980 3414 1047 3491 quid
1065 3422 1217 3491 praeterea
1238 3430 1285 3471 su·

291 3515 344 3576 pru
367 3515 450 3576 spem
473 3506 520 3556 aut
545 3498 786 3575 expectationem,
808 3497 964 3576 praecipue
982 3498 1058 3574 quod
1077 3497 1170 3556 aliena
1189 3497 1284 3574 potius

293 3599 382 3640 causa
404 3598 488 3659 quam
510 3598 571 3640 sua.
611 3579 779 3658 Tempus,
803 3579 897 3659 quod
919 3580 1027 3640 linem
1052 3581 1209 3640 hominis
1231 3581 1323 3640 in·li

293 3666 480 3744 sequitur,
499 3681 557 3724 non
573 3682 689 3743 semper
708 3673 833 3726 tractare
852 3666 1006 3746 contingit3
1020 3682 1083 3727 non
1099 3664 1198 3725 solum
1215 3661 1301 3739 quob
