3184 4409
337 431 398 494 232
648 442 685 489 u.
701 441 778 488 aaa.
794 437 1013 500 cummuni

293 609 471 678 uitympana
494 596 677 675 eloquentiae
696 590 818 656 demus?
852 592 941 670 lgitur
961 602 991 654 et
1011 592 1080 670 ille,
1101 610 1186 671 quem
1204 593 1323 655 institui-

335 701 414 757 mus,
431 680 619 755 adolescens,
639 697 723 756 quam
737 678 859 737 maxime
871 686 980 755 potest,
998 688 1152 756 componat
1167 695 1198 737 se
1213 678 1249 737 ad
1264 681 1324 738 imi·

336 768 472 826 tationem
490 765 632 838 veritatis,
649 764 825 838 initurusque
838 761 1006 839 frequenter
1021 762 1178 821 lorensium
1192 765 1324 821 certami-

337 869 402 910 num
419 866 543 926 pugnam
558 849 613 906 ianr
628 847 656 904 in
673 845 773 905 schola
784 845 934 904 victoriam
950 853 1065 922 spectet
1080 854 1109 904 et
1124 846 1211 905 ferire
1225 847 1324 905 vitalia

338 951 373 994 ao
395 933 468 991 tueri
491 928 579 999 sclat;
602 939 631 988 et
651 937 827 1008 praeceptor
846 928 874 988 id
900 929 1021 987 maxime
1043 929 1159 1005 exigat,
1180 929 1324 995 inventum

338 1017 495 1095 praecipue
517 1013 630 1092 probet.
666 1011 753 1087 Nam,
774 1021 804 1072 ut
819 1011 855 1070 ad
869 1013 970 1090 peiora
984 1013 1102 1071 iuvenes
1120 1011 1204 1075 laude
1218 1011 1324 1072 ducun·

295 1109 392 1176 a3tur,
408 1100 446 1158 ita
462 1098 571 1158 laudari
587 1099 616 1156 iu
632 1095 714 1156 bouis
730 1095 865 1172 gaudent.
902 1094 984 1155 Nunc
1001 1095 1072 1156 illud
1085 1094 1161 1155 male
1174 1104 1230 1170 est,
1248 1096 1325 1173 quod

336 1183 501 1242 necessaria
524 1181 693 1259 plerumque
714 1178 830 1238 silentio
846 1187 1009 1254 transeunt,
1033 1197 1088 1239 nec
1103 1181 1131 1238 in
1146 1179 1269 1240 dicendo
1283 1180 1325 1238 vi·

337 1267 419 1327 detur
437 1267 510 1324 inter
524 1263 600 1324 hona
615 1263 732 1323 utilitas.
771 1262 829 1322 Sed
846 1261 919 1322 haec
935 1264 1006 1322 etin
1027 1263 1084 1323 alio
1106 1261 1187 1321 nobis
1202 1271 1324 1322 tractata

336 1359 400 1410 sunt
418 1366 509 1427 opere
527 1356 556 1407 et
573 1349 601 1407 in
618 1347 675 1407 lroc
691 1363 781 1425 saepe
795 1347 964 1424 repetenda.
990 1345 1072 1407 Nunc
1087 1346 1123 1406 ad
1137 1345 1268 1406 ordinem
1284 1347 1325 1416 in

338 1443 461 1513 ceptum.

682 1559 723 1608 llll
741 1557 975 1611 mammona.

418 1666 495 1727 Xlll.
526 1665 723 1727 Relutatio
751 1668 905 1746 dupliciter
932 1668 1025 1746 accipi
1049 1677 1156 1747 potest.
1201 1667 1275 1728 Nam
1296 1679 1327 1731 ct

337 1769 404 1830 pars
420 1750 583 1811 defensoris
603 1760 662 1810 tota
679 1761 723 1811 est
739 1753 833 1830 posita
847 1753 875 1811 in
889 1752 1077 1827 refutatione,
1095 1761 1139 1826 et,
1159 1769 1232 1830 quae
1249 1753 1327 1814 dicta

337 1842 401 1894 sunt
423 1853 460 1894 ex
477 1834 611 1911 diverso,
635 1834 741 1894 debent
757 1836 889 1914 utrinque
908 1835 1037 1895 dissolvi.
1074 1835 1111 1896 Et
1125 1837 1182 1896 hoc
1197 1845 1242 1894 est
1258 1855 1327 1914 pro-

336 1919 414 1997 prie,
439 1918 483 1977 cui
504 1918 533 1976 in
551 1919 645 1978 causis
664 1929 781 1998 quartus
796 1921 958 1998 assignatur
972 1919 1063 1978 locus.
1101 1919 1160 1979 Sed
1176 1921 1328 1999 utriusque

337 2001 437 2060 similis
459 2002 590 2061 condicio
613 2011 666 2062 est.
701 2003 804 2081 Neque
824 2021 895 2063 vero
918 2021 955 2062 ex
977 2004 1040 2062 aliis
1063 2003 1137 2062 locis
1152 2003 1224 2063 ratio
1240 2022 1326 2081 arqu-

337 2094 495 2145 mentorum
516 2086 544 2144 in
568 2083 622 2146 lrac
647 2096 729 2165 parte
750 2088 812 2165 peti
832 2095 930 2165 potest
952 2103 1034 2164 quarn
1054 2087 1082 2144 in
1098 2087 1326 2162 confirmatione,

338 2187 392 2228 nec
410 2167 540 2228 locorum
555 2179 602 2229 aut
617 2171 820 2236 sententiarum
832 2179 880 2230 aut
894 2168 1048 2228 verborum
1060 2179 1089 2229 et
1101 2171 1254 2247 figurarum
1269 2172 1327 2232 alia

309 2252 471 2312 icondicio
490 2261 556 2322 est.⁸
579 2253 710 2313 Affectus
726 2255 894 2332 plerumque
909 2253 982 2312 haec
1001 2271 1068 2330 pars
1083 2255 1210 2313 mitiores
1227 2253 1326 2315 habet.

421 2334 568 2395 Nou‘sine
593 2355 678 2397 causa
691 2346 794 2397 tannen
816 2337 959 2398 difficilius
983 2354 1098 2415 semper
1113 2346 1158 2396 est
1175 2338 1326 2412 creditum,

339 2417 415 2497 quod
433 2417 538 2498 Cicero
556 2437 645 2498 saepe
662 2429 797 2495 testatur,
815 2419 972 2481 defendere
989 2438 1071 2497 quarn
1087 2439 1234 2479 accusare.
1266 2421 1327 2480 Pri·

336 2519 427 2576 mum,
450 2500 527 2579 quod
543 2510 587 2560 cst
602 2521 649 2561 res
665 2503 714 2562 illa
731 2503 904 2581 simplicior,
921 2504 1089 2581 proponitur
1105 2506 1178 2562 enim
1193 2521 1250 2563 uno
1265 2522 1328 2564 mo·

338 2584 392 2660 do,
413 2582 580 2644 dissolvitur
598 2587 691 2653 varie;
721 2605 784 2645 cum
805 2587 966 2646 accusatori
995 2589 1064 2647 satis
1085 2589 1121 2646 sit
1144 2587 1328 2665 plerumque,

336 2683 436 2727 verum
457 2684 523 2727 esse
546 2666 591 2742 id,
616 2669 691 2747 quod
715 2669 869 2730 obiecerit:
896 2679 1032 2746 patronus
1054 2680 1156 2747 neget,
1178 2671 1329 2747 defendat,

337 2749 507 2825 nautcrat,
527 2761 656 2828 excuset,
672 2752 856 2830 deprecetur,
871 2753 990 2829 molliat,
1007 2755 1122 2829 minuat,
1138 2763 1260 2830 avertat,
1277 2754 1328 2814 de·

337 2832 459 2912 splclat,
482 2832 621 2894 derideat.
660 2835 756 2909 Quare
777 2835 842 2896 inde
863 2846 944 2896 recta
965 2837 1028 2895 lere
1047 2847 1149 2914 atque,
1171 2847 1201 2896 ut
1218 2839 1262 2897 sic
1285 2838 1328 2898 di·

337 2917 445 2993 zerim,
468 2915 595 2977 clamosa
611 2927 655 2978 est
670 2921 760 2989 actio;
782 2919 848 2980 hinc
863 2919 942 2979 mille
964 2920 1055 2979 flexus
1072 2931 1100 2980 et
1120 2930 1197 2980 artes
1212 2921 1329 2981 deside·

304 3006 444 3069 ,amulum
482 2999 552 3060 Tum
574 3011 725 3062 accusator
747 3004 952 3082 praemeditata
969 3004 1110 3083 pleraque
1129 3004 1212 3064 domo
1231 3004 1329 3080 alieri,

337 3085 576 3163 panonnsvenan
587 3086 739 3164 inopinatis
750 3087 919 3166 frequenter
934 3089 1069 3146 occurrit.
1099 3089 1263 3148 Accusator
1279 3088 1332 3148 dat

335 3172 453 3244 omnm,
470 3176 606 3246 patronus
625 3188 662 3228 ex
676 3188 708 3229 re
723 3173 786 3248 ipsa
801 3170 920 3230 refellit.
951 3170 1114 3230 Accusator
1129 3172 1274 3230 criminum
1286 3173 1329 3230 in·

237 3248 247 3321 J
336 3244 423 3325 vidia,
440 3250 489 3311 vel
503 3253 528 3312 si
543 3253 616 3313 falsa
634 3255 698 3329 siut,
714 3255 860 3314 materiam
872 3252 983 3312 dicendi
996 3253 1090 3329 trahit,
1108 3254 1143 3313 de
1160 3253 1329 3331 parricidio,

337 3330 511 3411 stodleqlo,
537 3331 701 3405 maiestate;
733 3355 806 3416 quae
829 3335 949 3415 patrono
974 3346 1079 3396 tanturn
1099 3338 1229 3413 neganda
1250 3346 1327 3397 sunt.

337 3412 466 3493 Ideoque
489 3420 719 3481 accusationibus
748 3423 834 3480 etiam
855 3420 1017 3480 mediocres
1046 3420 1216 3480 indicendo
1238 3421 1327 3480 sulia-

338 3507 455 3568 cerunt:
475 3498 566 3561 bonus
587 3503 724 3563 defensor
744 3519 827 3563 nemo
848 3504 901 3561 nisi
925 3505 973 3581 qui
997 3503 1247 3584 eloquentissimus
1264 3505 1326 3563 luit.

338 3576 505 3659 Quanquam
518 3593 565 3660 nt,
588 3586 664 3664 quod
679 3588 787 3662 sentio,
808 3587 899 3645 semel
915 3587 1017 3661 liniam,
1033 3597 1111 3646 tanto
1127 3597 1172 3646 est
1187 3605 1327 3648 accusare

339 3678 423 3745 qaam
437 3666 605 3745 defendere,
622 3679 726 3748 quanto
738 3670 837 3730 lacere
849 3688 932 3749 quam
947 3690 1049 3733 sanare
1061 3675 1188 3751 vulnera,
1201 3674 1324 3734 lacilius.

295 3812 455 3864 Α.
