3184 4409
527 483 976 552 lusu.01tnu01t.L113.vn,1.
1008 523 1011 528 .
1033 486 1034 489 ’
1220 476 1239 535 9

246 655 344 699 omnes
365 639 581 716 complectitur,
604 637 673 708 nihil
688 639 827 716 proderit.
865 636 1042 711 Quaeramus
1059 657 1148 716 ergo,
1172 658 1237 700 num

246 722 378 782 infirmari
393 725 422 780 iu
443 723 565 800 aliquam
580 731 690 799 partem
711 721 760 781 iex
781 723 883 800 possit.
920 722 994 796 Quid
1011 723 1087 783 aliud
1104 724 1237 802 (saepius

246 807 353 884 dicam)
370 815 469 868 natura
484 808 635 884 permittit,
653 823 735 882 quam
751 815 795 880 ut,
814 823 876 864 eum
890 805 980 864 verbu
998 815 1097 865 contra
1112 809 1183 881 sint,
1201 808 1237 867 de

246 889 391 949 uoluntate
412 885 586 967 quaeratur?
631 887 779 948 Generalis
801 890 888 964 igitur
908 891 1055 967 quaestio,
1079 889 1176 948 verbis
1202 908 1237 950 au

246 974 392 1033 voluntate
411 975 448 1031 sit
469 974 606 1031 standum.
644 970 703 1031 Sed
722 974 796 1030 enim
816 974 845 1030 in
863 989 1010 1031 commune
1026 973 1062 1032 de
1078 974 1140 1031 iure
1161 976 1237 1033 omui

246 1056 444 1134 disputandum
459 1073 574 1133 semper
588 1073 643 1114 nee
660 1073 781 1134 unquam
796 1058 865 1114 satis
883 1056 1035 1116 iudicatum
1051 1065 1104 1114 est.
1141 1055 1238 1129 Quae·

246 1141 363 1200 rendum
378 1142 464 1215 igitur
478 1142 506 1198 iu
523 1139 576 1198 hac
593 1141 673 1217 ipsa,
690 1156 745 1215 qua
766 1140 963 1213 consistimus,
985 1157 1020 1198 au
1035 1139 1142 1216 aliquid
1157 1141 1234 1200 iuve-

246 1226 296 1282 niri
319 1225 428 1300 possit,
451 1222 528 1300 quod
550 1224 658 1300 seripto
680 1219 869 1281 adversetur?
906 1221 1003 1299 Ergo,
1031 1225 1159 1300 quisquis
1181 1235 1279 1288 uento

246 1307 372 1381 affuerit,
396 1306 519 1365 exheres
540 1302 613 1365 erit?
641 1306 788 1382 quisquis,
810 1307 872 1364 sine
894 1303 1089 1383 exceptione?
1123 1305 1180 1365 lam
1203 1325 1235 1367 se

246 1390 293 1449 illa
309 1389 359 1454 uel
377 1391 452 1449 ultro
471 1390 593 1449 offerent
616 1398 796 1465 argumenta:
817 1388 854 1447 Et
875 1387 988 1448 inians?
1012 1390 1085 1452 tilius
1103 1392 1176 1448 enim
1191 1399 1236 1450 est

246 1483 273 1532 et
288 1491 345 1532 nou
364 1473 455 1542 affuit;
479 1476 569 1551 etqui
587 1472 701 1548 aberat,
724 1481 752 1531 et
768 1474 816 1550 qui
830 1473 982 1545 militabat,
1006 1484 1035 1532 et
1050 1474 1097 1549 qui
1112 1475 1141 1531 in
1156 1474 1235 1550 lega·

246 1559 321 1616 tione
338 1553 420 1616 erat?
456 1556 514 1616 Iam
534 1557 650 1616 muitum
668 1559 723 1615 aeti
740 1565 799 1615 est:
822 1559 915 1634 possit
930 1557 1033 1634 aliquis
1048 1574 1105 1615 nou
1119 1557 1236 1618 affuisse

246 1649 272 1699 et
294 1641 382 1700 heres
405 1659 481 1699 esse.
521 1639 661 1700 Transeat
681 1658 754 1698 nuno
776 1641 852 1698 idern
871 1640 938 1715 itte,
961 1642 1009 1716 qui
1030 1641 1182 1718 cogitavit,
1203 1650 1233 1700 ut
1243 1650 1277 1705 51

246 1726 281 1783 ait
296 1721 418 1799 Cicero,
443 1724 565 1783 tibicinis
582 1724 671 1783 Latini
687 1724 771 1783 modo
790 1724 826 1783 ad
843 1724 987 1783 disertum.
1030 1723 1067 1784 Ut
1086 1727 1146 1785 ista
1168 1745 1235 1786 aon·

246 1808 374 1868 aedom:
396 1817 427 1869 ta
445 1828 503 1868 nee
524 1809 627 1886 insons
648 1826 680 1867 es
697 1827 754 1868 nee
774 1808 899 1885 abfuisti
912 1827 969 1867 aee
986 1809 1130 1868 militasti.
1163 1808 1235 1868 Num

246 1891 319 1950 aliud
335 1894 461 1951 occurrit
476 1909 559 1968 quam
575 1891 660 1966 illud,
677 1889 741 1950 Sed
755 1893 890 1951 rusticas
903 1892 992 1951 uam?
1020 1889 1143 1966 Contra,
1161 1891 1278 1969 quod52

246 1973 336 2053 palam
352 1985 412 2050 est,
431 1976 515 2035 dicit:
540 1973 578 2035 Ut
591 1994 685 2052 opere
698 1993 758 2034 non
774 1975 924 2053 potamia,
944 1975 1083 2037 assidere
1092 1977 1235 2052 potatam·

246 2067 271 2116 et
286 2076 387 2118 verum
408 2067 461 2116 est.
504 2057 599 2131 Quare
615 2058 789 2117 redeundum
806 2060 913 2117 rustico
934 2058 970 2117 ad
985 2060 1105 2116 animum
1126 2057 1243 2134 legum,

246 2141 358 2200 tatoris:
387 2141 575 2220 impietatem
593 2143 705 2220 punire
725 2143 832 2216 voluit,
856 2159 910 2219 epo
927 2150 1028 2202 autem
1045 2143 1155 2220 impius
1175 2160 1236 2201 non

246 2244 318 2285 tam.
357 2223 462 2284 Contra
479 2226 555 2304 quod
571 2226 710 2299 disertus,
736 2223 779 2285 Tu
796 2226 888 2301 impie
903 2225 1018 2304 fecisti,
1040 2226 1143 2302 inquit,
1167 2233 1277 2287 canitis

246 2309 506 2370 exheredationem
522 2311 671 2384 meruisti,
687 2310 757 2370 iicet
771 2318 799 2370 te
814 2316 921 2387 postea
934 2309 983 2369 oet
995 2309 1237 2380 poenitentique?

246 2391 373 2453 ambitus
392 2395 435 2453 ad
453 2394 509 2454 iae
525 2412 621 2471 penus
635 2393 763 2472 optionis
777 2393 952 2454 adduxerit.
989 2390 1155 2453 Praeterea
1163 2410 1235 2469 pro·

246 2483 309 2553 pter
324 2485 353 2537 te
361 2477 531 2546 ‚damnatus
546 2485 590 2538 est
602 2487 709 2555 pater,
730 2476 887 2538 videbaris
898 2478 976 2551 euim
992 2478 1031 2537 de
1046 2493 1144 2537 eausa
1160 2493 1235 2554 pro-

246 2561 409 2620 nuntiasse.
452 2560 497 2620 Ad
517 2560 589 2620 haee
613 2563 751 2620 rustinus:
781 2558 825 2620 Ta
845 2578 917 2621 aera
934 2562 968 2620 in
983 2577 1087 2631 ,cansa
1108 2562 1235 2621 domno-

246 2644 332 2705 tiom's
351 2644 453 2721 fuisti,
474 2645 581 2705 mattae
594 2645 785 2727 offenderas,
806 2645 982 2705 inimicitius
996 2645 1097 2704 damni
1113 2652 1235 2705 eontra-

246 2745 347 2788 nerae.
381 2726 460 2786 Haec
474 2729 687 2789 eouieeturaIia.
719 2727 793 2789 Illud
808 2744 939 2806 quoque,
957 2727 1033 2805 quod
1049 2728 1155 2788 eoloris
1168 2727 1235 2788 loco

246 2812 369 2869 rusticus
385 2811 469 2885 dicit,
485 2813 574 2888 putris
589 2811 679 2872 fuisse
697 2813 754 2871 tale
770 2811 936 2886 eonsilium,
957 2830 993 2871 ue
1008 2813 1169 2871 universam
1185 2812 1235 2871 do·

246 2911 315 2951 mum
332 2894 464 2971 periculo
487 2893 652 2954 subtimeret.
691 2895 771 2955 Haeo
793 2896 882 2974 prima
899 2897 1067 2972 quaestione
1088 2896 1187 2973 scripti
1207 2902 1236 2952 et

246 2976 399 3035 uoluntatis
421 2980 609 3039 eontinentur.
646 2979 827 3039 Intendamus
845 2978 921 3038 ultra
937 2981 1057 3038 animum
1076 2978 1277 3037 videamus-54

246 3079 317 3138 que,
339 3077 374 3118 an
391 3061 496 3138 aliquid
512 3063 631 3123 inveniri
646 3072 799 3140 praeterea
814 3063 915 3139 possit.
943 3062 1006 3134 Quo
1022 3062 1050 3121 id
1060 3061 1145 3121 modo
1167 3056 1235 3118 tiet?
1325 3106 1328 3112 .

246 3143 352 3204 iedulo
373 3144 466 3203 imitor
488 3155 688 3222 quaerentem,
709 3155 738 3204 ut
760 3162 901 3222 quaerere
922 3146 1057 3220 doceam,
1080 3153 1109 3203 et
1129 3144 1236 3202 omisso

246 3228 426 3306 speciosiore
451 3247 560 3305 genere
585 3229 620 3288 ad
642 3229 792 3288 utilitatem
817 3247 863 3288 me
888 3231 1030 3288 summitto
1057 3228 1248 3287 discentium..

246 3311 350 3371 imnes
373 3310 465 3371 adhue
484 3315 669 3389 quaestiones
691 3330 728 3371 ex
749 3329 874 3390 persona
892 3312 1024 3390 petitoris
1041 3313 1136 3389 ‘ipsius
1155 3311 1234 3370 tuxi-

246 3413 318 3464 nus;
344 3413 395 3453 eur
416 3412 473 3453 nou
497 3396 603 3473 aliquid
625 3397 701 3456 eirea
723 3405 834 3475 patrem
850 3392 1033 3473 quaerimus?
1056 3395 1161 3454 dietum
1178 3411 1235 3453 uon

246 3488 303 3552 est,
330 3476 388 3539 Cui
408 3481 476 3555 qais
495 3499 554 3540 non
576 3479 713 3562 affuerit,
735 3480 864 3541 exteras
884 3479 951 3539 erit.
997 3476 1055 3538 Gur
1072 3496 1129 3538 non
1151 3485 1276 3538 cona-55

246 3580 304 3622 nur
326 3570 355 3621 et
377 3565 432 3622 sie,
442 3580 599 3639 quaerere,
624 3561 717 3638 Nam,
740 3564 909 3640 cuicunque
929 3564 998 3638 qaia
1013 3582 1072 3624 non
1092 3562 1235 3645 offuerit?

246 3646 374 3705 iacimus
389 3645 446 3704 hoo
458 3664 548 3725 saepe
563 3648 591 3704 in
606 3648 640 3706 iis
657 3647 877 3721 controversiis,
899 3647 928 3704 iu
943 3645 1044 3723 quibus
1061 3654 1194 3724 petuntur
1207 3646 1235 3702 in

246 3729 373 3805 uincula,
392 3730 439 3807 qui
454 3739 588 3808 parentes
604 3746 671 3793 suos
689 3747 745 3790 non
762 3731 857 3808 alunt,
872 3737 902 3791 ut
918 3747 998 3809 earn,
1020 3748 1094 3810 quae
1108 3729 1237 3788 testimo·
