3184 4409
323 408 382 472 1³2
640 415 1002 478 meamqunnnnnmm

320 594 404 657 quam
426 576 451 634 si
467 575 559 634 omnia
579 571 668 632 verba
684 590 737 632 suo
754 573 811 632 inne
826 572 990 640 eludantur;
1018 579 1047 632 et
1061 587 1273 650 nonnunquam
1285 573 1323 634 bi·

319 662 385 721 ulca
401 661 485 719 etiam
500 659 604 718 decent
618 657 784 736 faciuntque
801 656 940 735 ampliora
963 653 1116 733 quaedam:
1139 665 1171 716 ut
1188 655 1325 719 Pulchro

319 746 453 807 oratione
468 752 548 807 acta.
581 741 650 801 Tum
666 741 772 818 longae
791 758 845 819 per
860 759 893 799 se
911 747 941 800 et
955 740 1037 799 velut
1057 741 1174 817 opimae
1191 741 1324 816 syllabae

320 828 427 906 aliquid
440 827 523 885 etiam
533 826 618 886 medii
629 825 768 904 temporis
779 825 854 883 inter
863 823 1001 899 vocales,
1020 823 1102 901 quasi
1115 825 1323 898 intersistatur,

277 920 473 974 tiassnmunt.
525 910 589 983 Qua
608 909 644 969 de
669 927 702 969 re
731 918 794 968 utar
824 906 974 968 Ciceronis
1003 907 1187 986 potissimum
1214 908 1323 970 verbis.

320 995 434 1070 Habet,
454 995 560 1071 inquit,
581 995 632 1056 itte
653 1002 799 1071 tanquam
814 991 916 1054 Motus
936 1001 966 1054 et
984 1011 1154 1054 concursus
1169 996 1325 1056 vocalium

319 1081 406 1141 molle
422 1081 585 1156 quiddam,
602 1086 630 1139 et
645 1081 725 1156 quod
737 1079 853 1138 indicet
865 1095 926 1139 noo
939 1077 1093 1155 inprctom
1105 1078 1326 1157 ocplipeutium

320 1166 359 1224 dc
373 1183 409 1225 re
425 1163 552 1224 bominis
565 1163 663 1241 mapis
678 1181 769 1241 qoem
783 1162 824 1222 dc
837 1162 941 1223 verbis
954 1161 1133 1223 loborantis.

403 1245 538 1306 Ceterum
550 1255 743 1306 consonantes
756 1262 889 1324 quoque,
908 1262 1063 1323 earumque
1074 1246 1236 1324 praecipue
1249 1263 1325 1324 quae

320 1340 384 1390 sunt
406 1331 588 1409 asperiores,
611 1332 640 1389 in
662 1332 849 1391 commissura
868 1328 1023 1389 verborum
1040 1330 1184 1404 rixantur,
1207 1337 1240 1389 ut
1261 1331 1324 1389 eiS

319 1416 416 1474 ultima
438 1432 501 1474 cum
522 1412 549 1472 X
568 1415 698 1492 proxima
721 1413 875 1490 confligat:
896 1430 1016 1492 quarum
1039 1414 1148 1472 tristior
1167 1414 1277 1488 etiam,
1300 1415 1324 1472 si

278 1499 402 1558 38binae
418 1496 605 1573 collidantur,
621 1498 727 1558 stridor
742 1507 802 1573 est,
824 1506 856 1557 ut
869 1494 932 1557 Are
945 1498 1125 1558 stadiorum.
1168 1495 1255 1570 Quae
1271 1497 1326 1557 fuit

320 1600 405 1642 cansa
427 1591 455 1641 et
476 1582 596 1656 Servio,
619 1591 649 1641 ut
666 1582 741 1658 dixi,
764 1581 976 1643 subtrahendae
992 1582 1012 1640 S
1028 1581 1158 1656 litterae,
1183 1583 1325 1659 quotiens

318 1667 417 1727 ultima
439 1674 520 1723 esset
543 1665 656 1743 aliaque
681 1675 860 1725 consonante
880 1667 1094 1743 susciperetur3
1118 1665 1198 1743 quod
1220 1684 1323 1745 repre·

318 1749 417 1809 hendit
431 1747 581 1824 Luranius,
597 1748 724 1811 Messala
740 1750 877 1810 defendit.
910 1748 983 1809 Nam
999 1767 1094 1828 neque
1108 1748 1249 1809 Lucilium
1270 1769 1323 1828 pu·

319 1841 378 1892 tant
400 1833 440 1891 uti
461 1832 561 1892 eadem
576 1833 691 1910 ultima,
715 1852 779 1894 cnm
795 1832 864 1894 dicit
882 1830 1070 1896 Aeserninus
1088 1834 1148 1913 fuit
1161 1842 1192 1893 et
1209 1832 1325 1913 άὲφιω

319 1918 461 1995 locoqoe;
485 1925 514 1974 et
531 1913 636 1977 Cicero
658 1919 686 1976 in
702 1917 830 1979 Oratore·
846 1917 945 1996 plures
967 1919 1148 1995 antiquorum
1168 1917 1258 1978 tradit
1280 1921 1324 1978 sic

277 2008 311 2062 39
320 2000 444 2059 locutos.
487 2000 555 2060 Inde
570 2003 768 2080 bellipotens,
783 2003 995 2079 pomcridiem,
1012 2011 1041 2061 et
1052 2000 1100 2061 illa
1116 1999 1252 2061 Censorii
1268 1999 1322 2063 Ca·

319 2085 394 2143 tonis
408 2083 484 2145 Dice
498 2085 594 2162 banc,
610 2104 703 2164 aeque
719 2084 748 2145 Μ
764 2086 860 2147 littera
874 2086 903 2144 iu
923 2084 948 2145 n
962 2086 1082 2145 mollita.
1124 2084 1208 2157 Quae
1227 2088 1256 2145 in
1272 2105 1322 2146 ve-

319 2168 428 2227 teribus
443 2167 524 2228 libris
539 2179 655 2247 reperta
671 2178 781 2230 mutare
797 2171 922 2247 imperiti
933 2170 1045 2245 solent,
1062 2178 1092 2229 et
1105 2169 1170 2229 dnm
1186 2168 1322 2230 librario·

277 2261 377 2314 torum
400 2253 536 2312 insectari
557 2253 656 2312 volunt
676 2255 867 2329 inscientiam,
899 2271 979 2314 suam
1001 2254 1182 2313 confitentur.
1232 2253 1322 2333 atqui

319 2337 420 2395 eadem
440 2335 491 2395 illa
511 2336 621 2413 littera,
647 2339 780 2415 quotiens
795 2337 894 2397 ultima
910 2347 955 2397 est
976 2346 1006 2398 et
1019 2337 1152 2397 vocalem
1166 2337 1253 2398 verbi
1275 2357 1322 2397 se-

318 2420 431 2497 quentis
447 2421 486 2479 ita
503 2421 657 2497 contingit,
680 2430 711 2480 ut
731 2423 759 2480 in
777 2437 841 2481 eam
855 2422 978 2482 transire
993 2423 1102 2500 possit,
1119 2423 1233 2481 etiarnsi
1249 2425 1322 2482 scri·

317 2502 409 2578 bitur,
428 2512 522 2562 tamen
536 2522 636 2582 parum
650 2507 833 2583 exprimitur,
855 2513 886 2564 ut
903 2503 1029 2566 Mallum
1041 2506 1093 2568 tttc
1113 2512 1142 2564 et
1166 2503 1322 2577 Quantam

318 2593 402 2654 emir
424 2586 498 2646 adeo
520 2597 550 2646 ut
564 2606 658 2666 paene
677 2589 824 2649 cuiusdam
844 2605 937 2649 novae
956 2589 1071 2649 litterae
1087 2606 1188 2648 sonum
1206 2591 1321 2651 reddat.

317 2668 420 2746 Neque
444 2671 518 2729 enim
540 2673 672 2731 eximitur
692 2673 745 2732 sed
761 2673 934 2733 obscuratur
956 2682 986 2733 et
1000 2683 1107 2734 tantum
1124 2672 1222 2749 aliqua
1247 2676 1323 2734 inter

275 2752 387 2813 ilduas
409 2754 529 2812 vocales
548 2755 628 2815 velut
652 2765 720 2816 nota
744 2766 806 2832 est,
830 2775 867 2816 ne
890 2759 973 2834 ipsae
999 2767 1114 2817 coeant.
1157 2756 1322 2818 Videndum

318 2837 418 2912 etiam,
436 2854 473 2895 ne
492 2838 623 2912 syllabae
638 2839 719 2899 verbi
736 2841 841 2918 prioris
858 2834 975 2900 ultimae
991 2843 1047 2902 siut
1068 2843 1177 2921 primae
1192 2859 1322 2921 sequen·

317 2922 362 2979 tis.
405 2921 437 2980 ld
452 2940 489 2980 ne
506 2923 569 3000 quis
584 2925 715 3002 praecipi
731 2926 866 3000 miretur,
884 2922 1019 2985 Ciceroni
1041 2927 1068 2984 in
1089 2926 1223 3004 epistolis
1240 2928 1322 2986 exci-

317 3005 371 3066 dit:
388 3005 451 3067 Res
462 3008 534 3067 mibi
547 3008 665 3069 ionicae
677 3010 762 3070 cisae
775 3016 860 3085 sant,
875 3007 980 3071 Bratte.
1024 3009 1062 3069 Et
1077 3011 1104 3069 in
1121 3010 1266 3070 carmine:

469 3088 495 3152 Ο
507 3092 693 3170 fortunatam
703 3101 809 3154 autom
823 3111 870 3154 mc
885 3091 1013 3155 Consule
1028 3094 1164 3157 Romam.

275 3170 407 3232 naboan
420 3175 638 3252 monosyllaba,
654 3178 678 3236 si
694 3177 776 3254 plura
791 3185 876 3252 sunt,
887 3178 963 3237 male
979 3178 1235 3242 continuabuntur.
1253 3180 1322 3256 quia

318 3274 440 3316 necesse
468 3269 513 3318 est
536 3262 708 3338 compositio
729 3260 825 3319 multis
853 3261 990 3321 clausulis
1018 3263 1135 3322 concisa
1162 3260 1320 3322 subsultet.

317 3339 445 3416 Ideoque
467 3345 551 3401 etiam
569 3343 697 3403 brevium
713 3344 869 3404 verborum
891 3363 925 3404 ac
952 3348 1095 3404 nominum
1113 3346 1229 3405 vitanda
1250 3363 1321 3406 con·

317 3424 434 3483 tinuatio
447 3434 475 3484 et
491 3443 528 3484 ex
544 3427 659 3486 diverso
677 3438 791 3505 qnoque
805 3429 974 3505 longorum,
991 3430 1075 3489 alleri
1087 3431 1161 3489 enim
1176 3431 1322 3508 quandam

318 3508 430 3568 dicendi
452 3509 622 3569 tarditatem.
667 3512 720 3572 llla
743 3529 858 3590 qnoque
875 3514 943 3572 vitia
961 3523 1026 3573 sunt
1048 3514 1176 3574 eiusdem
1192 3515 1271 3590 loci,
1294 3517 1321 3575 si

319 3593 448 3653 cadentia
461 3592 590 3651 similiter
602 3604 630 3653 et
645 3597 775 3655 similiter
791 3596 950 3656 desinentia
966 3607 995 3656 et
1010 3598 1113 3657 eodem
1127 3599 1214 3659 modo
1227 3599 1320 3660 decli·

272 3683 380 3742 senam
402 3676 489 3736 multa
512 3678 671 3754 iunguntur.
716 3679 760 3739 Ne
781 3681 871 3740 verba
892 3681 1006 3760 quidem
1020 3682 1119 3741 verbis
1137 3691 1187 3742 aut
1202 3686 1320 3744 nomina
