3184 4409
571 480 662 530 msa.
674 481 824 530 causon.
835 481 904 530 nm.
922 481 975 549 1x,
988 480 1013 532 1.
1248 464 1289 534 89

296 651 414 717 qnoque
430 644 574 713 verteret,
592 654 691 696 omnes
708 637 815 713 figuras
831 637 860 696 irr
871 634 969 695 verbis
986 652 1053 695 esse
1069 636 1214 706 diuturnum
1236 637 1292 717 llll,

297 723 364 800 qula
374 719 464 781 verba
478 720 566 780 rebus
581 721 881 795 accommodarentur,
899 722 1037 796 omnesin
1050 722 1192 780 sensibus.
1216 720 1292 795 Qua·

295 823 359 874 rum
384 814 505 882 utraque
520 804 679 866 'manifesta
708 805 852 864 cavillatio
878 813 932 863 est.
972 803 1043 863 Nam
1064 814 1095 864 ut
1117 806 1217 865 eadem
1236 805 1336 874 dicilo

296 890 395 950 solent
422 889 508 949 aliter
529 897 616 967 atque
637 889 736 964 aliter,
759 897 913 966 manetque
931 905 1034 948 sensus
1052 887 1216 948 elocutione
1233 909 1292 952 mu·

296 983 368 1034 tata:
398 974 437 1032 ita
463 973 553 1050 ligura
574 976 733 1033 sentcntiae
756 972 854 1050 plures
881 971 990 1031 habere
1012 972 1167 1033 verborum
1188 973 1294 1050 figuras

289 1066 404 1137 potest.
446 1056 499 1117 llla
520 1067 565 1117 est
580 1059 654 1116 enim
670 1059 764 1135 posita
779 1058 807 1115 in
824 1054 1012 1133 concipienda
1028 1059 1204 1133 cogitatione
1221 1057 1295 1118 haec

297 1145 327 1200 in
352 1142 538 1217 enuntianda,
566 1141 619 1201 sed
648 1141 881 1219 frequentissime
904 1149 1023 1198 coeunt:
1049 1150 1079 1199 ut
1098 1143 1127 1199 in
1148 1141 1205 1200 hoc
1225 1139 1296 1202 Iam

297 1230 378 1300 iem,
397 1223 573 1299 Dolabella,
594 1241 692 1302 aeque
707 1244 754 1285 me
776 1225 820 1284 tui
839 1239 938 1301 meque
959 1232 1078 1284 tuorrtm
1099 1225 1229 1286 liberum
1244 1260 1294 1286 -.

298 1307 371 1368 Nam
382 1310 473 1369 oratio
488 1327 504 1368 a
520 1308 615 1368 iudice
629 1326 743 1385 aversa,
756 1309 784 1366 in
802 1309 958 1376 sementim
973 1309 1109 1370 iamiam
1121 1317 1150 1367 et
1165 1310 1295 1371 liberum

298 1394 329 1452 in
343 1391 441 1451 verbis
455 1401 520 1451 sunt
535 1393 691 1452 schemata.

381 1474 461 1535 Inter
473 1476 611 1554 plurimos
627 1478 715 1551 enim,
735 1475 812 1554 quod
823 1477 927 1550 sciam,
944 1492 1116 1535 consensum
1130 1485 1191 1552 est,
1207 1475 1293 1536 duas
1303 1488 1335 1543 17

299 1560 361 1620 cius
380 1577 447 1618 esse
469 1568 615 1637 partes,
644 1561 790 1636 διανοίας,
819 1560 910 1619 idest
929 1561 1032 1620 mentis
1052 1559 1100 1619 vel
1121 1578 1223 1620 seusus
1246 1561 1295 1621 vel

299 1645 521 1718 sententiarum,
537 1661 601 1703 nam
616 1644 660 1704 his
678 1644 808 1704 omnibus
823 1644 916 1704 modis
932 1644 1037 1704 dictum
1051 1652 1112 1711 est;
1136 1653 1164 1704 et
1184 1642 1294 1719 λέξεως,

299 1727 328 1787 id
353 1736 397 1787 est
418 1726 573 1787 verborum
597 1729 645 1789 vel
672 1728 804 1788 dictionis
823 1727 872 1787 vel
892 1727 1064 1787 elocutionis
1085 1727 1133 1787 vel
1154 1729 1294 1788 sermonis

300 1810 349 1871 vel
374 1813 527 1878 orationis;
558 1830 622 1871 nam
646 1821 676 1871 et
700 1814 826 1872 variatur
852 1821 882 1870 et
907 1810 975 1870 nihil
1000 1812 1100 1871 refert.
1143 1809 1294 1873 Cornelius
1302 1821 1337 1877 18

301 1903 395 1955 tamen
416 1895 518 1956 Celsus
546 1896 643 1955 adiicit
664 1896 761 1956 verbis
791 1905 820 1954 et
846 1897 995 1954 sententiis
1021 1895 1128 1971 figuras
1152 1897 1293 1971 colorum,

300 1980 384 2039 nimia
404 1979 537 2058 prolecto
563 1980 695 2039 novitatis
716 1980 871 2057 cupiditate
887 1979 997 2039 ductus.
1039 1978 1110 2039 Nam
1128 1982 1191 2057 quis
1212 1981 1294 2056 igno·

299 2081 383 2125 rasse
404 2065 543 2125 eruditum
564 2064 671 2142 alioqui
692 2064 782 2122 virum
805 2062 919 2136 credat,
947 2061 1063 2122 colores
1089 2072 1118 2122 et
1137 2066 1293 2123 sententias

300 2164 403 2208 sensus
420 2143 508 2207 esse?
546 2146 641 2220 Quare
656 2149 730 2207 sicut
745 2164 856 2206 omnem
874 2147 1032 2206 orationem
1043 2148 1085 2207 ita
1099 2145 1206 2224 figuras
1222 2164 1293 2225 quo·

300 2250 358 2310 que
371 2233 482 2290 versari
498 2249 621 2290 necesse
637 2240 682 2291 est
695 2233 724 2292 in
737 2248 824 2291 sensu
842 2239 870 2289 et
885 2232 913 2288 in
926 2229 1033 2289 verbis.

384 2314 423 2375 Ut
446 2333 518 2374 vcro
544 2325 643 2376 natura
666 2318 745 2394 prius
762 2323 814 2374 est
839 2316 994 2392 concipere
1018 2314 1111 2373 animo
1137 2332 1186 2374 res
1212 2323 1337 2392 quam19

301 2400 463 2459 enuntiare:
489 2401 528 2459 ita
553 2399 590 2459 de
616 2401 651 2458 iis
677 2399 775 2476 figuris
793 2408 859 2458 ante
885 2407 930 2458 est
945 2397 1136 2475 loquendum,
1166 2415 1240 2476 quae
1257 2398 1294 2458 ad

299 2491 424 2543 mentem
443 2485 600 2561 pertinent;
627 2501 744 2561 quarum
765 2483 879 2560 quidam
899 2482 1005 2541 utilitas
1031 2500 1094 2541 cum
1113 2499 1214 2558 magna
1235 2490 1294 2541 tum

299 2566 452 2645 multiplex
472 2569 500 2626 in
515 2567 594 2627 nullo
613 2585 670 2626 non
690 2567 828 2627 orationis
847 2583 938 2644 opere
958 2566 1007 2627 vel
1025 2566 1183 2626 clarissime
1203 2564 1291 2624 lucet.

299 2651 372 2711 Nam
384 2653 437 2710 etsi
453 2653 564 2710 minime
576 2651 689 2710 videtur
700 2651 845 2728 pertinere
860 2649 895 2710 ad
907 2649 1119 2728 probationem,
1135 2667 1190 2728 qua
1201 2649 1293 2726 ligura

301 2735 426 2814 quidque
448 2735 572 2796 dicatur:
597 2735 665 2795 lacit
679 2744 773 2794 tamen
788 2733 951 2810 credibilia,
975 2751 1049 2812 quae
1063 2733 1198 2810 dicimus,
1222 2742 1251 2792 et
1265 2733 1294 2792 in

300 2820 409 2878 animos
425 2820 564 2893 iudicum,
582 2836 637 2897 qna
651 2837 708 2878 non
723 2818 909 2894 observatur,
927 2819 1037 2896 irrepit.
1077 2816 1205 2896 Namque
1220 2825 1250 2876 ut
1264 2817 1336 2882 inno

301 2921 442 2966 armorum
460 2905 613 2962 certamine
629 2903 768 2963 adversos
783 2903 857 2962 ictus
873 2912 903 2961 ει
918 2912 1013 2962 rectas
1026 2920 1061 2962 ac
1072 2903 1218 2980 simplices
1236 2917 1293 2959 ma·

300 3005 353 3046 nus
375 3004 439 3046 cum
457 2987 557 3047 videre
571 2994 629 3047 tum
647 2989 732 3048 etiam
753 3004 859 3046 cavere
877 3004 912 3046 ac
936 2986 1108 3065 propulsare
1129 2985 1215 3045 iacile
1237 2991 1293 3058 est,

299 3088 423 3131 aversae
444 3079 597 3148 tectaeque
617 3072 708 3130 minus
729 3079 794 3131 sunt
819 3069 1035 3145 observabiles,
1054 3076 1084 3128 ct
1105 3068 1181 3128 alind
1197 3075 1293 3126 osten·

301 3155 396 3230 disse,
419 3173 501 3234 quam
523 3164 623 3232 petas,
646 3155 715 3214 artis
738 3163 798 3214 est:
823 3157 866 3214 sic
884 3156 994 3229 oratio,
1020 3169 1094 3230 quae
1116 3160 1179 3211 astu
1202 3158 1292 3224 caret,

300 3239 432 3319 pondere
455 3239 540 3298 modo
563 3248 592 3298 et
615 3237 737 3316 impulsu
755 3239 929 3316 proeliatum
955 3236 1098 3311 simulanti
1116 3235 1294 3313 variantique

300 3332 421 3383 conatus
439 3323 466 3381 in
482 3323 572 3384 latera
589 3331 673 3401 atque
691 3323 719 3380 in
733 3331 816 3400 terga
832 3323 979 3382 incurrere
994 3320 1075 3379 datur
1089 3328 1118 3378 ει
1132 3336 1208 3379 arma
1224 3335 1292 3378 avo·

301 3425 369 3468 care
394 3415 423 3465 ct
447 3406 527 3466 velut
551 3416 618 3466 nutu
644 3406 758 3466 fallere.
802 3406 861 3467 lam
882 3422 954 3464 vcro
976 3404 1097 3464 allectus
1113 3402 1182 3463 nihil
1201 3403 1291 3479 magis
1300 3414 1335 3470 21

301 3490 388 3556 ducit.
432 3489 504 3549 Nam
516 3490 540 3548 si
554 3490 651 3565 irons,
668 3489 760 3564 oculi,
774 3507 874 3551 manus
888 3488 1003 3548 multum
1017 3487 1052 3547 ad
1067 3495 1172 3546 motum
1187 3488 1292 3546 animo·

300 3592 363 3633 rum
382 3573 495 3634 valent:
519 3568 624 3651 quanto
639 3573 704 3652 plus
720 3574 857 3633 orationis
872 3573 962 3648 ipsius
979 3571 1074 3631 vultus
1094 3569 1189 3647 adid,
1216 3567 1293 3649 quod

301 3657 421 3718 allicere
444 3657 602 3733 tendimus,
626 3653 824 3735 compositus?
871 3655 1023 3715 Plurimum
1042 3664 1136 3715 tamen
1157 3655 1192 3715 ad
1215 3672 1291 3714 com·

301 3741 510 3803 mandationem
526 3741 611 3818 lacit,
628 3741 691 3802 sive
705 3742 734 3802 ln
754 3739 939 3803 conciliandis
954 3740 1066 3817 agentis
1082 3738 1208 3799 moribus
1230 3737 1300 3796 sivo¹

346 3833 351 3848 '
616 3832 621 3861 l
