3184 4409
581 469 1289 549 rusu.oauuoe.u1e.x1,1.187

246 632 355 702 ¹runt
379 639 553 716 cogitatione
578 636 823 714 complectantur,
848 636 949 696 subitis
973 655 1010 696 ex
1030 647 1163 736 tempore
1187 656 1288 698 occur-

246 748 250 753 ’
291 734 364 785 rant.
397 723 510 796 Quadi
496 719 659 781 lecissell.
683 719 806 779 Tullium
823 721 1058 779 commentarius
1051 740 1139 799 ipsius
1155 733 1287 801 apparet

246 800 249 809 '
282 809 351 869 'Sed
367 807 495 867 feruntur
510 805 631 865 aliorum
646 821 763 882 quoque
780 812 809 863 et
823 805 931 863 inventi
946 805 1035 880 forte,
1051 814 1080 863 ut
1096 822 1149 866 eos
1164 806 1290 866 dicturus

246 887 247 920 ³
292 893 415 971 quisque
431 897 651 968 composuerat,
670 890 722 947 et
714 906 742 946 m
758 887 850 947 libros
867 888 987 964 digesti,
1003 896 1032 946 ut
1050 906 1199 948 causarum
1215 909 1289 968 quae

294 985 358 1034 sunt
374 984 457 1034 actae
473 991 489 1032 a
507 973 571 1031 Ser.
589 972 737 1049 Sulpicio,
761 974 842 1030 cuius
857 980 918 1031 tres
936 973 1083 1031 crationes
1099 981 1210 1040 extant:
1237 974 1289 1033 sed

290 1059 319 1118 hi
336 1059 373 1118 de
391 1057 494 1135 quibus
510 1057 614 1135 loquor
630 1057 825 1115 commentarii
848 1056 887 1115 ita
903 1065 966 1114 sunt
991 1057 1104 1130 exacti,
1125 1065 1155 1114 ut
1172 1056 1288 1134 abipso

290 1142 359 1201 mihi
374 1141 578 1200 inmemoriam
594 1140 772 1218 posteritatis
786 1139 937 1199 videantur
950 1158 1017 1199 esse
1033 1141 1196 1218 compositi.
1218 1139 1290 1200 Nam
1297 1145 1330 1199 31

294 1223 446 1284 Ciceronis
468 1225 504 1284 ad
530 1240 670 1302 praesens
694 1223 781 1282 modo
805 1231 919 1302 tempus
944 1233 1058 1302 aptatos
1083 1222 1203 1282 libertus
1220 1223 1288 1282 'l'iro

292 1309 450 1375 contranit;
481 1324 555 1386 quos
568 1324 626 1366 non
640 1306 707 1366 ideo
725 1303 852 1383 excuso,
877 1307 942 1384 quia
957 1324 1015 1366 non
1029 1306 1249 1386 probem‚‚sed
1260 1315 1290 1367 ut

292 1394 349 1452 sint
363 1393 454 1468 magis
476 1390 671 1451 admirabiles.
701 1389 733 1449 ln
750 1389 807 1450 hoc
823 1409 935 1468 genere
950 1408 1069 1470 prorsus
1085 1392 1198 1469 recipio
1216 1390 1289 1451 hauc

291 1476 413 1536 brevem
429 1476 640 1534 annotationem
661 1473 857 1552 libellosque,
884 1475 932 1553 qui
952 1475 1001 1534 vel
1022 1493 1104 1535 manu
1126 1483 1287 1549 teneantur,

292 1569 322 1619 et
350 1560 385 1619 ad
414 1576 489 1636 quos
515 1560 627 1618 interim
652 1558 803 1635 respicere
830 1558 875 1618 las
900 1559 946 1618 sit.
979 1557 1055 1619 Illud
1080 1559 1158 1637 quod
1178 1557 1331 1618 Laenas32

291 1643 436 1722 praecipit
450 1643 587 1721 displicet
601 1641 678 1717 milri,
693 1642 743 1701 vel
758 1643 786 1700 in
801 1641 845 1701 lris
861 1660 937 1721 quae
952 1644 1154 1721 scripserimus
1166 1661 1289 1702 summas

292 1729 320 1786 in
342 1728 574 1786 commentarium
596 1733 625 1786 et
646 1725 739 1804 capita
764 1725 910 1791 conferre.
942 1725 1023 1786 Facit
1045 1728 1119 1786 enim
1141 1725 1288 1787 ediscendi

292 1809 500 1887 negligentiam
511 1811 585 1870 haec
600 1810 664 1888 ipsa
680 1809 783 1868 liducia
798 1818 827 1869 et
851 1809 961 1870 lacerat
976 1829 1010 1870 ac
1025 1810 1168 1871 deformat
1183 1812 1288 1871 oratic·

292 1912 368 1953 nem.
395 1892 459 1970 Ego
472 1903 566 1954 autem
577 1911 615 1952 ne
628 1893 811 1953 scribendum
823 1893 937 1971 quidem
948 1904 1028 1972 puto,
1045 1894 1122 1972 quod
1133 1913 1189 1953 non
1202 1896 1288 1953 simus

291 1978 430 2037 memoria
443 1977 634 2056 persecuturi.
661 1974 734 2035 Nam
750 1977 910 2056 idrquotpue
928 1978 1044 2053 accidit,
1060 1987 1090 2037 ut
1104 1986 1288 2038 revocetnos

293 2062 431 2138 cogitatio
446 2061 482 2121 ad
497 2061 546 2121 illa
562 2059 712 2121 elaborata
725 2078 781 2119 nec
797 2062 871 2119 sinat
886 2071 1068 2140 praesentem
1084 2060 1225 2121 fortunam
1237 2078 1287 2120 ex·

294 2146 393 2225 periri.
425 2146 475 2217 Sic
496 2162 605 2223 anceps
629 2144 703 2203 inter
724 2153 875 2222 utrumque
896 2145 1004 2204 animus
1023 2153 1151 2219 aestuat,
1176 2163 1238 2203 cum
1260 2151 1330 2204 etat

293 2230 401 2308 scripta
417 2228 542 2307 perdidit
557 2236 586 2288 et
601 2244 658 2286 nou
674 2228 786 2307 quaerit
807 2244 892 2288 nova.
922 2229 983 2289 Sed
997 2228 1033 2287 de
1048 2229 1184 2289 memoria
1200 2228 1286 2287 desti·

292 2321 436 2372 natusest
458 2312 533 2373 libro
558 2313 689 2391 proximo
705 2311 789 2371 locus
804 2329 860 2373 nec
882 2311 950 2372 lruic
971 2313 1045 2393 parti
1061 2311 1287 2390 subiungendus,

294 2396 359 2476 quia
375 2405 439 2456 sunt
455 2396 511 2457 alia
528 2398 607 2475 prius
623 2394 708 2456 nobis
725 2396 857 2457 dicenda.

644 2707 922 2824 clumam.

291 2887 368 2936 Libro
386 2885 518 2936 undecimo
537 2885 600 2938 haec
623 2890 793 2941 continentur:
827 2890 865 2941 De
883 2897 942 2956 apte
964 2888 1084 2949 dicendo,
1112 2887 1188 2951 quid,
1210 2901 1286 2949 quam

325 2969 460 3019 personam
478 2963 502 3005 et
516 2971 569 3007 rem
581 2955 677 3020 deceat,
697 2974 746 3022 quo
763 2959 839 3011 modo
852 2958 1003 3010 medendum
1014 2960 1048 3007 sit
1060 2957 1102 3018 iis,
1121 2970 1186 3021 quae
1197 2963 1286 3004 natura

325 3037 415 3102 parum
438 3027 555 3089 speciose
573 3033 639 3078 sunt.
670 2995 709 3078 lle
727 3029 863 3111 memerie,
888 3029 935 3078 sub
959 3042 1008 3091 quo
1027 3027 1109 3092 capite
1133 3039 1174 3075 ars
1191 3038 1286 3074 memo·

325 3092 427 3154 riaeque
445 3095 601 3148 exercitatio.
636 3095 674 3146 Dc
686 3098 903 3162 pronuntiatione,
928 3097 975 3146 sub
992 3108 1042 3160 quo
1065 3094 1148 3158 cupite
1166 3093 1199 3143 de
1216 3093 1286 3144 vocis

325 3167 423 3219 natura,
440 3161 472 3210 dc
490 3178 551 3212 cura
568 3164 692 3244 eiusdem,
712 3165 744 3215 de
761 3175 845 3232 gestu,
864 3167 896 3216 de
914 3164 992 3225 cultu,
1009 3163 1072 3228 quid
1088 3164 1178 3224 cuique
1194 3174 1285 3212 musae

325 3231 469 3289 conveniat,
490 3232 552 3293 quid
568 3234 659 3295 cuique
675 3234 756 3298 parti,
780 3243 805 3284 et
822 3235 954 3285 sententiis
973 3242 999 3283 et
1015 3231 1101 3283 verbis
1120 3232 1181 3295 quid
1199 3244 1285 3294 quem

323 3312 372 3358 que
392 3298 488 3358 deceat,
506 3300 654 3351 intuendum
670 3310 716 3353 est.

625 3438 669 3490 DE
687 3438 771 3490 APTE
789 3437 941 3490 DIGENDO.

351 3562 374 3622 l.
396 3545 512 3640 Parata,
530 3565 604 3626 sicut
617 3567 770 3646 superiore
786 3565 862 3627 libro
874 3566 1045 3642 continetur,
1061 3565 1196 3627 facultate
1212 3564 1282 3625 scri-

287 3648 374 3708 bendi
397 3648 602 3728 cogitandique
624 3658 653 3710 et
675 3669 713 3711 ex
729 3659 862 3730 tempore
884 3651 984 3726 etiam,
1007 3667 1070 3710 cum
1094 3668 1143 3711 res
1166 3656 1282 3729 poscet,

288 3733 399 3810 orandi,
416 3734 546 3812 proxima
559 3741 605 3795 est
619 3752 698 3812 cura,
714 3744 749 3795 ιιι
764 3735 924 3796 dicamus
939 3742 1036 3815 apte;
1055 3752 1139 3813 quam
1150 3736 1283 3793 virtutem
