3184 4409
577 454 667 503 ruer.
687 456 836 506 oenuoa.
850 457 918 506 cre.
931 459 975 524 11,
992 455 1018 509 3.
1125 439 1129 451 '
1270 451 1312 515 63

302 630 372 687 ram,
390 610 503 669 interim
521 611 588 688 quia
604 611 720 670 omnino
736 612 932 690 nonpossint.
971 612 1037 689 Ego
1060 630 1148 690 porro
1173 632 1237 674 eum
1254 615 1332 695 quit

299 697 373 756 nolit
389 697 552 754 innumero
570 697 811 773 praecipientium
825 713 883 754 non
897 696 1010 771 habeo,
1028 714 1117 774 posse
1133 707 1227 758 autem
1244 717 1302 760 ma·

299 783 396 855 xime,
419 781 444 837 si
461 779 546 855 velit,
570 781 706 857 optimum
728 798 872 857 quemque
889 781 1048 848 contendo;
1065 783 1201 859 primum,
1226 783 1304 861 quod

298 884 382 939 eum,
400 864 448 941 qui
465 863 632 941 eloquentia
648 865 755 923 ceteris
772 873 916 942 praestet,
938 864 989 924 illa
1005 882 1137 943 quoque,
1159 885 1213 945 per
1229 884 1304 945 quae

297 950 334 1010 ad
351 948 549 1025 eloquentiam
565 950 748 1026 pervenitur,
771 948 991 1024 diligentissime
1013 952 1184 1027 percepisse
1209 952 1302 1011 credi-

295 1033 358 1093 bile
376 1041 436 1098 est;
460 1032 580 1108 deinde,
604 1033 669 1110 quia
685 1032 837 1110 plurimum
858 1034 886 1090 in
901 1033 1108 1110 praecipiendo
1124 1035 1202 1093 valet
1216 1037 1331 1111 ratio,6

297 1135 376 1195 quae
401 1115 569 1176 doctissimo
595 1117 699 1194 cuique
715 1116 881 1194 planissima
898 1125 956 1183 est;
980 1126 1145 1195 postremo,
1171 1121 1237 1196 quia
1252 1138 1302 1178 ne·

295 1219 345 1261 mo
362 1202 406 1260 sic
422 1202 450 1258 in
465 1199 621 1259 maioribus
641 1202 763 1275 eminet,
786 1209 816 1259 ut
840 1219 904 1259 eum
925 1202 1036 1260 minora
1059 1201 1202 1261 deficiant.
1240 1203 1303 1262 Nisi

294 1287 377 1346 fo'rte
392 1284 492 1344 lovem
508 1284 622 1362 quidem
639 1284 753 1344 Phidias
767 1285 874 1362 optime
892 1285 972 1360 iecit,
989 1287 1039 1345 illa
1057 1295 1163 1360 autem,
1182 1305 1256 1364 quae
1274 1289 1303 1346 iu

296 1376 498 1429 oruamentum
515 1370 614 1446 operis
638 1370 700 1427 eius
717 1368 874 1444 accedunt,
892 1370 964 1428 alius
980 1371 1083 1428 melius
1102 1370 1301 1438 elaborasset;

297 1463 348 1514 aut
363 1463 463 1513 orator
478 1453 557 1531 loqui
573 1453 700 1520 nesciet;
717 1462 764 1512 aut
782 1453 910 1512 leviores
922 1453 1040 1514 morbos
1057 1457 1159 1514 curare
1177 1473 1234 1514 non
1249 1472 1301 1534 po·

297 1539 368 1598 terit
382 1537 647 1616 praestantissimus
663 1537 803 1598 medicus.

363 1654 365 1659 ·
388 1621 464 1695 Quid
481 1618 575 1698 ergo?
596 1638 654 1680 non
675 1630 720 1679 est
736 1621 878 1699 quaedam
899 1622 1066 1700 eloquentia
1085 1625 1192 1699 maior,
1216 1627 1329 1702 quami

299 1714 330 1764 ut
352 1723 416 1765 eam
435 1705 585 1765 intellectu
609 1706 749 1783 consequi
770 1705 891 1782 puerilis
912 1706 1059 1767 infirmitas
1080 1705 1196 1786 possit?
1234 1708 1301 1785 Ego

298 1807 379 1849 uero
389 1789 542 1866 confiteor,
559 1790 697 1849 disertum
713 1799 938 1868 praeceptorem
951 1792 1121 1869 prudentem
1136 1810 1254 1871 quoque
1272 1802 1302 1852 et

301 1875 511 1951 uouignarum
534 1873 657 1933 docendi
686 1892 753 1932 esse
784 1883 939 1951 oportere,
969 1877 1189 1935 summittentem
1212 1896 1244 1936 se
1266 1876 1302 1936 ad

300 1976 463 2017 mensuram
485 1959 637 2026 discentis;
659 1967 689 2017 ut
706 1956 910 2017 velocissimus
933 1961 1071 2038 quisque,
1095 1962 1120 2018 si
1144 1961 1221 2020 forte
1247 1962 1303 2019 iter

302 2061 367 2102 cum
382 2042 504 2126 parvulo
520 2043 626 2118 faciat,
650 2042 700 2102 det
714 2060 828 2100 manum
849 2052 878 2101 et
893 2043 1013 2118 gradum
1029 2062 1110 2102 suum
1125 2045 1231 2103 minuat
1246 2063 1302 2103 nec

300 2127 443 2205 procedat
459 2126 544 2200 ultra,
562 2145 646 2205 quam
662 2143 762 2186 comes
780 2128 883 2203 possit.
915 2124 1011 2199 Quid?
1027 2129 1051 2185 si
1066 2126 1237 2206 plerumque
1253 2133 1330 2187 ae-8

301 2211 386 2286 cidit,
408 2220 439 2269 ut
460 2211 593 2271 faciliora
615 2213 671 2269 sint
692 2211 729 2270 ad
751 2210 969 2286 intelligendum
991 2219 1021 2269 et
1043 2211 1184 2270 lucidiora
1199 2212 1300 2287 multo,

300 2313 378 2373 quae
394 2312 410 2353 a
427 2294 595 2360 doctissimo
613 2312 731 2373 quoque
747 2292 902 2354 dicuntur?
934 2295 1006 2353 Nam
1028 2304 1057 2353 et
1071 2296 1163 2373 prima
1179 2304 1223 2354 est
1239 2295 1301 2354 elo·

299 2379 437 2458 quentiae
451 2379 541 2438 virtus
559 2379 763 2456 perspicuitas,
781 2387 810 2438 et
825 2395 883 2456 quo
900 2380 964 2458 quis
979 2380 1096 2455 ingenio
1108 2381 1199 2438 miuus
1210 2380 1300 2454 valet,

298 2464 359 2524 boc
375 2481 409 2521 se
424 2465 515 2540 magis
534 2464 670 2523 attollere
687 2473 715 2522 et
731 2462 852 2539 dilatare
870 2473 1003 2530 conatum
1022 2474 1053 2523 ut
1070 2473 1178 2524 statura
1195 2464 1301 2523 breves

299 2551 327 2607 in
344 2548 453 2624 digitos
470 2549 618 2624 eriguntur
639 2557 668 2606 et
692 2547 774 2625 plura
792 2547 895 2606 infirmi
910 2550 1060 2607 minantur.
1090 2548 1163 2607 Nam
1179 2549 1330 2625 tumidos9

299 2642 328 2692 et
346 2640 503 2709 corruptos
522 2641 551 2691 et
565 2632 690 2692 tinnulos
706 2641 735 2691 et
747 2649 921 2709 quocunque
938 2632 995 2692 alio
1012 2633 1179 2692 cacozeliae
1191 2651 1302 2709 genere

300 2724 479 2794 peccantes,
508 2725 618 2777 certum
633 2715 744 2791 habeo,
767 2732 825 2773 uon
845 2717 947 2776 virium
970 2717 1023 2776 sed
1047 2717 1216 2776 infirmitatis
1230 2718 1301 2777 vitio

301 2800 456 2875 laborare,
478 2809 509 2860 ut
524 2818 649 2879 corpora
666 2817 723 2858 non
738 2799 847 2860 robore
862 2800 914 2859 sed
930 2801 1095 2861 valetudine
1118 2802 1251 2860 inflantur
1272 2810 1302 2860 et

301 2894 383 2944 recto
408 2885 511 2944 itinere
534 2884 604 2945 lassi
635 2885 806 2962 plerumque
837 2884 998 2945 devertunt.
1037 2885 1101 2944 Erit
1123 2903 1194 2962 ergo
1216 2886 1301 2944 etiam

302 2968 472 3044 obscurior,
489 2986 547 3047 quo
566 2970 689 3048 quisque
706 2969 845 3028 deterior.
1011 3027 1013 3032 ,
1031 3037 1036 3048 1

383 3050 452 3111 Nou
472 3054 581 3113 excidit
601 3052 685 3128 milri,
713 3054 870 3130 scripsisse
893 3071 939 3111 me
961 3054 990 3112 iu
1010 3052 1084 3112 libro
1105 3055 1219 3131 priore,
1239 3064 1344 3117 cum10

301 3137 448 3212 potiorem
471 3137 500 3195 in
520 3137 631 3197 scholis
652 3137 842 3196 eruditionem
864 3155 931 3195 esse
955 3155 1040 3214 quam
1061 3139 1137 3198 domi
1161 3139 1300 3212 dicerem,

300 3220 439 3280 libentius
454 3239 487 3280 se
503 3222 594 3299 prima
608 3221 702 3280 studia
717 3230 894 3299 tenerosque
905 3220 1055 3298 profectus
1067 3222 1102 3281 ad
1117 3223 1302 3280 imitationem

301 3305 584 3383 condiscipulorum,
609 3322 683 3383 quae
700 3305 815 3365 facilior
831 3314 927 3380 esset,
949 3306 1082 3382 erigere;
1110 3304 1187 3391 quod
1204 3323 1221 3365 a
1237 3306 1298 3383 qui·

299 3388 421 3452 busdam
439 3390 482 3448 sic
498 3390 591 3468 accipi
607 3397 721 3466 potest,
745 3397 879 3467 tauquam
894 3389 984 3464 haec,
1008 3406 1093 3467 quam
1114 3407 1190 3448 nunc
1204 3398 1299 3463 tueor,

298 3473 445 3532 sententia
461 3475 551 3550 priori
568 3473 684 3541 diversa
705 3473 751 3531 sit.
789 3472 823 3533 ld
840 3491 856 3532 a
871 3492 917 3532 me
933 3473 1037 3551 procul
1053 3473 1160 3542 aberit;
1178 3482 1342 3552 namquell

299 3575 333 3617 ea
350 3575 443 3616 causa
460 3557 508 3617 vel
525 3559 647 3618 maxima
663 3566 726 3632 est,
744 3575 795 3616 cur
813 3559 921 3634 optimo
940 3558 1044 3635 cuique
1062 3559 1248 3636 praeceptori
1264 3557 1301 3614 sit

298 3641 458 3702 tradendus
476 3646 578 3718 puer,
591 3640 668 3719 quod
685 3642 760 3718 apud
778 3660 843 3700 eum
858 3641 992 3718 discipuli
1008 3659 1126 3721 quoque
1141 3643 1244 3702 melius
1259 3641 1300 3697 irr-

297 3726 391 3786 stituti
407 3733 457 3784 aut
472 3725 585 3803 dicent,
605 3725 684 3804 quod
699 3725 797 3785 inutile
820 3742 878 3785 non
900 3726 937 3785 sit
959 3726 1078 3803 imitari,
1102 3735 1167 3803 aut,
1191 3721 1300 3802 siquid
