<?xml version="1.0" encoding="UTF-8"?>
<!DOCTYPE html PUBLIC "-//W3C//DTD XHTML 1.0 Transitional//EN"
    "http://www.w3.org/TR/xhtml1/DTD/xhtml1-transitional.dtd">
<html xmlns="http://www.w3.org/1999/xhtml" xml:lang="en" lang="en">
 <head>
  <title>
</title>
<meta http-equiv="Content-Type" content="text/html;charset=utf-8" />
  <meta name='ocr-system' content='tesseract 3.04.00' />
  <meta name='ocr-capabilities' content='ocr_page ocr_carea ocr_par ocr_line ocrx_word'/>
</head>
<body>
  <div class='ocr_page' id='page_1' title='image "./mfabiiquintilia02quingoog_0365.png"; bbox 0 0 3184 4409; ppageno 0'>
   <div class='ocr_carea' id='block_1_1' title="bbox 543 497 1297 572">
    <p class='ocr_par' dir='ltr' id='par_1_1' title="bbox 543 497 1297 572">
     <span class='ocr_line' id='line_1_1' title="bbox 543 497 1297 572; baseline 0.013 -25"><span class='ocrx_word' id='word_1_1' title='bbox 543 501 632 550; x_wconf 79' lang='lat' dir='ltr'>mou.</span> <span class='ocrx_word' id='word_1_2' title='bbox 655 502 803 551; x_wconf 79' lang='lat' dir='ltr'>onaron.</span> <span class='ocrx_word' id='word_1_3' title='bbox 825 504 893 551; x_wconf 82' lang='lat' dir='ltr'>uun.</span> <span class='ocrx_word' id='word_1_4' title='bbox 913 505 973 572; x_wconf 87' lang='lat' dir='ltr'>vrr,</span> <span class='ocrx_word' id='word_1_5' title='bbox 995 504 1020 556; x_wconf 88' lang='lat'>5.</span> <span class='ocrx_word' id='word_1_6' title='bbox 1037 504 1062 556; x_wconf 84' lang='lat'>6.</span> <span class='ocrx_word' id='word_1_7' title='bbox 1259 497 1297 556; x_wconf 88' lang='lat'>33</span> 
     </span>
    </p>
   </div>
   <div class='ocr_carea' id='block_1_2' title="bbox 565 703 1027 762">
    <p class='ocr_par' dir='ltr' id='par_1_2' title="bbox 565 703 1027 762">
     <span class='ocr_line' id='line_1_2' title="bbox 565 703 1027 762; baseline 0.006 -9"><span class='ocrx_word' id='word_1_8' title='bbox 565 703 608 753; x_wconf 83' lang='lat' dir='ltr'>De</span> <span class='ocrx_word' id='word_1_9' title='bbox 626 704 816 756; x_wconf 80' lang='lat' dir='ltr'>IURlDlClALI</span> <span class='ocrx_word' id='word_1_10' title='bbox 831 703 1027 762; x_wconf 78' lang='lat' dir='ltr'><strong>QUALITATE.</strong></span> 
     </span>
    </p>
   </div>
   <div class='ocr_carea' id='block_1_3' title="bbox 299 809 1328 3327">
    <p class='ocr_par' dir='ltr' id='par_1_3' title="bbox 299 809 1328 2654">
     <span class='ocr_line' id='line_1_3' title="bbox 383 809 1297 892; baseline 0.003 -20"><span class='ocrx_word' id='word_1_11' title='bbox 383 812 420 872; x_wconf 87' lang='lat' dir='ltr'>V.</span> <span class='ocrx_word' id='word_1_12' title='bbox 444 809 500 886; x_wconf 83' lang='lat' dir='ltr'>Qut</span> <span class='ocrx_word' id='word_1_13' title='bbox 513 831 608 892; x_wconf 90' lang='lat' dir='ltr'>neque</span> <span class='ocrx_word' id='word_1_14' title='bbox 620 813 728 872; x_wconf 85' lang='lat' dir='ltr'>fecisse</span> <span class='ocrx_word' id='word_1_15' title='bbox 741 832 774 890; x_wconf 88' lang='grc' dir='ltr'>εε</span> <span class='ocrx_word' id='word_1_16' title='bbox 789 813 907 890; x_wconf 79' lang='lat' dir='ltr'>negabit</span> <span class='ocrx_word' id='word_1_17' title='bbox 921 831 1015 891; x_wconf 92' lang='lat' dir='ltr'>neque</span> <span class='ocrx_word' id='word_1_18' title='bbox 1032 812 1203 890; x_wconf 85' lang='lat' dir='ltr'>aliudesse,</span> <span class='ocrx_word' id='word_1_19' title='bbox 1220 816 1297 892; x_wconf 91' lang='lat' dir='ltr'>quod</span> 
     </span>
     <span class='ocr_line' id='line_1_4' title="bbox 299 897 1297 974; baseline 0 -16"><span class='ocrx_word' id='word_1_20' title='bbox 299 898 421 972; x_wconf 88' lang='lat' dir='ltr'>lecerit,</span> <span class='ocrx_word' id='word_1_21' title='bbox 440 897 517 957; x_wconf 91' lang='lat' dir='ltr'>dicet</span> <span class='ocrx_word' id='word_1_22' title='bbox 530 916 624 974; x_wconf 91' lang='lat' dir='ltr'>neque</span> <span class='ocrx_word' id='word_1_23' title='bbox 640 897 744 955; x_wconf 86' lang='lat' dir='ltr'>factum</span> <span class='ocrx_word' id='word_1_24' title='bbox 760 898 910 972; x_wconf 83' lang='lat' dir='ltr'>defendet,</span> <span class='ocrx_word' id='word_1_25' title='bbox 927 915 1050 957; x_wconf 88' lang='lat' dir='ltr'>necesse</span> <span class='ocrx_word' id='word_1_26' title='bbox 1066 906 1111 957; x_wconf 98' lang='grc' dir='ltr'>εει</span> <span class='ocrx_word' id='word_1_27' title='bbox 1125 899 1153 956; x_wconf 92' lang='lat' dir='ltr'>in</span> <span class='ocrx_word' id='word_1_28' title='bbox 1168 916 1221 958; x_wconf 90' lang='lat' dir='ltr'>suo</span> <span class='ocrx_word' id='word_1_29' title='bbox 1235 902 1297 958; x_wconf 91' lang='lat' dir='ltr'>iure</span> 
     </span>
     <span class='ocr_line' id='line_1_5' title="bbox 301 981 1326 1060; baseline -0.001 -17"><span class='ocrx_word' id='word_1_30' title='bbox 301 982 456 1048; x_wconf 85' lang='lat' dir='ltr'>consistat;</span> <span class='ocrx_word' id='word_1_31' title='bbox 483 983 512 1040; x_wconf 89' lang='lat' dir='ltr'>in</span> <span class='ocrx_word' id='word_1_32' title='bbox 535 998 591 1060; x_wconf 92' lang='lat' dir='ltr'>quo</span> <span class='ocrx_word' id='word_1_33' title='bbox 611 981 779 1058; x_wconf 89' lang='lat' dir='ltr'>plerumque</span> <span class='ocrx_word' id='word_1_34' title='bbox 805 984 969 1041; x_wconf 88' lang='lat' dir='ltr'>actionis</span> <span class='ocrx_word' id='word_1_35' title='bbox 997 990 1043 1040; x_wconf 91' lang='grc' dir='ltr'>εει</span> <span class='ocrx_word' id='word_1_36' title='bbox 1069 984 1210 1058; x_wconf 76' lang='lat' dir='ltr'><strong>quaestio.</strong></span> <span class='ocrx_word' id='word_1_37' title='bbox 1255 983 1326 1054; x_wconf 69' lang='grc' dir='ltr'>Εεε</span> 
     </span>
     <span class='ocr_line' id='line_1_6' title="bbox 301 1065 1296 1144; baseline 0 -18"><span class='ocrx_word' id='word_1_38' title='bbox 301 1083 360 1126; x_wconf 87' lang='grc' dir='ltr'>εοε</span> <span class='ocrx_word' id='word_1_39' title='bbox 375 1083 508 1142; x_wconf 89' lang='lat' dir='ltr'>semper,</span> <span class='ocrx_word' id='word_1_40' title='bbox 524 1074 555 1124; x_wconf 90' lang='lat' dir='ltr'>ut</span> <span class='ocrx_word' id='word_1_41' title='bbox 570 1065 684 1144; x_wconf 90' lang='lat' dir='ltr'>quidam</span> <span class='ocrx_word' id='word_1_42' title='bbox 700 1074 888 1143; x_wconf 87' lang='lat' dir='ltr'>putaverunt,</span> <span class='ocrx_word' id='word_1_43' title='bbox 903 1065 1036 1125; x_wconf 89' lang='lat' dir='ltr'>iudicium</span> <span class='ocrx_word' id='word_1_44' title='bbox 1052 1065 1211 1141; x_wconf 82' lang='lat' dir='ltr'>antecedit,</span> <span class='ocrx_word' id='word_1_45' title='bbox 1229 1084 1296 1144; x_wconf 91' lang='lat' dir='ltr'>qua-</span> 
     </span>
     <span class='ocr_line' id='line_1_7' title="bbox 301 1149 1297 1226; baseline -0.003 -15"><span class='ocrx_word' id='word_1_46' title='bbox 301 1151 340 1212; x_wconf 91' lang='lat' dir='ltr'>lia</span> <span class='ocrx_word' id='word_1_47' title='bbox 356 1157 422 1208; x_wconf 92' lang='lat' dir='ltr'>suut</span> <span class='ocrx_word' id='word_1_48' title='bbox 436 1157 600 1226; x_wconf 89' lang='lat' dir='ltr'>praetorum</span> <span class='ocrx_word' id='word_1_49' title='bbox 618 1151 732 1214; x_wconf 88' lang='lat' dir='ltr'>curiosa</span> <span class='ocrx_word' id='word_1_50' title='bbox 749 1149 884 1223; x_wconf 85' lang='lat' dir='ltr'>consilia,</span> <span class='ocrx_word' id='word_1_51' title='bbox 903 1167 966 1208; x_wconf 90' lang='lat' dir='ltr'>cum</span> <span class='ocrx_word' id='word_1_52' title='bbox 989 1149 1025 1208; x_wconf 90' lang='lat' dir='ltr'>de</span> <span class='ocrx_word' id='word_1_53' title='bbox 1041 1151 1103 1208; x_wconf 90' lang='lat' dir='ltr'>iure</span> <span class='ocrx_word' id='word_1_54' title='bbox 1120 1153 1297 1210; x_wconf 87' lang='lat' dir='ltr'>accusatoris</span> 
     </span>
     <span class='ocr_line' id='line_1_8' title="bbox 301 1232 1299 1310; baseline -0.001 -17"><span class='ocrx_word' id='word_1_55' title='bbox 301 1233 469 1310; x_wconf 80' lang='lat' dir='ltr'>ambigitur3</span> <span class='ocrx_word' id='word_1_56' title='bbox 492 1232 544 1292; x_wconf 88' lang='lat' dir='ltr'>sed</span> <span class='ocrx_word' id='word_1_57' title='bbox 559 1233 587 1291; x_wconf 93' lang='lat' dir='ltr'>in</span> <span class='ocrx_word' id='word_1_58' title='bbox 600 1234 671 1310; x_wconf 92' lang='lat' dir='ltr'>ipsis</span> <span class='ocrx_word' id='word_1_59' title='bbox 687 1233 920 1310; x_wconf 85' lang='lat' dir='ltr'>frequentissime</span> <span class='ocrx_word' id='word_1_60' title='bbox 937 1233 1048 1292; x_wconf 87' lang='lat' dir='ltr'>iudiciis</span> <span class='ocrx_word' id='word_1_61' title='bbox 1070 1241 1210 1292; x_wconf 86' lang='lat' dir='ltr'>versatur.</span> <span class='ocrx_word' id='word_1_62' title='bbox 1244 1232 1299 1292; x_wconf 86' lang='lat' dir='ltr'>Est</span> 
     </span>
     <span class='ocr_line' id='line_1_9' title="bbox 302 1316 1296 1394; baseline -0.003 -16"><span class='ocrx_word' id='word_1_63' title='bbox 302 1318 378 1378; x_wconf 93' lang='lat' dir='ltr'>enim</span> <span class='ocrx_word' id='word_1_64' title='bbox 395 1316 502 1394; x_wconf 88' lang='lat' dir='ltr'>duplex</span> <span class='ocrx_word' id='word_1_65' title='bbox 524 1317 585 1376; x_wconf 92' lang='lat' dir='ltr'>eius</span> <span class='ocrx_word' id='word_1_66' title='bbox 608 1317 824 1394; x_wconf 84' lang='lat' dir='ltr'>disceptationis</span> <span class='ocrx_word' id='word_1_67' title='bbox 842 1318 992 1392; x_wconf 90' lang='lat' dir='ltr'>condicio,</span> <span class='ocrx_word' id='word_1_68' title='bbox 1015 1317 1091 1394; x_wconf 94' lang='lat' dir='ltr'>quod</span> <span class='ocrx_word' id='word_1_69' title='bbox 1111 1326 1159 1375; x_wconf 88' lang='lat' dir='ltr'>aut</span> <span class='ocrx_word' id='word_1_70' title='bbox 1178 1319 1296 1375; x_wconf 90' lang='lat' dir='ltr'>intentio</span> 
     </span>
     <span class='ocr_line' id='line_1_10' title="bbox 301 1400 1297 1479; baseline -0.004 -17"><span class='ocrx_word' id='word_1_71' title='bbox 301 1410 350 1462; x_wconf 90' lang='lat' dir='ltr'>aut</span> <span class='ocrx_word' id='word_1_72' title='bbox 365 1402 556 1479; x_wconf 85' lang='lat' dir='ltr'>praescriptio</span> <span class='ocrx_word' id='word_1_73' title='bbox 572 1400 658 1460; x_wconf 89' lang='lat' dir='ltr'>babet</span> <span class='ocrx_word' id='word_1_74' title='bbox 676 1404 912 1461; x_wconf 88' lang='lat' dir='ltr'>controversiam.</span> <span class='ocrx_word' id='word_1_75' title='bbox 945 1400 989 1460; x_wconf 84' lang='lat' dir='ltr'>Ac</span> <span class='ocrx_word' id='word_1_76' title='bbox 1004 1401 1133 1477; x_wconf 81' lang='lat' dir='ltr'>fuerunt,</span> <span class='ocrx_word' id='word_1_77' title='bbox 1154 1403 1202 1478; x_wconf 95' lang='lat' dir='ltr'>qui</span> <span class='ocrx_word' id='word_1_78' title='bbox 1214 1418 1297 1479; x_wconf 93' lang='lat' dir='ltr'>prae·</span> 
     </span>
     <span class='ocr_line' id='line_1_11' title="bbox 301 1485 1296 1563; baseline -0.003 -17"><span class='ocrx_word' id='word_1_79' title='bbox 301 1486 468 1563; x_wconf 88' lang='lat' dir='ltr'>scriptionis</span> <span class='ocrx_word' id='word_1_80' title='bbox 485 1493 587 1544; x_wconf 86' lang='lat' dir='ltr'>statum</span> <span class='ocrx_word' id='word_1_81' title='bbox 602 1485 748 1560; x_wconf 88' lang='lat' dir='ltr'>lacerent,</span> <span class='ocrx_word' id='word_1_82' title='bbox 767 1494 901 1562; x_wconf 89' lang='lat' dir='ltr'>tanquam</span> <span class='ocrx_word' id='word_1_83' title='bbox 916 1503 950 1545; x_wconf 92' lang='lat' dir='ltr'>ea</span> <span class='ocrx_word' id='word_1_84' title='bbox 969 1502 1026 1543; x_wconf 91' lang='lat' dir='ltr'>non</span> <span class='ocrx_word' id='word_1_85' title='bbox 1039 1485 1141 1544; x_wconf 90' lang='lat' dir='ltr'>iisdem</span> <span class='ocrx_word' id='word_1_86' title='bbox 1157 1485 1296 1559; x_wconf 84' lang='lat' dir='ltr'>omnibus,</span> 
     </span>
     <span class='ocr_line' id='line_1_12' title="bbox 302 1567 1326 1650; baseline -0.001 -21"><span class='ocrx_word' id='word_1_87' title='bbox 302 1568 406 1650; x_wconf 89' lang='lat' dir='ltr'>quibus</span> <span class='ocrx_word' id='word_1_88' title='bbox 428 1576 544 1628; x_wconf 90' lang='lat' dir='ltr'>ceterae</span> <span class='ocrx_word' id='word_1_89' title='bbox 565 1569 664 1645; x_wconf 86' lang='lat' dir='ltr'>leges,</span> <span class='ocrx_word' id='word_1_90' title='bbox 686 1569 902 1647; x_wconf 87' lang='lat' dir='ltr'>quaestionibus</span> <span class='ocrx_word' id='word_1_91' title='bbox 919 1571 1122 1629; x_wconf 89' lang='lat' dir='ltr'>contineretur.</span> <span class='ocrx_word' id='word_1_92' title='bbox 1167 1567 1237 1628; x_wconf 87' lang='lat' dir='ltr'>Cum</span> <span class='ocrx_word' id='word_1_93' title='bbox 1262 1586 1326 1640; x_wconf 69' lang='lat' dir='ltr'>exa</span> 
     </span>
     <span class='ocr_line' id='line_1_13' title="bbox 300 1652 1296 1733; baseline -0.002 -20"><span class='ocrx_word' id='word_1_94' title='bbox 300 1654 532 1733; x_wconf 86' lang='lat' dir='ltr'>praescriptione</span> <span class='ocrx_word' id='word_1_95' title='bbox 549 1653 583 1711; x_wconf 91' lang='lat' dir='ltr'>lis</span> <span class='ocrx_word' id='word_1_96' title='bbox 598 1652 721 1731; x_wconf 82' lang='lat' dir='ltr'>pendet,</span> <span class='ocrx_word' id='word_1_97' title='bbox 737 1655 773 1713; x_wconf 92' lang='lat' dir='ltr'>de</span> <span class='ocrx_word' id='word_1_98' title='bbox 789 1656 852 1732; x_wconf 90' lang='lat' dir='ltr'>ipsa</span> <span class='ocrx_word' id='word_1_99' title='bbox 864 1672 896 1712; x_wconf 92' lang='lat' dir='ltr'>re</span> <span class='ocrx_word' id='word_1_100' title='bbox 913 1655 1012 1731; x_wconf 93' lang='lat' dir='ltr'>quaeri</span> <span class='ocrx_word' id='word_1_101' title='bbox 1028 1671 1084 1713; x_wconf 91' lang='lat' dir='ltr'>non</span> <span class='ocrx_word' id='word_1_102' title='bbox 1102 1662 1146 1712; x_wconf 92' lang='lat' dir='ltr'>est</span> <span class='ocrx_word' id='word_1_103' title='bbox 1163 1671 1296 1712; x_wconf 90' lang='lat' dir='ltr'>necesse.</span> 
     </span>
     <span class='ocr_line' id='line_1_14' title="bbox 302 1736 1305 1816; baseline -0.001 -19"><span class='ocrx_word' id='word_1_104' title='bbox 302 1737 498 1815; x_wconf 88' lang='lat' dir='ltr'>ignominioso</span> <span class='ocrx_word' id='word_1_105' title='bbox 515 1736 589 1795; x_wconf 90' lang='lat' dir='ltr'>lilius</span> <span class='ocrx_word' id='word_1_106' title='bbox 610 1737 797 1816; x_wconf 88' lang='lat' dir='ltr'>praescribit:</span> <span class='ocrx_word' id='word_1_107' title='bbox 827 1739 862 1797; x_wconf 91' lang='lat' dir='ltr'>de</span> <span class='ocrx_word' id='word_1_108' title='bbox 884 1755 919 1797; x_wconf 91' lang='lat' dir='ltr'>eo</span> <span class='ocrx_word' id='word_1_109' title='bbox 942 1739 1006 1796; x_wconf 93' lang='lat' dir='ltr'>solo</span> <span class='ocrx_word' id='word_1_110' title='bbox 1027 1737 1161 1797; x_wconf 90' lang='lat' dir='ltr'>iudicatio</span> <span class='ocrx_word' id='word_1_111' title='bbox 1179 1748 1240 1814; x_wconf 87' lang='lat' dir='ltr'>est,</span> <span class='ocrx_word' id='word_1_112' title='bbox 1264 1756 1305 1798; x_wconf 47' lang='lat' dir='ltr'>an&lt;</span> 
     </span>
     <span class='ocr_line' id='line_1_15' title="bbox 301 1817 1299 1898; baseline -0.004 -14"><span class='ocrx_word' id='word_1_113' title='bbox 301 1817 411 1884; x_wconf 74' lang='lat' dir='ltr'>liceat?</span> <span class='ocrx_word' id='word_1_114' title='bbox 452 1819 591 1894; x_wconf 83' lang='lat' dir='ltr'>Quotiens</span> <span class='ocrx_word' id='word_1_115' title='bbox 611 1830 705 1881; x_wconf 91' lang='lat' dir='ltr'>tamen</span> <span class='ocrx_word' id='word_1_116' title='bbox 726 1824 901 1898; x_wconf 86' lang='lat' dir='ltr'>poterimus,</span> <span class='ocrx_word' id='word_1_117' title='bbox 924 1822 1105 1881; x_wconf 83' lang='lat' dir='ltr'>efficiendum</span> <span class='ocrx_word' id='word_1_118' title='bbox 1125 1830 1186 1895; x_wconf 87' lang='lat' dir='ltr'>est,</span> <span class='ocrx_word' id='word_1_119' title='bbox 1213 1831 1243 1880; x_wconf 92' lang='lat' dir='ltr'>ut</span> <span class='ocrx_word' id='word_1_120' title='bbox 1261 1825 1299 1884; x_wconf 84' lang='lat' dir='ltr'>de</span> 
     </span>
     <span class='ocr_line' id='line_1_16' title="bbox 301 1904 1298 1982; baseline -0.002 -17"><span class='ocrx_word' id='word_1_121' title='bbox 301 1924 335 1965; x_wconf 92' lang='lat' dir='ltr'>re</span> <span class='ocrx_word' id='word_1_122' title='bbox 352 1922 467 1982; x_wconf 91' lang='lat' dir='ltr'>quoque</span> <span class='ocrx_word' id='word_1_123' title='bbox 484 1905 571 1965; x_wconf 90' lang='lat' dir='ltr'>iudex</span> <span class='ocrx_word' id='word_1_124' title='bbox 585 1904 659 1965; x_wconf 92' lang='lat' dir='ltr'>bene</span> <span class='ocrx_word' id='word_1_125' title='bbox 678 1907 796 1973; x_wconf 87' lang='lat' dir='ltr'>sentiat;</span> <span class='ocrx_word' id='word_1_126' title='bbox 823 1907 866 1965; x_wconf 91' lang='lat' dir='ltr'>sic</span> <span class='ocrx_word' id='word_1_127' title='bbox 887 1907 961 1964; x_wconf 88' lang='lat' dir='ltr'>enim</span> <span class='ocrx_word' id='word_1_128' title='bbox 975 1908 1030 1964; x_wconf 95' lang='lat' dir='ltr'>iuri</span> <span class='ocrx_word' id='word_1_129' title='bbox 1046 1915 1145 1964; x_wconf 91' lang='lat' dir='ltr'>nostro</span> <span class='ocrx_word' id='word_1_130' title='bbox 1163 1904 1298 1964; x_wconf 91' lang='lat' dir='ltr'>libentius</span> 
     </span>
     <span class='ocr_line' id='line_1_17' title="bbox 302 1986 1297 2068; baseline -0.001 -20"><span class='ocrx_word' id='word_1_131' title='bbox 302 1989 480 2066; x_wconf 84' lang='lat' dir='ltr'>indulgebit:</span> <span class='ocrx_word' id='word_1_132' title='bbox 509 1990 592 2048; x_wconf 91' lang='lat' dir='ltr'>utin</span> <span class='ocrx_word' id='word_1_133' title='bbox 616 1988 835 2068; x_wconf 88' lang='lat' dir='ltr'>sponsionibus,</span> <span class='ocrx_word' id='word_1_134' title='bbox 865 2007 938 2066; x_wconf 90' lang='lat' dir='ltr'>quae</span> <span class='ocrx_word' id='word_1_135' title='bbox 968 2008 1005 2048; x_wconf 86' lang='lat' dir='ltr'>ex</span> <span class='ocrx_word' id='word_1_136' title='bbox 1033 1989 1191 2048; x_wconf 86' lang='lat' dir='ltr'>interdictis</span> <span class='ocrx_word' id='word_1_137' title='bbox 1217 1986 1297 2063; x_wconf 86' lang='lat' dir='ltr'>fiunt,</span> 
     </span>
     <span class='ocr_line' id='line_1_18' title="bbox 303 2073 1296 2151; baseline -0.004 -18"><span class='ocrx_word' id='word_1_138' title='bbox 303 2074 414 2133; x_wconf 88' lang='lat' dir='ltr'>etiamsi</span> <span class='ocrx_word' id='word_1_139' title='bbox 430 2090 486 2132; x_wconf 90' lang='lat' dir='ltr'>uon</span> <span class='ocrx_word' id='word_1_140' title='bbox 501 2074 684 2151; x_wconf 86' lang='lat' dir='ltr'>proprietatis</span> <span class='ocrx_word' id='word_1_141' title='bbox 700 2083 745 2131; x_wconf 91' lang='lat' dir='ltr'>est</span> <span class='ocrx_word' id='word_1_142' title='bbox 759 2074 890 2151; x_wconf 89' lang='lat' dir='ltr'>quaestio</span> <span class='ocrx_word' id='word_1_143' title='bbox 902 2073 953 2132; x_wconf 87' lang='lat' dir='ltr'>sed</span> <span class='ocrx_word' id='word_1_144' title='bbox 969 2081 1074 2132; x_wconf 90' lang='lat' dir='ltr'>tantum</span> <span class='ocrx_word' id='word_1_145' title='bbox 1085 2074 1296 2149; x_wconf 87' lang='lat' dir='ltr'>possessionis;</span> 
     </span>
     <span class='ocr_line' id='line_1_19' title="bbox 302 2156 1297 2235; baseline -0.005 -17"><span class='ocrx_word' id='word_1_146' title='bbox 302 2167 399 2218; x_wconf 91' lang='lat' dir='ltr'>tamen</span> <span class='ocrx_word' id='word_1_147' title='bbox 419 2174 476 2216; x_wconf 94' lang='lat' dir='ltr'>non</span> <span class='ocrx_word' id='word_1_148' title='bbox 496 2157 775 2235; x_wconf 80' lang='lat' dir='ltr'>solumposseutsse</span> <span class='ocrx_word' id='word_1_149' title='bbox 797 2174 850 2216; x_wconf 92' lang='lat' dir='ltr'>nos</span> <span class='ocrx_word' id='word_1_150' title='bbox 874 2156 926 2216; x_wconf 89' lang='lat' dir='ltr'>sed</span> <span class='ocrx_word' id='word_1_151' title='bbox 949 2159 1033 2215; x_wconf 91' lang='lat' dir='ltr'>etiam</span> <span class='ocrx_word' id='word_1_152' title='bbox 1048 2164 1175 2214; x_wconf 91' lang='lat' dir='ltr'>nostrum</span> <span class='ocrx_word' id='word_1_153' title='bbox 1195 2173 1297 2233; x_wconf 90' lang='lat' dir='ltr'>posse-</span> 
     </span>
     <span class='ocr_line' id='line_1_20' title="bbox 302 2239 1328 2320; baseline -0.004 -19"><span class='ocrx_word' id='word_1_154' title='bbox 302 2241 399 2316; x_wconf 92' lang='lat' dir='ltr'>disse,</span> <span class='ocrx_word' id='word_1_155' title='bbox 418 2241 525 2300; x_wconf 89' lang='lat' dir='ltr'>docere</span> <span class='ocrx_word' id='word_1_156' title='bbox 541 2241 695 2320; x_wconf 91' lang='lat' dir='ltr'>oportebit.</span> <span class='ocrx_word' id='word_1_157' title='bbox 737 2241 795 2301; x_wconf 88' lang='lat' dir='ltr'>Sed</span> <span class='ocrx_word' id='word_1_158' title='bbox 809 2240 987 2319; x_wconf 84' lang='lat' dir='ltr'>frequentius</span> <span class='ocrx_word' id='word_1_159' title='bbox 1003 2242 1088 2299; x_wconf 90' lang='lat' dir='ltr'>etiam</span> <span class='ocrx_word' id='word_1_160' title='bbox 1102 2241 1248 2318; x_wconf 91' lang='lat' dir='ltr'>quaeritur</span> <span class='ocrx_word' id='word_1_161' title='bbox 1262 2239 1328 2306; x_wconf 82' lang='lat' dir='ltr'>de4</span> 
     </span>
     <span class='ocr_line' id='line_1_21' title="bbox 301 2322 1297 2404; baseline -0.006 -18"><span class='ocrx_word' id='word_1_162' title='bbox 301 2327 470 2387; x_wconf 89' lang='lat' dir='ltr'>intentione.</span> <span class='ocrx_word' id='word_1_163' title='bbox 517 2323 572 2386; x_wconf 82' lang='lat' dir='ltr'>Vir</span> <span class='ocrx_word' id='word_1_164' title='bbox 580 2327 669 2403; x_wconf 78' lang='lat' dir='ltr'>sortis</span> <span class='ocrx_word' id='word_1_165' title='bbox 679 2332 773 2404; x_wconf 87' lang='lat' dir='ltr'>optet,</span> <span class='ocrx_word' id='word_1_166' title='bbox 789 2325 871 2404; x_wconf 86' lang='lat' dir='ltr'>qood</span> <span class='ocrx_word' id='word_1_167' title='bbox 881 2325 968 2385; x_wconf 83' lang='lat' dir='ltr'>colet.</span> <span class='ocrx_word' id='word_1_168' title='bbox 1012 2323 1096 2401; x_wconf 86' lang='lat' dir='ltr'>Nego</span> <span class='ocrx_word' id='word_1_169' title='bbox 1109 2323 1152 2383; x_wconf 93' lang='lat' dir='ltr'>illi</span> <span class='ocrx_word' id='word_1_170' title='bbox 1167 2322 1297 2398; x_wconf 84' lang='lat' dir='ltr'>dandum,</span> 
     </span>
     <span class='ocr_line' id='line_1_22' title="bbox 303 2407 1298 2489; baseline -0.004 -20"><span class='ocrx_word' id='word_1_171' title='bbox 303 2409 439 2488; x_wconf 92' lang='lat' dir='ltr'>quidquid</span> <span class='ocrx_word' id='word_1_172' title='bbox 460 2412 617 2489; x_wconf 90' lang='lat' dir='ltr'>optaverit:</span> <span class='ocrx_word' id='word_1_173' title='bbox 641 2427 698 2468; x_wconf 93' lang='lat' dir='ltr'>non</span> <span class='ocrx_word' id='word_1_174' title='bbox 720 2409 823 2469; x_wconf 89' lang='lat' dir='ltr'>babeo·</span> <span class='ocrx_word' id='word_1_175' title='bbox 836 2409 1111 2487; x_wconf 84' lang='lat' dir='ltr'>praescriptionem,</span> <span class='ocrx_word' id='word_1_176' title='bbox 1134 2407 1186 2466; x_wconf 89' lang='lat' dir='ltr'>sed</span> <span class='ocrx_word' id='word_1_177' title='bbox 1204 2417 1298 2466; x_wconf 89' lang='lat' dir='ltr'>tamen</span> 
     </span>
     <span class='ocr_line' id='line_1_23' title="bbox 301 2491 1298 2572; baseline -0.001 -21"><span class='ocrx_word' id='word_1_178' title='bbox 301 2493 451 2552; x_wconf 90' lang='lat' dir='ltr'>voluntate</span> <span class='ocrx_word' id='word_1_179' title='bbox 467 2496 565 2556; x_wconf 82' lang='lat' dir='ltr'>contra</span> <span class='ocrx_word' id='word_1_180' title='bbox 579 2493 669 2554; x_wconf 83' lang='lat' dir='ltr'>veiba</span> <span class='ocrx_word' id='word_1_181' title='bbox 679 2493 916 2572; x_wconf 91' lang='lat' dir='ltr'>praescriptionis</span> <span class='ocrx_word' id='word_1_182' title='bbox 928 2492 1013 2552; x_wconf 90' lang='lat' dir='ltr'>modo</span> <span class='ocrx_word' id='word_1_183' title='bbox 1024 2501 1099 2551; x_wconf 90' lang='lat' dir='ltr'>utor.</span> <span class='ocrx_word' id='word_1_184' title='bbox 1132 2491 1164 2552; x_wconf 94' lang='lat' dir='ltr'>ln</span> <span class='ocrx_word' id='word_1_185' title='bbox 1175 2500 1298 2569; x_wconf 89' lang='lat' dir='ltr'>utroque</span> 
     </span>
     <span class='ocr_line' id='line_1_24' title="bbox 302 2578 820 2654; baseline -0.004 -17"><span class='ocrx_word' id='word_1_186' title='bbox 302 2586 398 2638; x_wconf 89' lang='lat' dir='ltr'>autem</span> <span class='ocrx_word' id='word_1_187' title='bbox 413 2596 522 2654; x_wconf 82' lang='lat' dir='ltr'>genere</span> <span class='ocrx_word' id='word_1_188' title='bbox 538 2586 628 2637; x_wconf 92' lang='lat' dir='ltr'>status</span> <span class='ocrx_word' id='word_1_189' title='bbox 645 2578 730 2638; x_wconf 89' lang='lat' dir='ltr'>iidem</span> <span class='ocrx_word' id='word_1_190' title='bbox 746 2586 820 2636; x_wconf 89' lang='lat' dir='ltr'>sunt.</span> 
     </span>
    </p>

    <p class='ocr_par' dir='ltr' id='par_1_4' title="bbox 301 2660 1326 3327">
     <span class='ocr_line' id='line_1_25' title="bbox 386 2660 1324 2739; baseline -0.001 -18"><span class='ocrx_word' id='word_1_191' title='bbox 386 2661 477 2721; x_wconf 91' lang='lat' dir='ltr'>Porro</span> <span class='ocrx_word' id='word_1_192' title='bbox 502 2662 551 2721; x_wconf 85' lang='lat' dir='ltr'>len</span> <span class='ocrx_word' id='word_1_193' title='bbox 576 2663 667 2722; x_wconf 91' lang='lat' dir='ltr'>omnis</span> <span class='ocrx_word' id='word_1_194' title='bbox 691 2670 738 2722; x_wconf 89' lang='lat' dir='ltr'>aut</span> <span class='ocrx_word' id='word_1_195' title='bbox 768 2661 865 2721; x_wconf 88' lang='lat' dir='ltr'>tribuit</span> <span class='ocrx_word' id='word_1_196' title='bbox 893 2669 941 2723; x_wconf 93' lang='grc' dir='ltr'>εει</span> <span class='ocrx_word' id='word_1_197' title='bbox 958 2660 1054 2720; x_wconf 88' lang='lat' dir='ltr'>adimit</span> <span class='ocrx_word' id='word_1_198' title='bbox 1075 2669 1123 2721; x_wconf 90' lang='lat' dir='ltr'>aut</span> <span class='ocrx_word' id='word_1_199' title='bbox 1147 2661 1227 2739; x_wconf 90' lang='lat' dir='ltr'>punit</span> <span class='ocrx_word' id='word_1_200' title='bbox 1250 2668 1324 2720; x_wconf 89' lang='lat' dir='ltr'>aut5</span> 
     </span>
     <span class='ocr_line' id='line_1_26' title="bbox 302 2744 1298 2824; baseline -0.002 -20"><span class='ocrx_word' id='word_1_201' title='bbox 302 2745 383 2805; x_wconf 91' lang='lat' dir='ltr'>iubet</span> <span class='ocrx_word' id='word_1_202' title='bbox 404 2755 451 2805; x_wconf 89' lang='lat' dir='ltr'>aut</span> <span class='ocrx_word' id='word_1_203' title='bbox 470 2754 550 2807; x_wconf 89' lang='lat' dir='ltr'>vetat</span> <span class='ocrx_word' id='word_1_204' title='bbox 575 2755 623 2806; x_wconf 90' lang='lat' dir='ltr'>aut</span> <span class='ocrx_word' id='word_1_205' title='bbox 643 2747 789 2824; x_wconf 90' lang='lat' dir='ltr'>permittit.</span> <span class='ocrx_word' id='word_1_206' title='bbox 825 2744 915 2804; x_wconf 84' lang='lat' dir='ltr'>bitem</span> <span class='ocrx_word' id='word_1_207' title='bbox 936 2744 1023 2805; x_wconf 90' lang='lat' dir='ltr'>babet</span> <span class='ocrx_word' id='word_1_208' title='bbox 1048 2754 1095 2804; x_wconf 89' lang='lat' dir='ltr'>aut</span> <span class='ocrx_word' id='word_1_209' title='bbox 1120 2754 1241 2823; x_wconf 92' lang='lat' dir='ltr'>propter</span> <span class='ocrx_word' id='word_1_210' title='bbox 1265 2762 1298 2802; x_wconf 87' lang='lat' dir='ltr'>se</span> 
     </span>
     <span class='ocr_line' id='line_1_27' title="bbox 302 2830 1299 2908; baseline -0.003 -20"><span class='ocrx_word' id='word_1_211' title='bbox 302 2831 395 2907; x_wconf 88' lang='lat' dir='ltr'>ipsam</span> <span class='ocrx_word' id='word_1_212' title='bbox 418 2838 465 2891; x_wconf 89' lang='lat' dir='ltr'>aut</span> <span class='ocrx_word' id='word_1_213' title='bbox 487 2839 606 2908; x_wconf 92' lang='lat' dir='ltr'>propter</span> <span class='ocrx_word' id='word_1_214' title='bbox 629 2831 763 2904; x_wconf 88' lang='lat' dir='ltr'>alteram,</span> <span class='ocrx_word' id='word_1_215' title='bbox 786 2831 985 2907; x_wconf 91' lang='lat' dir='ltr'>quaestionem</span> <span class='ocrx_word' id='word_1_216' title='bbox 1007 2831 1099 2888; x_wconf 90' lang='lat' dir='ltr'>autin</span> <span class='ocrx_word' id='word_1_217' title='bbox 1120 2830 1229 2906; x_wconf 90' lang='lat' dir='ltr'>scripto</span> <span class='ocrx_word' id='word_1_218' title='bbox 1251 2837 1299 2886; x_wconf 91' lang='lat' dir='ltr'>aut</span> 
     </span>
     <span class='ocr_line' id='line_1_28' title="bbox 302 2912 1299 2994; baseline -0.003 -23"><span class='ocrx_word' id='word_1_219' title='bbox 302 2915 332 2971; x_wconf 90' lang='lat' dir='ltr'>iu</span> <span class='ocrx_word' id='word_1_220' title='bbox 352 2913 511 2973; x_wconf 91' lang='lat' dir='ltr'>voluntate.</span> <span class='ocrx_word' id='word_1_221' title='bbox 561 2915 704 2994; x_wconf 89' lang='lat' dir='ltr'>Scriptum</span> <span class='ocrx_word' id='word_1_222' title='bbox 727 2922 774 2972; x_wconf 92' lang='lat' dir='ltr'>aut</span> <span class='ocrx_word' id='word_1_223' title='bbox 794 2922 924 2990; x_wconf 87' lang='lat' dir='ltr'>apertum</span> <span class='ocrx_word' id='word_1_224' title='bbox 945 2923 989 2972; x_wconf 88' lang='grc' dir='ltr'>εει</span> <span class='ocrx_word' id='word_1_225' title='bbox 1010 2922 1057 2972; x_wconf 84' lang='grc' dir='ltr'>εει</span> <span class='ocrx_word' id='word_1_226' title='bbox 1079 2912 1231 2972; x_wconf 87' lang='lat' dir='ltr'>obscurum</span> <span class='ocrx_word' id='word_1_227' title='bbox 1252 2919 1299 2970; x_wconf 91' lang='lat' dir='ltr'>aut</span> 
     </span>
     <span class='ocr_line' id='line_1_29' title="bbox 303 2995 1326 3075; baseline -0.001 -18"><span class='ocrx_word' id='word_1_228' title='bbox 303 2997 475 3074; x_wconf 85' lang='lat' dir='ltr'>ambiguum.</span> <span class='ocrx_word' id='word_1_229' title='bbox 521 2996 604 3071; x_wconf 83' lang='lat' dir='ltr'>Quod</span> <span class='ocrx_word' id='word_1_230' title='bbox 626 2999 662 3058; x_wconf 92' lang='lat' dir='ltr'>de</span> <span class='ocrx_word' id='word_1_231' title='bbox 679 2997 792 3074; x_wconf 88' lang='lat' dir='ltr'>legibus</span> <span class='ocrx_word' id='word_1_232' title='bbox 810 2997 892 3072; x_wconf 91' lang='lat' dir='ltr'>dico,</span> <span class='ocrx_word' id='word_1_233' title='bbox 915 2997 990 3056; x_wconf 92' lang='lat' dir='ltr'>idem</span> <span class='ocrx_word' id='word_1_234' title='bbox 1010 2998 1103 3075; x_wconf 87' lang='lat' dir='ltr'>accipi</span> <span class='ocrx_word' id='word_1_235' title='bbox 1119 2995 1189 3054; x_wconf 85' lang='lat' dir='ltr'>volo</span> <span class='ocrx_word' id='word_1_236' title='bbox 1204 2995 1240 3056; x_wconf 91' lang='lat' dir='ltr'>de</span> <span class='ocrx_word' id='word_1_237' title='bbox 1257 3003 1326 3056; x_wconf 84' lang='lat' dir='ltr'>te=6</span> 
     </span>
     <span class='ocr_line' id='line_1_30' title="bbox 302 3078 1300 3160; baseline -0.005 -19"><span class='ocrx_word' id='word_1_238' title='bbox 302 3082 468 3157; x_wconf 85' lang='lat' dir='ltr'>stamentis,</span> <span class='ocrx_word' id='word_1_239' title='bbox 484 3083 593 3159; x_wconf 90' lang='lat' dir='ltr'>pactis,</span> <span class='ocrx_word' id='word_1_240' title='bbox 610 3079 841 3160; x_wconf 89' lang='lat' dir='ltr'>stipulationibus</span> <span class='ocrx_word' id='word_1_241' title='bbox 853 3082 929 3139; x_wconf 95' lang='lat' dir='ltr'>omni</span> <span class='ocrx_word' id='word_1_242' title='bbox 945 3081 1067 3160; x_wconf 90' lang='lat' dir='ltr'>denique</span> <span class='ocrx_word' id='word_1_243' title='bbox 1083 3082 1209 3158; x_wconf 90' lang='lat' dir='ltr'>script0;</span> <span class='ocrx_word' id='word_1_244' title='bbox 1225 3078 1300 3137; x_wconf 90' lang='lat' dir='ltr'>idem</span> 
     </span>
     <span class='ocr_line' id='line_1_31' title="bbox 302 3162 1300 3243; baseline -0.004 -19"><span class='ocrx_word' id='word_1_245' title='bbox 302 3164 339 3224; x_wconf 92' lang='lat' dir='ltr'>de</span> <span class='ocrx_word' id='word_1_246' title='bbox 355 3183 440 3224; x_wconf 87' lang='lat' dir='ltr'>voce.</span> <span class='ocrx_word' id='word_1_247' title='bbox 484 3164 521 3224; x_wconf 86' lang='lat' dir='ltr'>Et</span> <span class='ocrx_word' id='word_1_248' title='bbox 544 3167 675 3243; x_wconf 89' lang='lat' dir='ltr'>quoniam</span> <span class='ocrx_word' id='word_1_249' title='bbox 691 3173 825 3242; x_wconf 91' lang='lat' dir='ltr'>quattuor</span> <span class='ocrx_word' id='word_1_250' title='bbox 839 3165 900 3223; x_wconf 89' lang='lat' dir='ltr'>eius</span> <span class='ocrx_word' id='word_1_251' title='bbox 918 3167 1035 3241; x_wconf 87' lang='lat' dir='ltr'>generis</span> <span class='ocrx_word' id='word_1_252' title='bbox 1051 3165 1235 3242; x_wconf 91' lang='lat' dir='ltr'>quaestiones</span> <span class='ocrx_word' id='word_1_253' title='bbox 1252 3162 1300 3221; x_wconf 90' lang='lat' dir='ltr'>vel</span> 
     </span>
     <span class='ocr_line' id='line_1_32' title="bbox 301 3249 920 3327; baseline -0.006 -17"><span class='ocrx_word' id='word_1_254' title='bbox 301 3259 395 3310; x_wconf 85' lang='lat' dir='ltr'>status</span> <span class='ocrx_word' id='word_1_255' title='bbox 409 3249 545 3310; x_wconf 87' lang='lat' dir='ltr'>facimus:</span> <span class='ocrx_word' id='word_1_256' title='bbox 563 3249 692 3327; x_wconf 87' lang='lat' dir='ltr'>singulos</span> <span class='ocrx_word' id='word_1_257' title='bbox 709 3266 920 3327; x_wconf 90' lang='lat' dir='ltr'>percurramus.</span> 
     </span>
    </p>
   </div>
   <div class='ocr_carea' id='block_1_4' title="bbox 593 3379 1010 3452">
    <p class='ocr_par' dir='ltr' id='par_1_5' title="bbox 593 3379 1010 3452">
     <span class='ocr_line' id='line_1_33' title="bbox 593 3379 1010 3452; baseline -0.014 0"><span class='ocrx_word' id='word_1_258' title='bbox 593 3400 751 3452; x_wconf 81' lang='lat' dir='ltr'>scarorum</span> <span class='ocrx_word' id='word_1_259' title='bbox 768 3403 810 3451; x_wconf 85' lang='lat' dir='ltr'>or</span> <span class='ocrx_word' id='word_1_260' title='bbox 827 3379 1010 3452; x_wconf 82' lang='lat' dir='ltr'>vcuoums.</span> 
     </span>
    </p>
   </div>
   <div class='ocr_carea' id='block_1_5' title="bbox 302 3500 1304 3904">
    <p class='ocr_par' dir='ltr' id='par_1_6' title="bbox 302 3500 1304 3904">
     <span class='ocr_line' id='line_1_34' title="bbox 388 3500 1300 3580; baseline -0.002 -21"><span class='ocrx_word' id='word_1_261' title='bbox 388 3500 437 3561; x_wconf 94' lang='lat' dir='ltr'>v1.</span> <span class='ocrx_word' id='word_1_262' title='bbox 460 3503 599 3580; x_wconf 87' lang='lat' dir='ltr'>Scripti</span> <span class='ocrx_word' id='word_1_263' title='bbox 616 3512 649 3562; x_wconf 90' lang='lat' dir='ltr'>et</span> <span class='ocrx_word' id='word_1_264' title='bbox 663 3502 871 3561; x_wconf 89' lang='lat' dir='ltr'>voluntatis</span> <span class='ocrx_word' id='word_1_265' title='bbox 888 3501 1119 3577; x_wconf 79' lang='lat' dir='ltr'>frequentissima</span> <span class='ocrx_word' id='word_1_266' title='bbox 1142 3501 1217 3558; x_wconf 88' lang='lat' dir='ltr'>inter</span> <span class='ocrx_word' id='word_1_267' title='bbox 1232 3516 1300 3558; x_wconf 91' lang='lat' dir='ltr'>con·</span> 
     </span>
     <span class='ocr_line' id='line_1_35' title="bbox 302 3583 1301 3664; baseline -0.005 -19"><span class='ocrx_word' id='word_1_268' title='bbox 302 3587 397 3645; x_wconf 84' lang='lat' dir='ltr'>saltos</span> <span class='ocrx_word' id='word_1_269' title='bbox 424 3588 640 3663; x_wconf 82' lang='lat' dir='ltr'>quaestio&#39;est,</span> <span class='ocrx_word' id='word_1_270' title='bbox 674 3595 703 3645; x_wconf 92' lang='lat' dir='ltr'>et</span> <span class='ocrx_word' id='word_1_271' title='bbox 727 3604 794 3664; x_wconf 91' lang='lat' dir='ltr'>pars</span> <span class='ocrx_word' id='word_1_272' title='bbox 818 3604 920 3662; x_wconf 87' lang='lat' dir='ltr'>magna</span> <span class='ocrx_word' id='word_1_273' title='bbox 942 3585 1122 3643; x_wconf 87' lang='lat' dir='ltr'>controversi</span> <span class='ocrx_word' id='word_1_274' title='bbox 1146 3585 1214 3642; x_wconf 90' lang='lat' dir='ltr'>iuris</span> <span class='ocrx_word' id='word_1_275' title='bbox 1234 3583 1301 3641; x_wconf 87' lang='lat' dir='ltr'>hinc</span> 
     </span>
     <span class='ocr_line' id='line_1_36' title="bbox 302 3667 1301 3750; baseline -0.006 -21"><span class='ocrx_word' id='word_1_276' title='bbox 302 3670 426 3750; x_wconf 92' lang='lat' dir='ltr'>pendet;</span> <span class='ocrx_word' id='word_1_277' title='bbox 441 3671 598 3747; x_wconf 92' lang='lat' dir='ltr'>quominus</span> <span class='ocrx_word' id='word_1_278' title='bbox 613 3669 641 3729; x_wconf 93' lang='lat' dir='ltr'>id</span> <span class='ocrx_word' id='word_1_279' title='bbox 657 3671 684 3729; x_wconf 94' lang='lat' dir='ltr'>in</span> <span class='ocrx_word' id='word_1_280' title='bbox 696 3669 805 3729; x_wconf 89' lang='lat' dir='ltr'>scholis</span> <span class='ocrx_word' id='word_1_281' title='bbox 818 3669 952 3730; x_wconf 88' lang='lat' dir='ltr'>accidere</span> <span class='ocrx_word' id='word_1_282' title='bbox 964 3669 1063 3727; x_wconf 92' lang='lat' dir='ltr'>mirum</span> <span class='ocrx_word' id='word_1_283' title='bbox 1079 3677 1139 3744; x_wconf 90' lang='lat' dir='ltr'>est,</span> <span class='ocrx_word' id='word_1_284' title='bbox 1155 3667 1202 3726; x_wconf 93' lang='lat' dir='ltr'>ubi</span> <span class='ocrx_word' id='word_1_285' title='bbox 1217 3668 1301 3724; x_wconf 89' lang='lat' dir='ltr'>etiam</span> 
     </span>
     <span class='ocr_line' id='line_1_37' title="bbox 303 3751 1304 3840; baseline -0.008 -26"><span class='ocrx_word' id='word_1_286' title='bbox 303 3773 343 3814; x_wconf 86' lang='lat' dir='ltr'>ex</span> <span class='ocrx_word' id='word_1_287' title='bbox 356 3754 493 3814; x_wconf 88' lang='lat' dir='ltr'>industria</span> <span class='ocrx_word' id='word_1_288' title='bbox 516 3754 640 3830; x_wconf 85' lang='lat' dir='ltr'>fingitur.</span> <span class='ocrx_word' id='word_1_289' title='bbox 682 3752 756 3820; x_wconf 55' lang='lat' dir='ltr'>Eius,</span> <span class='ocrx_word' id='word_1_290' title='bbox 776 3756 875 3831; x_wconf 64' lang='lat' dir='ltr'>genus‘</span> <span class='ocrx_word' id='word_1_291' title='bbox 892 3771 983 3840; x_wconf 25' lang='lat' dir='ltr'>unum·</span> <span class='ocrx_word' id='word_1_292' title='bbox 998 3762 1060 3830; x_wconf 87' lang='lat' dir='ltr'>est,</span> <span class='ocrx_word' id='word_1_293' title='bbox 1084 3753 1191 3834; x_wconf 84' lang='lat' dir='ltr'>inquo</span> <span class='ocrx_word' id='word_1_294' title='bbox 1216 3751 1304 3808; x_wconf 81' lang='lat' dir='ltr'>etde</span> 
     </span>
     <span class='ocr_line' id='line_1_38' title="bbox 346 3842 1300 3904; baseline -0.003 -7"><span class='ocrx_word' id='word_1_295' title='bbox 346 3860 412 3897; x_wconf 77' lang='lat' dir='ltr'>mr.</span> <span class='ocrx_word' id='word_1_296' title='bbox 425 3842 582 3904; x_wconf 63' lang='lat' dir='ltr'>coronali,</span> <span class='ocrx_word' id='word_1_297' title='bbox 631 3850 632 3854; x_wconf 77' lang='grc'>’</span> <span class='ocrx_word' id='word_1_298' title='bbox 1298 3844 1300 3847; x_wconf 85' lang='grc'><strong>’</strong></span> 
     </span>
    </p>
   </div>
   <div class='ocr_carea' id='block_1_6' title="bbox 0 0 1599 4409">
    <p class='ocr_par' dir='ltr' id='par_1_7' title="bbox 0 0 1599 4409">
     <span class='ocr_line' id='line_1_39' title="bbox 0 0 1599 4409; baseline 0 0"><span class='ocrx_word' id='word_1_299' title='bbox 0 0 1599 4409; x_wconf 95' lang='lat' dir='ltr'> </span> 
     </span>
    </p>
   </div>
  </div>
 </body>
</html>
