3184 4409
508 319 587 343 vunnu
604 319 733 341 vuulvlw
872 319 962 355 (1»551
1112 319 1172 337 »νυ
1156 319 1213 337 uun
1205 319 1333 352 unarqun

506 368 585 426 tione
601 367 711 425 minime
726 319 831 423 velird
834 319 1060 439 Dialogisunu
1016 365 1090 422 enim
1064 319 1134 421 ¹¹¹et
1149 363 1308 421 dialecticis
1326 319 1359 422 dl

507 450 590 510 nibus
607 451 661 508 erit
677 449 795 507 similior
816 465 899 525 quam
920 448 1011 505 nostri
1026 449 1123 524 operis
1140 445 1316 520 actionibus
1338 464 1357 524 q

465 534 571 602 pedem
601 533 675 591 inter
701 549 733 589 se
758 531 907 608 plurimum
937 530 1079 590 differunt.
1126 529 1255 606 Namque
1282 491 1339 588 illis

509 618 586 677 docti
609 625 637 674 et
658 618 732 674 inter
754 615 856 674 doctos
877 633 976 674 verum
997 623 1170 692 quaerentes
1186 616 1316 673 minutius
1335 623 1359 672 et

508 699 599 760 losius
620 707 781 758 scrutantur
803 700 908 774 omnia,
931 708 959 756 et
979 698 1021 757 ad
1037 698 1172 775 liquidum
1195 699 1359 757 confessum

509 783 624 858 ducunt,
641 790 671 841 ut
686 801 734 860 qur
728 781 803 842 sibi
821 791 848 841 et
862 744 1023 882 ipdeniendi
1035 792 1063 841 et
1077 783 1218 840 iudicandi
1231 782 1359 897 v'indiceq

467 883 626 945 29quarum
642 867 760 926 alteram
775 859 900 943 τοπικὴν
915 867 1034 925 alteram
1051 858 1185 944 κριτικὴν
1203 865 1359 924 vocant

509 951 629 1011 aliorum
648 951 750 1010 iudicia
780 950 977 1027 componenda
1008 959 1052 1009 est
1078 951 1185 1023 oratio⁷
1218 959 1247 1008 et
1276 950 1356 1026 saepi

510 1037 622 1096 omnino
644 1036 791 1111 imperitos
815 1043 901 1113 atque
920 1034 1031 1094 illarum
1048 1042 1128 1092 certe
1149 1034 1265 1108 ignaros
1281 1033 1359 1092 litter

510 1120 651 1199 quendum
668 1128 729 1193 est,
753 1134 825 1195 quos
848 1119 900 1177 nisi
921 1126 950 1176 et
971 1117 1162 1177 delectatione
1187 1118 1324 1176 allicimus
1345 1136 1359 1175 e

509 1203 644 1263 trahimus
660 1211 689 1261 et
705 1220 904 1280 nonnunquam
919 1200 1062 1261 turbamus
1081 1201 1246 1260 affectibus:
1267 1203 1347 1278 ipsa,

468 1297 552 1352 30sta
569 1305 603 1346 ac
617 1304 686 1345 vera
704 1295 779 1360 suut,
797 1295 897 1344 tenere
908 1302 965 1343 non
977 1302 1137 1362 possumus.
1159 1284 1303 1362 Locuples
1318 1294 1347 1342 et

509 1371 571 1432 vult
587 1388 652 1428 esse
670 1369 851 1447 eloquentia;
874 1386 994 1447 quorum
1014 1369 1081 1428 nihil
1099 1379 1309 1446 consequetur,
1331 1369 1355 1427 si

511 1454 637 1513 sionibus
652 1455 740 1511 ¹certis
759 1462 788 1512 et
803 1452 914 1511 crebris
930 1462 959 1511 et
973 1454 1001 1512 iu
1016 1471 1098 1511 unam
1115 1469 1208 1529 prope
1228 1453 1347 1511 formam

509 1536 563 1596 hus
579 1537 695 1595 concisa
710 1545 738 1594 et
754 1535 945 1615 contemptum
957 1554 994 1595 ex
1009 1536 1163 1596 humilitate
1179 1545 1207 1594 et
1220 1537 1314 1596 odium
1327 1555 1359 1593 er

510 1621 648 1679 servitute
670 1627 699 1678 et
720 1638 757 1678 ex
772 1620 856 1697 copia
873 1623 1033 1679 satietatem
1057 1628 1086 1678 et
1101 1638 1138 1678 ex
1153 1619 1334 1679 similitudine
1355 1628 1359 1677 l

468 1715 500 1769 31
511 1704 617 1764 tulerit.
647 1701 769 1762 Feratur
785 1719 856 1779 ergo
873 1721 930 1762 non
945 1705 1052 1763 semitis
1068 1703 1120 1762 sed
1140 1705 1257 1781 campis,
1274 1720 1359 1761 nonu

510 1788 638 1864 angustis
654 1786 756 1848 fistulis
775 1787 949 1885 colliguntur
963 1787 1016 1846 sed
1030 1796 1061 1845 ut
1077 1788 1232 1847 beatissimi
1246 1805 1342 1847 amnes

322 1857 325 1869 ¹
420 1935 426 1943 ,
510 1871 584 1930 libus
605 1870 692 1931 lluunt
713 1887 747 1928 ac
770 1871 824 1929 sibi
847 1873 936 1946 viam,
958 1873 983 1930 si
1005 1871 1118 1949 quando
1143 1872 1359 1948 nouacceperit

509 1954 668 2033 Numquid
690 1953 739 2013 illa
764 1955 894 2013 miserius
917 1955 984 2032 lege
1012 1955 1091 2013 velut
1114 1955 1351 2032 praeformatas'
1343 1974 1359 2012 n

509 2040 619 2099 litteras
635 2040 877 2117 persequentium
872 2047 923 2112 ·‚et
938 2048 969 2097 ut
986 2037 1087 2098 Graeci
1105 2038 1202 2098 dicere
1218 2038 1323 2113 solent,
1341 2057 1359 2116 q

508 2132 554 2182 ter
574 2125 705 2184 amictum
735 2121 829 2197 dedit,
857 2084 982 2181 sollicite
1012 2122 1244 2183 custodientium:
1275 2139 1359 2200 prop(

467 2207 658 2271 arconclusio
676 2225 713 2318 ep
724 2206 998 2319 consequentibus
980 2214 1009 2264 et
1017 2203 1267 2318 repugnaptibus?
1286 2206 1350 2264 Non

598 2299 685 2318 ..AAAc
725 2289 948 2318 ..Λ..ἔ...11,.Ω....
1216 2287 1297 2319 ...ιθ
1321 2298 1351 2318 ..ι
