3184 4409
355 497 394 560 38
662 515 699 562 ιι.
712 515 790 562 nnn.
805 511 1024 572 optumumst

354 665 477 725 Pollioni
491 667 604 744 placet,
622 685 679 728 nec
690 661 842 748 plodicla,
858 668 936 745 atqui
950 664 1076 725 blessala
1092 665 1177 742 dixit,
1197 685 1253 726 nec
1267 684 1345 747 por-

354 751 535 826 ricidclum,
558 751 633 828 quod
651 754 678 811 in
696 752 795 813 Caelio
813 756 862 812 vix
882 750 1035 811 tolerabile
1056 749 1184 824 videtur,
1205 769 1262 810 nec
1283 753 1346 814 col-

355 834 400 895 los
419 832 485 892 mibi
505 832 611 894 Calvus
632 840 823 914 persuascrit;
847 853 921 914 quae
940 853 996 894 nec
1013 835 1068 912 ipsi
1083 836 1138 892 iam
1155 835 1295 894 dicerent.

313 916 348 997 43
438 918 578 996 Superest
599 920 685 995 igitur
706 920 951 987 consuetudo;
974 936 1036 977 nam
1057 918 1144 977 luerit
1164 935 1258 996 paene
1277 919 1346 978 ridi-

356 1002 450 1061 culum
464 1002 550 1062 malle
565 1020 743 1079 sermonem,
765 1021 823 1082 quo
838 1004 927 1064 locuti
946 1003 1002 1062 sint
1017 1001 1162 1078 homines,
1186 1019 1270 1081 quarn
1287 1020 1347 1080 quo

356 1085 517 1162 loquantur.
551 1085 588 1145 Et
609 1106 678 1147 sane
701 1089 767 1167 quid
789 1097 834 1147 est
856 1087 932 1146 aliud
945 1094 1031 1147 oclus
1044 1104 1143 1147 sermio
1157 1103 1239 1164 qnam
1260 1095 1347 1146 vetus

355 1170 491 1246 loquendi
513 1170 712 1232 consuetudo?
750 1173 808 1231 Sed
830 1171 896 1231 huic
915 1173 971 1250 ipsi
991 1171 1186 1229 necessarium
1208 1178 1254 1229 est
1274 1169 1346 1230 iudi-

356 1255 444 1329 cium,
468 1256 752 1335 constituendumque
774 1258 802 1315 in
823 1256 920 1333 primis
941 1257 969 1316 id
991 1257 1083 1332 ipsum
1103 1253 1170 1332 quid
1191 1256 1245 1329 sit,
1268 1253 1347 1333 quod

313 1335 589 1397 monsuetudinem
613 1357 760 1399 vocemus.
800 1339 881 1412 Quae
902 1339 926 1398 si
948 1356 985 1396 err
1007 1354 1059 1412 eo,
1083 1338 1160 1415 quod
1181 1336 1281 1415 plures
1303 1338 1346 1398 la-

355 1423 447 1496 rium,
467 1439 571 1480 nornen
589 1426 726 1502 accipiat,
751 1423 1025 1502 periculosissimum
1048 1421 1126 1480 dabit
1145 1431 1345 1500 praeceptum,

354 1522 411 1564 non
433 1507 554 1565 orationi
573 1507 658 1566 modo
677 1508 729 1567 sed
752 1507 846 1586 (quod
861 1507 950 1565 maius
970 1508 1029 1584 est)
1049 1507 1135 1565 vitae.
1167 1504 1250 1565 Unde
1267 1507 1347 1564 'enim

354 1598 460 1648 tantum
483 1588 566 1666 boni,
588 1598 620 1649 ut
640 1591 768 1669 pluribus
792 1608 866 1669 quae
888 1599 969 1650 recta
987 1598 1051 1648 sunt
1072 1586 1228 1667 placeant?
1254 1587 1347 1666 Igitur

355 1681 386 1732 ut
403 1672 473 1731 velli
495 1682 523 1731 et
544 1690 653 1734 comam
673 1677 700 1734 in
721 1675 827 1751 gradus
849 1675 984 1750 frangere
1007 1682 1036 1733 et
1056 1675 1085 1732 in
1105 1672 1216 1732 balneis
1237 1689 1346 1752 perpo-

354 1766 434 1832 tare,
457 1757 612 1834 quamlibet
627 1758 700 1819 haec
720 1761 876 1820 invaserint
895 1760 1054 1832 civitatem,
1075 1773 1133 1815 non
1148 1759 1203 1816 erit
1222 1773 1346 1816 consue·

355 1840 439 1914 tudo,
464 1842 529 1917 quia
549 1841 618 1901 nihil
633 1842 733 1902 borum
756 1852 835 1902 caret
855 1842 1096 1920 reprehensione;
1120 1849 1149 1900 at
1169 1840 1297 1901 lavamur
1319 1849 1347 1900 et

355 1924 505 1983 tondemur
526 1934 556 1984 et
577 1929 751 1986 convivimus
773 1945 811 1985 ex
834 1926 1054 1985 consuetudine:
1074 1927 1165 1984 sicin
1186 1924 1345 2002 loquendo,

356 2025 412 2066 non
439 2009 464 2066 si
487 2010 553 2087 quid
574 2012 680 2070 vitiose
702 2010 798 2071 multis
820 2010 974 2085 insederit,
1001 2026 1054 2088 pro
1075 2007 1177 2085 regula
1203 2009 1346 2068 sermonis

313 2093 551 2170 scacetptendum
571 2097 633 2154 erit.
664 2095 754 2172 Nam,
773 2103 805 2154 ut
823 2103 982 2170 transeam,
1004 2092 1239 2171 quemadmodum
1256 2092 1346 2169 vulgo

356 2178 479 2254 imperiti
500 2177 665 2256 loquantum
685 2189 745 2239 tota
768 2197 858 2256 saepe
880 2177 990 2237 tbeatra
1014 2186 1044 2237 et
1062 2193 1173 2235 omnem
1194 2177 1266 2236 circi
1287 2186 1344 2236 tur·

354 2260 420 2320 bam
438 2261 617 2324 exclamasse
638 2264 760 2324 barbare
782 2265 899 2322 scimus.
931 2261 1011 2338 Ergo
1030 2259 1266 2321 consuetudinem
1284 2276 1344 2319 ser·

355 2348 445 2404 monis
468 2347 581 2406 vocabo
598 2364 770 2408 consensum
785 2346 976 2423 eruditorum,
999 2347 1074 2405 sicut
1087 2343 1202 2404 vivendi
1222 2361 1344 2403 consen·

292 2447 296 2454 ’
355 2445 417 2486 sum
436 2428 585 2489 bonorum.

437 2593 500 2654 vll.
543 2594 642 2672 Nunc,
672 2598 804 2675 quoniam
823 2598 963 2673 diximus,
986 2599 1118 2675 quaesit
1139 2595 1276 2673 loquendi
1300 2614 1343 2655 re·

354 2678 437 2756 gula,
454 2679 613 2755 dicendum,
631 2699 704 2758 quae
721 2681 914 2741 scribentibus
930 2680 1133 2754 custodienda,
1148 2680 1226 2758 quod
1243 2679 1345 2740 Graeci

354 2757 561 2841 ὀρθογραφίαν
578 2774 699 2841 vocant,
725 2782 778 2824 nos
800 2775 908 2826 recte
934 2764 1124 2824 scribendi
1149 2765 1345 2824 scientiam

354 2848 539 2906 nominemus.
575 2846 662 2908 Cuius
678 2866 724 2909 ars
739 2867 796 2908 non
813 2852 842 2909 in
856 2849 913 2909 boc
929 2851 1023 2927 posita
1043 2857 1103 2923 est,
1121 2857 1152 2906 ut
1169 2849 1344 2921 noverimus,

356 2930 458 3007 quibus
473 2949 604 3008 quaeque
625 2933 736 3009 syllaba
752 2934 854 2993 litteris
872 2938 985 2992 constet
1004 2933 1083 3010 (narn
1098 2932 1126 2991 id
1144 2932 1259 3008 quidem
1272 2931 1346 2990 inira

354 3017 529 3090 grammatici
547 3016 671 3076 officium
689 3019 748 3095 est)
763 3018 815 3077 sed
829 3026 932 3092 totam,
951 3025 982 3076 ut
997 3034 1060 3075 mea
1079 3016 1136 3074 lert
1152 3017 1261 3093 opinio,
1279 3013 1345 3074 snb·

331 3097 486 3158 rtilitatem
508 3102 536 3159 in
562 3096 654 3160 dubiis
676 3101 773 3160 babet.
816 3101 856 3161 Ut
876 3102 972 3178 longis
994 3099 1114 3176 syllabis
1139 3099 1269 3158 omnibus
1297 3116 1345 3176 ap·

357 3198 466 3259 ponere
486 3187 597 3262 apicem
615 3187 820 3263 ineptissimum
839 3194 899 3260 est,
922 3186 987 3262 qnia
1007 3185 1145 3262 plurimae
1163 3192 1263 3243 natura
1283 3184 1347 3261 ipsa

356 3265 438 3325 verbi
460 3268 536 3344 quod
556 3269 689 3328 scribitur
710 3277 824 3346 patent:
854 3271 896 3328 sic
914 3270 1026 3327 interim
1049 3269 1261 3342 necessarium,
1283 3283 1347 3326 curn

357 3349 458 3409 eadem
479 3352 574 3411 littera
598 3353 683 3412 aliurn
704 3361 790 3430 atque
814 3351 898 3412 alium
919 3353 1114 3425 intellectum,
1137 3357 1222 3430 prout
1247 3367 1346 3409 corre·

356 3441 404 3510 pta
420 3434 468 3493 vel
485 3437 625 3513 producta
644 3445 705 3512 est,
725 3435 804 3511 lacit,
824 3444 865 3510 ut,
883 3438 983 3497 molus
999 3435 1132 3495 arborem
1151 3434 1295 3510 significet
1312 3451 1347 3492 an

331 3517 497 3577 3hominem
512 3537 569 3577 non
585 3519 704 3595 bonum,
725 3522 809 3598 apice
826 3520 1022 3595 distinguitur3
1042 3520 1136 3597 palos
1152 3517 1228 3577 aliud
1248 3519 1347 3595 priore

355 3601 466 3676 syllaba
486 3603 572 3679 longa
589 3603 664 3663 aliud
680 3605 812 3680 sequenti
830 3603 984 3678 significan
1008 3612 1116 3661 etcum
1132 3602 1232 3661 eudem
1250 3601 1347 3662 littera

354 3689 527 3746 nominativo
551 3704 619 3746 casu
641 3686 754 3762 brevis,
783 3686 908 3745 ablativo
936 3687 1104 3763 longeest,
1128 3695 1220 3745 utrum
1242 3701 1347 3764 seque·

326 3771 426 3847 emur,
447 3771 623 3851 plerumque
644 3771 698 3832 bac
719 3778 787 3830 nota
805 3770 939 3830 monendi
961 3789 1067 3830 sumus.
1107 3769 1245 3830 Similiter
1264 3778 1347 3848 puta·
