3184 4409
327 491 369 554 42
638 505 675 552 uu.
688 504 767 553 suo.
780 503 1002 564 suturarum

285 660 441 738 saingenia
464 659 576 720 concidi
599 667 629 718 et
650 659 801 718 comminui
824 658 923 719 credo.
956 659 1015 718 Sed
1036 657 1104 718 nihil
1126 675 1164 717 ex
1182 675 1324 735 gramma

327 747 384 804 tica
406 746 554 818 nocuerit,
577 744 632 802 uisi
654 742 731 821 quod
753 760 964 820 supervacuum
987 752 1041 802 est.
1080 742 1125 801 An
1146 743 1214 802 idco
1232 744 1326 802 minor

329 838 374 888 est
391 828 428 888 Μ.
449 828 558 887 Tullius
578 835 692 902 orator,
715 827 791 904 quod
810 827 884 886 idem
902 828 971 885 artis
989 826 1072 886 buius
1089 819 1325 903 diligentissimus

328 913 382 972 luit
403 922 432 971 et
453 913 481 970 in
501 910 561 971 filio
584 911 630 988 (ut
653 910 785 988 epistolis
808 912 945 990 apparet)
972 920 1053 970 recta
1076 909 1214 988 loquendi
1235 927 1325 988 asper

329 1014 446 1075 quoque
474 991 614 1054 exactor?
652 1003 700 1053 aut
725 997 782 1053 vim
806 992 838 1053 G.
863 993 998 1054 Caesaris
1020 995 1170 1071 fregerunt
1197 993 1266 1055 editi
1288 994 1325 1052 de

287 1090 321 1143 35
329 1080 460 1156 analogia
482 1077 568 1138 libri?
591 1079 723 1138 antideo
745 1081 836 1138 miuus
857 1078 983 1138 Messala
1006 1079 1126 1153 nitidus,
1149 1078 1215 1156 quia
1237 1095 1324 1155 quos·

329 1166 392 1225 dam
412 1173 489 1224 totos
511 1163 629 1223 libellos
654 1179 712 1220 uon
730 1163 828 1222 verbis
850 1162 935 1222 modo
957 1163 1078 1239 singulis
1100 1162 1258 1221 sedetiam
1279 1161 1324 1220 tit

328 1251 400 1308 teris
422 1245 520 1308 dedit‘l
551 1246 617 1306 Non
635 1247 749 1306 obstant
766 1246 821 1306 hae
842 1247 1013 1325 discipliuae
1035 1264 1089 1326 per
1107 1245 1173 1305 illas
1191 1245 1325 1324 euntibus

329 1333 382 1392 sed
402 1334 479 1393 circa
501 1331 567 1391 illas
588 1329 783 1390 haerentibus.
1248 1361 1251 1366 -

413 1497 498 1559 Vllls
536 1498 677 1575 Superest
703 1497 835 1573 lectio,
864 1499 892 1557 iu
920 1516 976 1577 qua
1004 1516 1077 1577 puer
1100 1506 1131 1556 ut
1158 1496 1248 1571 sciat,
1276 1494 1325 1554 ubi

330 1583 509 1662 suspendere
531 1583 665 1659 spiritum
682 1581 802 1657 debeat,
826 1598 883 1660 quo
908 1581 976 1642 loco
996 1600 1111 1642 versum
1134 1580 1324 1656 distinguere,

330 1668 379 1727 ubi
399 1666 546 1726 claudatur
567 1683 686 1742 sensus,
709 1666 784 1725 unde
804 1668 937 1744 incipiat,
961 1666 1074 1744 quaudo
1097 1663 1256 1725 attollenda
1276 1663 1325 1722 vel

331 1750 529 1811 summittenda
544 1752 581 1808 sit
597 1766 671 1826 von,
696 1750 776 1827 quid,
801 1767 916 1828 quoque
934 1751 1012 1811 flexu
1033 1749 1117 1829 quid,
1140 1747 1256 1823 lentius,
1277 1764 1325 1806 ce·

332 1837 438 1910 leuius,
470 1836 656 1908 concitatius,
683 1832 777 1892 lenius
805 1833 971 1894 dicendum:
999 1834 1199 1894 demonstrari«
1215 1832 1270 1890 nisi
1296 1832 1325 1890 in

305 1937 423 1999 sopore
440 1920 505 1996 ipso
523 1934 580 1977 non
597 1926 703 1995 potest.
736 1917 828 1977 Unum
844 1927 889 1977 est
905 1920 1008 1995 igitur,
1029 1917 1112 1996 quod
1124 1920 1152 1976 in
1171 1915 1226 1976 bac
1241 1924 1325 1994 parte

332 2005 521 2082 praecipiam:
556 2001 594 2061 Ut
621 2004 713 2061 omnia
740 2003 794 2060 ista
823 2001 922 2061 lacere
951 2004 1061 2080 possit,
1086 2001 1241 2076 intelligat.
1283 1999 1327 2058 sit

332 2097 426 2148 autem
448 2088 588 2165 inprimis
610 2086 697 2146 lectio
718 2086 809 2145 virilis
827 2095 938 2146 etcum
956 2088 1096 2145 suauitate
1116 2085 1239 2164 quadam
1259 2100 1326 2159 gra·

331 2174 392 2248 vis,
416 2181 445 2231 et
459 2189 516 2230 non
532 2171 645 2250 quidem
662 2187 767 2248 prosae
786 2171 903 2247 similis,
927 2172 993 2248 quia
1010 2178 1039 2229 et
1055 2187 1169 2229 carmen
1184 2175 1229 2227 est
1247 2176 1276 2227 et
1293 2184 1327 2224 se

332 2265 439 2336 poetae
467 2274 574 2315 canere
594 2264 748 2323 testantur;
778 2264 951 2314 nontamen
973 2256 1002 2314 iu
1025 2256 1164 2312 cauticum
1185 2250 1327 2311 dissoluta

332 2360 387 2400 nac
409 2340 549 2418 plasmate
571 2340 617 2417 (ut
639 2358 714 2398 nunc
732 2356 749 2398 a
771 2338 922 2416 plerisque
941 2339 987 2417 lit)
1011 2338 1186 2404 effeminata;
1210 2333 1327 2412 dequo

332 2441 442 2502 genere
460 2425 566 2501 optime
587 2420 620 2481 G.
640 2421 794 2483 Gaesarem
817 2431 1028 2499 praetextatum
1047 2421 1140 2481 adbuc
1156 2420 1327 2498 'accepimus

307 2509 455 2570 3dixisse:
487 2505 522 2566 Si
543 2514 666 2582 cantos,
686 2506 766 2566 mate
788 2515 918 2575 cantos,·
945 2507 974 2566 as'
993 2507 1085 2584 legis,
1108 2512 1226 2565 contos.
1265 2501 1329 2562 Nec

334 2591 584 2669 prosopopoeias,
612 2597 642 2647 ut
664 2589 832 2666 quibusdam
855 2589 969 2667 placet,
997 2591 1033 2649 ad
1055 2590 1195 2649 comicum
1215 2604 1328 2646 morem

335 2675 510 2753 pronuntiari
526 2672 629 2739 veiim;
649 2692 717 2732 esse
735 2681 828 2732 tanuen
849 2673 956 2733 flexum
971 2675 1129 2752 quendam,
1153 2688 1210 2749 quo
1229 2670 1328 2729 distin·

309 2766 455 2835 dguantur
475 2757 509 2816 ab
532 2759 583 2832 iis,
606 2760 633 2816 ln
650 2757 752 2835 quibus
767 2766 855 2835 poeta
871 2773 997 2835 persona
1016 2775 1068 2817 sua
1082 2765 1187 2815 utetur.
1222 2752 1329 2814 Cetera

264 2853 266 2857 ’
335 2843 527 2901 admonitione
553 2858 654 2918 magna
687 2849 789 2918 egent,
818 2843 846 2900 iu
875 2842 989 2920 primis,
1017 2850 1048 2900 ut
1075 2844 1194 2899 tenerae
1215 2847 1329 2898 mentes

335 2935 536 3003 tracturaeque
553 2925 654 3001 altius,
677 2924 813 3003 quidquid
834 2925 952 2985 rudibus
969 2933 999 2984 et
1017 2926 1140 2984 omnium
1159 2924 1268 2998 ignaris
1287 2924 1328 2982 in·

335 3009 461 3084 sederit,
483 3028 539 3069 non
555 3009 640 3068 modo
656 3027 730 3087 quae
746 3009 854 3070 diserta
873 3008 990 3069 sedvel
1007 3010 1099 3087 magis
1116 3025 1191 3086 quae
1205 3006 1329 3067 bouasta

336 3103 415 3170 sunt,
439 3095 558 3154 discant.
902 3125 904 3128 v

313 3192 329 3244 5
419 3177 548 3256 Ideoque
574 3178 679 3255 optime
707 3179 862 3236 institutum
885 3186 947 3252 est,
974 3184 1005 3235 ut
1032 3175 1068 3236 ab
1090 3175 1216 3248 Homero
1242 3183 1330 3252 atque

278 3291 280 3297 ·
336 3261 467 3338 Vergilio
486 3263 574 3322 lectio
589 3263 746 3339 inciperet,
770 3279 930 3340 quanquam
947 3260 982 3320 ad
1003 3259 1207 3337 intelligendas
1229 3275 1330 3319 eoruru

336 3346 457 3404 virtutes
485 3347 609 3405 firmiore
631 3347 736 3407 iudicio
765 3362 839 3424 opus
861 3353 921 3412 est;
951 3345 1003 3404 sed
1029 3344 1098 3404 huic
1122 3345 1165 3402 rei
1194 3351 1331 3420 superest

337 3437 466 3505 tempus,
488 3448 584 3507 neque
601 3431 674 3488 euim
691 3429 782 3488 semel
799 3429 941 3506 legentur.
976 3427 1091 3488 Interim
1110 3436 1139 3486 et
1155 3424 1331 3486 sublimitate

337 3513 448 3572 heroici
472 3515 603 3572 carminis
625 3514 732 3573 animus
759 3522 892 3589 assurgat
913 3521 943 3571 et
964 3530 1002 3571 ex
1022 3509 1215 3587 magnitudine
1234 3524 1349 3568 rerum*

314 3599 467 3676 6spiritum
483 3598 567 3656 ducat
585 3605 614 3655 et
633 3599 745 3674 optimis
760 3595 909 3655 imbuatur.
941 3595 1034 3655 Utiles
1052 3593 1237 3672 tragoediae,
1254 3593 1332 3653 alunt

339 3690 368 3740 et
385 3681 481 3756 lyrici;
505 3683 529 3739 si
546 3682 683 3739 tamenin
699 3679 743 3738 bis
761 3696 818 3737 non
835 3689 968 3738 auctores
987 3681 1072 3739 modo
1093 3679 1146 3738 sed
1164 3679 1249 3737 etiam
1267 3694 1331 3756 par·

337 3775 383 3824 tes
405 3766 502 3845 operis
525 3765 670 3844 elegeris,
692 3781 757 3824 nam
775 3772 804 3823 ct
823 3762 925 3824 Graeci
947 3764 1069 3825 licenter
1083 3762 1172 3822 multa
1192 3770 1223 3821 et
1240 3760 1331 3821 blora·
