3184 4409
578 405 669 456 nvsr.
681 405 830 454 carros.
843 405 911 454 ona.
923 407 975 476 vr,
987 405 1013 458 1.
1231 395 1293 458 255

292 561 374 624 xime
392 560 422 620 in
436 558 492 623 bac
510 571 593 640 parte
609 560 696 622 debet
711 578 847 620 crescere
867 563 975 629 oratio:
994 563 1074 640 quia,
1088 562 1223 641 quidquid
1237 581 1296 623 non

296 647 396 708 adiicit
411 645 574 724 prioribus,
597 647 682 704 etiam
706 643 859 705 detrahere
880 646 1011 722 videtur,
1035 649 1065 705 el
1083 647 1170 707 facile
1196 649 1294 720 deficit

298 730 440 805 allectus,
462 732 511 808 qui
532 729 691 789 descendit.
803 733 806 739 ’
1275 793 1278 799 ,

381 812 449 872 Non
467 814 561 873 solum
575 823 669 872 autem
691 813 813 872 dicendo
829 813 881 873 sed
903 814 987 873 etiam
1010 813 1184 874 iaciendo
1206 826 1337 892 quae-30

300 896 362 960 dam
377 898 512 957 lacrimas
528 915 691 972 movemus,
711 897 832 956 undeet
854 897 1016 974 producere
1037 899 1132 974 ipsos,
1152 900 1200 975 qui
1218 901 1293 976 peri·

301 983 450 1056 clitenlur,
478 982 625 1059 squalidos
654 989 740 1058 atque
770 981 915 1040 deformes
944 990 972 1039 et
999 981 1108 1040 liberos
1135 998 1234 1039 eorum
1260 1001 1295 1043 ac

300 1074 436 1144 parentes
456 1066 630 1139 institutum,
655 1073 684 1122 ct
704 1065 739 1123 ab
762 1064 979 1123 accusatoribus
1000 1074 1147 1124 cruentum
1168 1065 1294 1140 gladium

301 1149 414 1209 ostendi
428 1158 458 1208 et
473 1149 549 1208 lecta
565 1167 581 1207 e
594 1148 760 1207 vulneribus
778 1166 845 1207 ossa
857 1158 886 1207 et
898 1158 997 1207 vestes
1009 1150 1147 1224 sanguine
1159 1149 1294 1225 perfusas

298 1234 445 1308 videmus,
474 1241 503 1291 et
529 1234 648 1292 vulnera
680 1232 805 1306 resolvi,
839 1231 992 1291 verberata
1022 1249 1147 1310 corpora
1182 1232 1292 1292 nudari.

299 1315 426 1390 Quarum
439 1334 535 1375 rerum
551 1318 653 1393 ingens
676 1317 846 1393 plerumque
864 1318 908 1374 vis
924 1325 969 1375 est
988 1316 1068 1374 velut
1083 1319 1110 1375 in
1129 1334 1189 1375 rem
1210 1326 1334 1392 prae-31

298 1409 411 1460 sentem
436 1402 544 1459 animos
562 1401 705 1459 hominum
725 1401 904 1475 ducentium,
930 1410 961 1459 ut
977 1400 1115 1478 populum
1136 1399 1294 1458 Romanum

298 1487 360 1561 egit
385 1486 414 1543 in
439 1484 567 1543 lurorem
593 1493 743 1563 praetexta
772 1482 804 1542 0.
833 1481 967 1542 Caesaris
991 1483 1120 1562 praelata
1142 1485 1171 1542 in
1192 1483 1294 1542 funere

298 1577 444 1628 cruenta·
473 1568 624 1628 Sciebatur
637 1568 819 1627 interfectum
840 1586 919 1642 eum,
943 1586 1048 1646 corpus
1064 1568 1187 1644 denique
1201 1569 1294 1646 ipsum

297 1653 462 1731 impositum
481 1652 559 1711 lecto
578 1660 655 1726 erat,
680 1661 709 1710 at
728 1654 818 1711 vestis
835 1661 928 1710 tamen
948 1652 998 1711 illa
1018 1653 1155 1727 sanguine
1176 1651 1294 1711 madens

296 1739 338 1796 ita
358 1736 587 1814 repraesentavit
607 1737 758 1812 imaginem
783 1736 922 1810 sceleris,
947 1745 977 1794 ut
1002 1753 1059 1794 non
1086 1737 1200 1794 occisus
1226 1753 1294 1795 esse

298 1816 410 1879 Caesar
426 1822 547 1879 sedtum
560 1822 680 1878 maxime
692 1819 786 1878 occidi
801 1820 957 1878 videretur.
1002 1819 1060 1879 Sed
1074 1837 1131 1878 non
1145 1820 1210 1879 ideo
1227 1828 1336 1898 pro-32

297 1903 443 1979 baverim,
464 1904 541 1981 quod
554 1903 660 1962 lactum
679 1912 708 1962 et
722 1903 791 1978 lego
812 1906 919 1981 etipse
940 1903 1093 1980 aliquando
1114 1903 1186 1977 vidi,
1213 1903 1293 1980 depi-

299 1996 375 2050 ctam
392 1987 488 2048 tabula
504 2005 589 2067 supra
604 1987 707 2046 Jovem
722 1988 874 2063 imaginem
893 1987 951 2061 rei,
977 1988 1056 2045 cuius
1079 1989 1231 2046 atrocitate
1252 1988 1293 2045 iu·

298 2073 356 2133 dex
374 2081 437 2132 erat
452 2072 683 2132 commovendus.
729 2069 810 2142 Quae
828 2072 902 2129 enim
919 2079 963 2128 est
975 2072 1082 2130 actoris
1097 2071 1229 2144 infantia,
1245 2071 1293 2147 qui

296 2165 403 2216 mutam
423 2157 500 2216 illam
523 2156 649 2232 elfigiem
671 2155 762 2231 magis
783 2172 867 2231 quam
892 2155 1050 2213 orationem
1076 2145 1129 2231 pr'o
1156 2171 1188 2211 se
1212 2162 1294 2231 putet

297 2237 480 2300 locuturam?
522 2240 561 2299 m
602 2238 705 2297 sordes
738 2245 777 2296 et*
807 2238 974 2316 squalorem
1006 2247 1036 2297 et
1069 2237 1336 2315 propinquorum33

299 2341 416 2403 quoque
430 2324 551 2383 similem
566 2322 692 2382 habitum
708 2323 769 2380 scio
785 2322 948 2400 profuisse,
966 2329 994 2381 et
1013 2339 1145 2397 magnum
1168 2323 1203 2383 ad
1218 2321 1293 2380 salu·

297 2417 357 2467 tem
376 2417 548 2467 momentum
569 2425 674 2485 preces
696 2406 837 2465 attulisse.
883 2405 979 2478 Quare
1003 2415 1032 2464 et
1053 2405 1218 2464 obsecratio
1243 2404 1293 2464 illa

297 2493 423 2552 iudicum
440 2510 494 2570 per
510 2493 656 2551 carissima
673 2492 811 2569 pignora,
834 2491 933 2566 ntique
954 2491 978 2549 si
994 2498 1023 2548 et
1042 2506 1094 2548 reo
1116 2497 1180 2547 sunt
1197 2488 1292 2563 liberi,

299 2578 423 2650 coniux,
439 2585 592 2654 parentes,
608 2575 684 2633 utilis
701 2575 769 2640 erit3
793 2583 822 2632 et
836 2575 955 2634 deorum
972 2574 1057 2632 etiam
1083 2574 1226 2631 invocatio
1241 2591 1291 2641 vc·

298 2659 340 2720 lot
357 2678 395 2719 ex
412 2658 487 2719 bona
500 2660 675 2718 conscientia
688 2657 823 2735 proiecta
843 2658 936 2717 videri
957 2657 1049 2726 solet;
1073 2667 1191 2716 stratum
1214 2657 1335 2720 deni-34

299 2761 357 2822 que
371 2746 469 2803 iacere
489 2751 518 2802 ct
532 2760 627 2819 genua
646 2742 816 2821 complecti,
834 2743 927 2800 nisisi
947 2751 1042 2801 tamen
1055 2757 1179 2818 persona
1192 2757 1246 2799 nos
1263 2748 1293 2799 ct

299 2836 431 2887 anteacta
457 2829 571 2887 vita-et
596 2827 639 2885 rei
665 2826 797 2885 condicio
824 2824 998 2903 prohibebit.
1043 2825 1189 2899 Quaedam
1218 2825 1293 2882 enirn

299 2920 361 2971 tam·
371 2911 486 2971 fortiter
500 2910 604 2970 tuenda
620 2910 793 2987 quemfacta
808 2918 882 2968 sunt.
899 2945 901 2949 ,
925 2908 1033 2968 Verum
1044 2910 1087 2968 sic
1102 2907 1233 2968 habenda
1248 2915 1293 2965 est

299 2997 578 3069 auctoritatisratio,
594 3013 629 3052 ne
642 2995 679 3053 sit
693 2995 784 3054 invisa
801 2994 969 3069 securitas..
984 2991 1049 3052 Fuit
1064 2991 1205 3070 quondam
1220 2992 1334 3056 interea

299 3078 488 3139 haecomnia
512 3079 757 3156 potentissimum,
781 3075 889 3154 quob.
912 3075 1058 3135 Murenam
1076 3073 1181 3134 Cicero
1208 3093 1292 3135 accu-

298 3162 428 3223 santibus
450 3163 615 3223 clarissimis
637 3163 706 3221 viris
725 3162 867 3238 eripuisse
889 3161 1047 3240 praecipue
1074 3160 1202 3235 videtur,
1226 3177 1292 3237 per-

268 3265 274 3275 ·
298 3249 464 3326 suasitque,
489 3246 558 3305 nihil
580 3264 647 3305 esse
673 3245 708 3304 ad
735 3254 918 3323 praesentem
944 3264 1040 3305 rerum
1065 3253 1168 3304 statum
1196 3243 1293 3303 utilius

299 3349 384 3409 quam
399 3332 492 3410 pridie
514 3327 655 3392 Calendas
676 3329 822 3389 lanuarias
842 3331 955 3406 digredi
977 3329 1163 3388 consulatum.
1208 3326 1293 3401 Quod

297 3433 392 3493 genus
414 3416 520 3473 nostris
542 3412 720 3492 temporibus
741 3422 831 3473 totum
854 3431 947 3491 paene
973 3413 1114 3472 sublatum
1139 3420 1202 3488 est,
1221 3423 1293 3470 ‘cum

275 3497 278 3506 '
298 3501 394 3560 omnia
410 3516 497 3558 curae
512 3499 679 3578 tutelaeque
695 3501 777 3558 unius
798 3499 893 3558 innixa
915 3497 1074 3576 periclitari
1093 3495 1172 3557 nullo
1196 3494 1293 3556 indicii

298 3583 379 3644 exitu
396 3584 517 3661 possint.
623 3629 625 3633 .
1205 3594 1209 3607 ¹

383 3666 428 3727 De
444 3660 660 3728 accusatoribus
678 3675 708 3727 et
723 3668 781 3727 reis
795 3684 858 3726 sum
872 3665 1004 3746 locutus,
1026 3665 1092 3744 quia
1111 3665 1139 3724 in
1155 3657 1335 3743 periculoso
