3184 4409
592 459 1006 533 rusu.oasnoa.n1utx,5.
1243 455 1302 516 179

246 659 273 718 a,
303 637 412 696 augere
428 637 527 697 parva,
545 620 713 679 varietatem
725 619 875 697 similibus,
887 621 1064 699 voluptutem
1080 623 1221 700 expositis
1234 623 1304 684 dare

246 704 272 804 ’,ι’
304 713 332 762 et
349 702 424 762 bene
440 703 538 762 dicere
552 702 640 763 multa
656 704 692 763 de
707 705 817 782 paucis.

387 786 418 847 ln
432 786 489 845 hoc
508 788 613 863 optime
633 785 926 847 facientinfiuitae
944 789 1206 865 quaestiones,
1231 808 1302 869 quas

246 930 269 973 a
301 872 401 930 vocari
413 870 509 939 θέσεις
520 870 651 944 diximus,
660 870 762 949 quibus
775 869 880 929 Cicero
893 873 946 930 iarn
958 873 1093 949 princeps
1106 873 1133 928 in
1145 891 1176 931 re
1187 873 1303 950 publica

246 991 270 1057 :p
303 955 436 1017 exercui
454 952 578 1013 solebat.
608 952 658 1012 His
675 954 794 1012 confinis
812 963 857 1012 est
876 954 1092 1014 destructio
1109 964 1142 1013 et
1158 958 1342 1020 confir-12

246 1064 269 1141 Ι
300 1039 409 1097 matio
430 1037 712 1096 sententiarum.
751 1036 823 1097 Nam
847 1056 909 1096 cunr
931 1039 968 1097 sit
992 1040 1133 1097 sententia
1154 1040 1303 1100 decretum

246 1186 263 1225 Ι
303 1121 445 1200 quoddam
463 1129 549 1199 atque
565 1129 768 1198 praeceptum:
790 1120 868 1198 quod
887 1122 971 1182 dere
994 1122 1069 1181 idem
1086 1122 1122 1181 de
1138 1122 1243 1183 iudicio
1260 1126 1303 1182 rei

259 1214 267 1302 ξ’
303 1206 402 1282 quaeri
418 1213 525 1282 potest.
555 1203 625 1263 Tum
641 1203 718 1264 loci
739 1222 962 1279 communes,
985 1222 1057 1282 quos
1074 1207 1159 1264 etiam
1177 1208 1303 1293 scriptos

301 1289 337 1347 ab
354 1288 516 1347 oratoribus
532 1289 647 1346 scimus.
678 1286 751 1347 Nam
767 1289 815 1366 qui
829 1288 902 1348 haec
919 1298 998 1347 recta
1011 1298 1116 1348 tantum
1129 1297 1157 1348 et
1167 1291 1195 1348 iu
1205 1290 1303 1349 nullos

246 1349 263 1392 ¹⁸
301 1373 396 1431 flexus
412 1372 578 1431 recedentia
601 1372 723 1449 copiose
744 1373 925 1447 tractaverit,
948 1374 1046 1449 utique
1069 1375 1097 1431 in
1120 1372 1177 1432 illis
1202 1373 1303 1452 plures

246 1436 258 1539 Ἀ
302 1473 443 1514 excursus
458 1455 663 1533 recipientibus
679 1456 768 1532 magis
782 1455 935 1515 abundabit
953 1459 1064 1532 eritque
1077 1458 1104 1514 in
1119 1473 1218 1516 omnes
1236 1475 1302 1516 cau·

246 1520 253 1613 ⁴,
301 1557 349 1598 sas
361 1548 487 1617 paratus.
517 1536 622 1597 Omnes
638 1541 711 1599 enim
726 1538 912 1615 generalibus
930 1540 1146 1617 quaestionibus
1162 1550 1303 1601 constant.
1311 1551 1345 1605 13

246 1614 252 1720 ξ
300 1623 373 1700 Nam
389 1622 455 1699 quid
472 1624 601 1698 interest,
622 1621 779 1684 Cornelias
794 1624 1046 1702 tribunusplebis
1064 1626 1146 1702 qnod
1165 1605 1303 1686 abdicem

299 1708 418 1783 deperit,
434 1724 500 1764 reus
513 1708 564 1773 sit;
584 1723 619 1764 an
631 1724 817 1783 quaeramus:
838 1704 1009 1768 Violetnrne
1023 1710 1181 1785 maiestas,
1196 1711 1225 1769 ri
1237 1728 1303 1770 ma-

298 1792 447 1870 qistratns
466 1791 652 1868 roqationenc
674 1809 762 1850 snam
782 1792 895 1868 populo
914 1793 981 1869 ipse
1000 1794 1200 1855 recitaverit?
1230 1791 1303 1854 tttto

303 1870 441 1934 Clodiam
455 1882 577 1934 rectene
599 1875 763 1947 acciderit,
785 1875 882 1935 veniat
901 1876 928 1933 in
944 1876 1092 1944 iudicium;
1109 1895 1154 1953 an,
1173 1874 1301 1956 Oporte-

300 1966 373 2018 atne
398 1959 607 2018 insidiatorem
632 1957 764 2035 interfici
787 1958 837 2017 cel
862 1959 1068 2036 perniciosam
1092 1963 1139 2020 rei
1156 1963 1302 2038 publicae

301 2044 414 2116 ciuem,
434 2043 552 2102 etiamsi
572 2060 632 2102 nan
655 2041 838 2101 insidietur?
858 2038 948 2102 'Cato
969 2039 1121 2104 Marciam
1141 2045 1302 2104 boncetena

300 2125 466 2186 tradiderit
480 2123 662 2192 Hortensia·
681 2142 726 2198 au,
751 2121 956 2186 Conveniatne
970 2143 1022 2185 res
1040 2126 1112 2186 talis
1127 2127 1202 2187 dano
1213 2127 1302 2188 ciro?

301 2208 346 2268 De
369 2211 501 2286 personis
523 2209 664 2267 iudicatur
691 2207 743 2266 sed
770 2206 918 2267 derebus
940 2208 1129 2267 contenditur.
1168 2208 1342 2272 uecta-14

299 2294 479 2351 motiones
505 2309 594 2366 vero,
628 2291 728 2369 quales
751 2292 780 2350 in
803 2290 912 2350 scholis
939 2291 1086 2351 rhetorum
1107 2291 1253 2368 dicuntur,
1276 2293 1302 2352 si

301 2375 387 2436 modo
404 2385 467 2434 sunt
483 2376 518 2435 ad
533 2376 684 2434 veritatem
699 2375 932 2434 accommodatae
944 2382 973 2432 et
988 2374 1164 2435 orationibus
1180 2376 1301 2451 similes,

301 2477 358 2518 non
373 2469 479 2519 tantum
497 2459 562 2518 dum
577 2459 720 2519 adolescit
741 2459 851 2516 iuvenis
873 2467 937 2516 sunt
953 2459 1139 2534 utilissimae,
1164 2478 1237 2539 quae
1259 2462 1300 2519 iu·

300 2545 463 2602 ventionem
482 2552 510 2602 et
524 2544 742 2621 dispositionem
761 2544 870 2618 pariter
884 2551 1039 2618 exercent,
1062 2542 1114 2601 sed
1137 2545 1221 2604 etiam
1239 2561 1303 2603 cum

302 2637 347 2686 est
365 2635 575 2686 consummatus
597 2643 632 2685 ac
653 2628 708 2685 iam
730 2626 758 2682 in
774 2625 840 2684 foro
858 2624 962 2684 clarus.
1002 2625 1097 2685 Alitur
1118 2626 1192 2706 eniru
1211 2636 1299 2705 atque

302 2713 445 2786 enitescit,
460 2710 540 2769 velut
556 2709 662 2787 pabulo
677 2709 800 2768 laetiore
816 2707 948 2768 facundia
964 2717 993 2768 et
1008 2709 1122 2769 assidua
1138 2713 1300 2770 contentio·

301 2814 366 2853 num
384 2796 539 2872 asperitate
561 2794 680 2870 fatigata
701 2800 867 2851 renovatur.
905 2791 1090 2871 Quapropter
1108 2793 1343 2855 historiae15

301 2896 500 2956 nonnunquam
516 2877 632 2937 ubertas
653 2879 681 2936 in
701 2875 794 2955 aliqua
817 2877 974 2937 exercendi
991 2877 1048 2936 stili
1068 2887 1150 2955 parte
1167 2877 1300 2956 ponenda

302 2971 331 3020 et
346 2960 582 3038 dialogorum
593 2960 726 3020 libertate
738 2960 928 3037 gestiendum.
940 2997 942 3000 f
953 2959 997 3021 Ne
1010 2963 1171 3022 carmine
1186 2961 1301 3039 quidem

303 3043 402 3105 ludere
424 3047 596 3104 contrarium
616 3045 715 3111 fuerit;
734 3045 808 3103 sicut
825 3043 967 3120 athletae,
987 3045 1108 3105 remissa
1132 3043 1300 3122 quibusdam

301 3128 479 3205 temporibus
496 3128 623 3188 ciborum
640 3138 727 3207 atquc
749 3128 988 3188 exercitationum
1008 3137 1088 3189 certa
1108 3129 1300 3202 necessitate,

302 3213 361 3269 otio
379 3220 408 3270 et
428 3210 640 3272 iucundioribus
658 3211 762 3271 eduliis
779 3209 953 3271 reficiuntur.
992 3211 1121 3289 Ideoque
1141 3211 1208 3271 mibi
1222 3210 1342 3272 uide-16

302 3306 347 3353 tur
364 3293 401 3354 Μ.
421 3293 530 3354 Tullius
553 3303 659 3355 tantum
684 3293 816 3354 intulisse
838 3293 1023 3372 eloquentiae
1039 3295 1149 3370 lumen,
1173 3295 1250 3373 quod
1272 3295 1301 3353 in

301 3379 354 3437 hos
371 3395 486 3456 quoque
501 3379 659 3438 studiorum
679 3395 816 3438 secessus
832 3379 981 3437 excurrit*
1002 3377 1074 3437 Nam
1095 3380 1120 3438 si
1137 3377 1220 3438 nobis
1237 3378 1300 3439 sola

302 3464 420 3521 materia
436 3461 523 3520 fuerit
543 3478 580 3521 ex
595 3462 709 3522 litibus:
726 3479 852 3522 necesse
869 3471 914 3521 est
929 3462 1076 3522 deteratur
1090 3462 1188 3539 fulgor
1203 3471 1233 3522 et
1249 3462 1299 3522 du·

300 3555 398 3606 rescat
420 3544 557 3605 articulus
583 3554 612 3606 et
635 3548 699 3626 ipse
720 3545 771 3606 ille
793 3562 893 3606 mucro
916 3546 1023 3623 ingenii
1044 3546 1185 3606 cotidiana
1204 3562 1300 3624 pugna

301 3629 475 3689 retundatur.

286 3767 293 3785 ,
371 3713 446 3794 ¹Sed
469 3713 706 3792 quemadmodum
729 3712 894 3774 forensibus
909 3712 1302 3840 certaminibqsqqxercitetos
1311 3717 1342 3773 17
