3184 4409
576 491 668 545 mou
677 495 826 546 ouurou.
838 495 907 545 mn.
919 496 965 563 rr,
977 492 1003 545 5.
1038 527 1042 538 .
1229 482 1286 558 189

292 650 396 729 Neque
412 652 491 712 illum
505 660 598 711 tamen
613 652 757 722 ordinem,
775 650 811 711 de
827 668 885 729 quo
900 653 979 729 prius
993 651 1067 728 dixi,
1084 650 1286 720 damnaverim
1298 661 1329 716 16

294 737 360 814 quia
376 736 529 813 quaedam,
552 737 669 795 etiamsi
680 738 743 813 ipsa
758 744 822 793 sunt
835 736 921 809 dura,
938 737 965 793 in
981 734 1008 793 id
1025 745 1119 794 tamen
1132 736 1239 810 valent,
1256 734 1288 794 ut

295 839 330 878 ea
350 819 496 894 molliant,
520 838 592 897 quae
613 818 780 896 sequuntur.
810 818 872 878 Neo
888 819 1000 878 omnino
1018 821 1080 877 sine
1098 823 1209 880 ratione
1230 829 1285 895 est,

294 904 372 980 quod
389 904 476 980 uulgo
494 902 612 963 dicitur:
638 902 779 982 Iniquum
795 904 970 978 petendum,
991 911 1025 963 ut
1045 920 1176 980 aequum
1188 907 1284 984 [erae.

294 987 379 1060 Quod
395 996 489 1047 tamen
504 1004 587 1046 nemo
603 989 645 1047 sic
666 989 804 1065 accipiat,
826 995 855 1046 ut
880 988 972 1047 omnia
994 986 1093 1045 credat
1117 987 1284 1047 audendum.
1296 995 1328 1052 17

294 1070 387 1129 Recte
404 1073 477 1130 enim
492 1071 593 1131 Graeci
608 1073 797 1149 praecipiunt,
816 1069 885 1132 Non
896 1072 1084 1149 temptanda,
1107 1088 1186 1148 quoe
1207 1072 1288 1151 effici

294 1157 415 1215 omniuo
433 1175 492 1216 uon
511 1157 637 1234 possiet.
673 1154 732 1215 Sed
746 1157 880 1232 quotiens
895 1154 959 1230 bac,
977 1154 1012 1213 de
1030 1172 1085 1232 qua
1103 1153 1218 1230 loquor,
1237 1154 1286 1214 du·

295 1239 364 1316 plici
379 1239 548 1298 defensione
569 1247 695 1299 utemur:
715 1238 744 1298 id
757 1238 944 1298 laborandum
963 1248 1022 1314 est,
1044 1240 1115 1297 utin
1129 1237 1207 1297 illam
1221 1256 1286 1315 par·

294 1332 352 1381 tem
367 1332 536 1400 sequentem
556 1322 627 1382 tides
646 1342 682 1382 ex
696 1324 794 1401 priore
812 1324 939 1383 ducatur.
975 1323 1075 1382 Potest
1096 1323 1170 1381 enim
1183 1320 1308 1399 videri]

296 1408 343 1484 qui
359 1415 420 1466 tuto
437 1409 520 1466 etiam
533 1407 718 1467 confessurus
735 1406 798 1484 fuit,
814 1406 967 1466 mentiendi
984 1424 1097 1466 oausam
1114 1407 1141 1465 in
1154 1405 1286 1483 negando

295 1490 484 1550 nonhabere.

378 1573 415 1633 Et
431 1574 500 1634 illud
515 1575 613 1651 utique
628 1572 789 1634 faciendum
802 1583 856 1649 est,
877 1583 917 1650 ut,
932 1575 1066 1652 quotiens
1081 1572 1330 1652 suspicabimurre

295 1657 380 1717 iudici
397 1658 479 1717 aliam
498 1658 697 1736 probationem
716 1658 890 1733 desiderari,
908 1658 1042 1736 quamde
1061 1675 1116 1735 qua
1134 1658 1286 1736 loquimur,

295 1743 491 1819 promittamus
515 1759 568 1801 uos
590 1742 676 1820 plene
700 1751 728 1800 et
748 1745 843 1801 statim
862 1742 898 1801 de
920 1759 956 1800 eo
977 1744 1045 1801 satis
1062 1760 1129 1801 esse
1143 1743 1286 1806 facturos;

296 1828 511 1903 praecipueque
530 1828 556 1885 'si
578 1827 615 1885 de
639 1825 749 1903 pudore
766 1828 869 1902 agitur.
911 1824 1091 1902 Frequenter
1104 1836 1198 1886 autem
1213 1826 1329 1885 acci-19

297 1911 347 1983 dit,
365 1918 395 1967 ut
411 1928 496 1970 causa
515 1927 613 1987 parum
628 1909 792 1969 verecunda
810 1911 871 1968 iure
889 1917 947 1968 tuta
963 1911 1013 1977 sit;
1032 1910 1068 1969 de
1084 1927 1141 1988 quo
1157 1928 1194 1968 ne
1210 1910 1287 1969 inviti

295 1993 405 2052 iudices
417 1993 529 2053 audiant
543 2002 571 2051 et
586 1993 710 2068 adversi,
727 1994 906 2070 frequentius
924 2002 987 2051 suut
1003 1993 1182 2068 admonendi,
1198 2012 1286 2054 secta-

296 2086 395 2138 turum
411 2079 615 2156 defensionem
626 2078 791 2155 probitatis
803 2085 831 2137 et
848 2079 1023 2154 diqnitotie;
1039 2085 1198 2156 expectent
1206 2095 1287 2154 puat-

295 2163 355 2222 lum
377 2169 406 2222 et
426 2163 478 2238 api
499 2162 607 2222 ordine
627 2162 736 2222 uacat.
774 2159 921 2232 Quaedam
939 2160 1054 2219 interim
1074 2177 1127 2221 nos
1147 2161 1241 2219 invitis
1257 2159 1331 2219 li-to

296 2244 466 2321 tigatoribus
484 2243 671 2304 simulandum
687 2253 731 2303 est
745 2245 855 2319 dicere,
871 2244 947 2322 quod
964 2243 1068 2303 Cicero
1085 2261 1138 2322 pro
1156 2242 1288 2303 Cluentio

295 2329 364 2388 facit
385 2332 461 2389 cirea
476 2329 650 2388 iudiciariam
665 2327 775 2404 legem;
794 2345 1009 2405 nonuunquam,
1026 2330 1107 2405 quasi
1122 2325 1288 2406 interpelle·
1320 2348 1323 2353 ·

296 2431 357 2470 mur
378 2412 413 2471 ab
436 2413 497 2487 his,
527 2412 700 2481 subsistere;
728 2429 819 2489 saepe
847 2412 1002 2472 avertenda
1022 2413 1057 2471 ad
1079 2413 1159 2490 ipsos
1182 2412 1288 2477 oratio;

296 2497 442 2571 hortandi,
468 2505 498 2555 ut
517 2498 609 2556 sinant
629 2513 681 2555 nos
703 2498 742 2554 uti
765 2505 866 2555 nostro
888 2497 1019 2555 oonsilio.
1055 2494 1097 2555 lta
1122 2503 1290 2576 surrepetur

297 2583 389 2639 animo
405 2580 522 2654 iudicis,
542 2590 585 2657 et,
602 2580 666 2639 dum
682 2589 780 2659 sperat
795 2580 994 2659 probationem
1011 2579 1144 2658 pudoris,
1160 2580 1288 2658 asperio-

296 2664 375 2722 ribus
397 2664 454 2723 illis
478 2666 568 2722 minus
591 2663 773 2743 repugnabit.
816 2664 898 2737 Quae
926 2683 989 2724 oum
1014 2665 1176 2742 receperit,
1206 2665 1331 2723 etiamtl

297 2748 489 2807 verecundiae
503 2747 662 2807 defensioni
677 2749 792 2807 facilior
807 2751 870 2807 erit.
907 2750 956 2808 Sic
970 2758 1090 2826 utraque
1105 2766 1153 2806 res
1168 2750 1289 2808 invicem

297 2832 422 2908 iuuabit,
444 2833 554 2909 eritque
575 2832 662 2890 iudex
687 2834 829 2892 circulus
853 2842 981 2892 nostrum
1004 2851 1057 2910 spe
1072 2832 1233 2891 modestiae
1248 2839 1288 2889 at·

297 2918 418 2989 teutior,
437 2917 513 2974 circa
528 2915 695 2975 modestiam
710 2917 779 2974 iuris
794 2916 965 2996 probatione
981 2916 1148 2994 proclivior.

381 2999 439 3059 Sed
463 3008 493 3057 ut
515 3017 571 3058 non
591 3017 707 3077 semper
728 3002 894 3059 necessaria
913 3009 961 3059 aut
978 2999 1054 3059 utilis
1070 3002 1155 3058 etiam
1175 2999 1289 3077 partitio
1298 3006 1332 3058 22

298 3092 357 3142 est:
376 3084 414 3142 ita
430 3093 592 3161 opportune
608 3081 732 3142 adbibita
748 3082 898 3162 plurimum
914 3086 1035 3144 orationi
1048 3083 1120 3142 lucis
1136 3092 1165 3141 et
1179 3083 1290 3158 gratiae

298 3167 421 3226 confert.
454 3166 557 3244 Neque
574 3168 647 3225 enim
661 3166 755 3225 solum
769 3167 797 3227 id
814 3168 918 3243 efficit,
938 3177 968 3226 ut
984 3168 1108 3226 clariora
1122 3165 1199 3241 fiant,
1215 3183 1290 3243 quae

297 3252 439 3326 dicuntur,
455 3251 542 3310 rebus
557 3250 637 3310 velut
653 3249 787 3310 exturba
804 3253 940 3311 extractis
956 3260 985 3308 et
1002 3253 1031 3310 iu
1045 3258 1203 3328 conspeetu
1219 3249 1290 3308 iudi-

298 3353 361 3392 cum
377 3336 493 3413 positis;
517 3335 569 3394 sed
589 3334 682 3394 reficit
704 3351 819 3412 quoque
840 3336 1002 3394 audientem
1020 3343 1100 3393 certo
1116 3334 1291 3410 singularum

297 3420 418 3496 partium
433 3419 506 3494 fune,
528 3436 585 3477 uon
598 3418 683 3478 aliter
704 3435 787 3495 quam
810 3418 980 3478 facientibus
994 3420 1049 3477 iter
1062 3418 1179 3477 multum
1197 3418 1290 3477 detra·

296 3502 366 3560 hunt
386 3502 560 3578 fatigationis
583 3511 679 3562 notata
700 3503 846 3581 inscriptis
866 3501 1007 3580 lapidibus
1031 3503 1131 3579 spatia.
1168 3501 1238 3560 Nam
1263 3509 1331 3561 etad

297 3586 429 3645 exhausti
452 3586 560 3645 laboris
580 3603 668 3646 nosse
692 3604 853 3646 mensurum
870 3586 1010 3662 voluptati
1031 3595 1091 3661 est,
1113 3594 1142 3644 et
1162 3585 1291 3644 bortatur

297 3669 332 3729 ad
348 3669 459 3746 reliqua
472 3670 573 3729 fortius
590 3669 759 3747 exequenda
774 3671 867 3745 seire,
890 3678 1023 3748 quantum
1044 3670 1179 3747 supersit.
1213 3665 1290 3725 Nihil

297 3755 372 3813 enim
394 3752 511 3831 longum
532 3753 624 3815 videri
645 3769 769 3814 necesse
793 3763 854 3832 est,
877 3754 999 3833 inquo,
1021 3752 1087 3832 quid
1102 3752 1230 3812 ultimum
1242 3751 1294 3822 sit,
