3184 4409
585 474 675 525 nrsr.
688 474 836 524 cosroe.
848 475 916 523 mn.
928 475 970 542 11,
981 471 1009 526 l.
1247 461 1287 524 67

293 633 421 694 claros
452 634 552 692 viros
583 642 612 691 et
639 631 859 708 vituperare
891 630 1096 708 improbos,
1127 631 1203 709 qnod
1231 648 1289 690 uon

292 717 434 795 simplicis
454 717 584 775 utilitatis
603 733 676 794 opus
696 724 750 772 est.
783 713 912 791 Namque
932 723 965 772 et
976 715 1120 790 ingenium
1135 726 1289 775 exercetur

291 800 445 879 multiplici
465 802 603 878 variaque
621 801 756 874 materia,
781 807 810 857 et
828 799 935 857 annuus
957 799 1199 878 contemplatione
1215 800 1289 858 recti

292 885 434 964 pravique
458 884 615 959 formatur,
639 893 668 942 et
684 882 771 941 multa
791 882 857 942 inde
879 884 1006 958 cognitio
1024 902 1120 943 rerum
1137 885 1233 959 venit,
1260 893 1290 943 et

292 968 453 1047 exemplis,
482 977 643 1046 quaesunt
671 969 699 1027 in
728 967 804 1026 omni
833 984 942 1042 genere
971 985 1122 1026 cansarum
1150 970 1288 1046 potentis-

292 1055 380 1127 sima,
408 1052 464 1111 iam
486 1061 544 1110 tum
574 1053 736 1125 instruitur,
766 1069 829 1110 cum
851 1069 899 1109 res
924 1060 1045 1128 poscet,
1071 1070 1183 1110 usurus.
1217 1053 1331 1118 Hincal

292 1137 343 1196 illa
363 1153 480 1213 quoqne
495 1137 669 1196 exercitatio
681 1134 757 1193 subit
776 1136 1083 1212 comparationis,
1107 1144 1171 1194 uter
1185 1136 1290 1195 melior

292 1230 396 1279 uterve
420 1220 562 1287 deterior;
587 1237 661 1298 quae
684 1237 845 1297 quanquam
867 1228 999 1278 versatur
1016 1220 1044 1277 in
1063 1220 1176 1278 ratione
1193 1221 1288 1295 simili,

293 1314 391 1364 tamen
419 1312 448 1362 et
474 1304 777 1382 duplicatmateriam
801 1312 830 1362 et
857 1304 992 1362 virtutum
1013 1305 1204 1381 vitiorumque
1233 1321 1290 1362 non

293 1397 402 1447 tantum
419 1397 547 1447 naturam
566 1388 619 1447 sed
639 1388 723 1446 etiam
741 1387 854 1446 modum
869 1395 982 1446 tractat.
1010 1386 1118 1446 Verum
1135 1387 1172 1447 dc
1190 1388 1290 1447 ordine

295 1472 388 1532 landis
413 1480 588 1550 contraque,
610 1474 742 1549 quoniam
759 1473 845 1531 tertia
861 1470 935 1530 haec
956 1470 1119 1530 rhetorices
1142 1490 1210 1549 pars
1233 1480 1289 1547 est,

294 1557 508 1634 praecipiemus
529 1572 581 1615 suo
604 1565 745 1634 tempore.

380 1637 592 1699 Communes
615 1640 689 1698 loci
712 1639 764 1717 (de
786 1639 830 1698 his
855 1639 976 1717 loquor,
1001 1639 1103 1718 quibus
1127 1640 1198 1699 citra
1222 1656 1332 1717 per-22

296 1741 383 1784 sonas
406 1724 435 1783 in
455 1724 520 1802 ipsa
544 1725 613 1783 vitia
636 1723 723 1782 moris
752 1732 796 1782 est
817 1740 975 1800 perorare,
1002 1732 1032 1782 ut
1053 1725 1086 1781 in
1107 1725 1289 1799 adulterum,

296 1810 478 1884 aleatorem,
496 1809 697 1887 petulantem)
717 1824 754 1866 ex
770 1808 872 1867 mediis
889 1817 954 1866 sunt
971 1807 1082 1867 iudiciis
1100 1817 1144 1882 et,
1168 1808 1192 1865 si
1210 1826 1291 1866 reum

296 1892 433 1967 adiicias,
457 1893 673 1959 accusationes;
698 1910 858 1970 quanquam
878 1891 906 1950 hi
930 1909 1045 1969 quoqne
1068 1892 1103 1951 ab
1126 1892 1178 1951 illo
1202 1910 1290 1968 gene·

295 1975 349 2036 rali
374 1982 498 2035 tractatu
523 1976 559 2035 ad
583 1976 719 2054 quasdam
741 1975 845 2035 deduci
868 1977 984 2053 species
1006 1976 1117 2051 solent,
1141 1984 1171 2034 ut
1191 1977 1216 2033 si
1238 1992 1290 2052 po·

295 2069 380 2119 natur
393 2060 518 2120 adulter
532 2078 654 2136 caecus,
671 2061 789 2122 aleator
802 2077 941 2139 pauper,
956 2061 1097 2136 petamus
1111 2079 1213 2120 renea.
1235 2057 1290 2117 lla·

295 2143 365 2202 beut
388 2150 483 2202 autem
503 2159 705 2221 nonnunquam
727 2145 813 2202 etiam
835 2143 1043 2203 defensionem.
1077 2143 1149 2202 Nam
1172 2151 1201 2201 et
1224 2159 1332 2220 pr023

295 2229 424 2288 larario
448 2235 477 2294 et
499 2245 563 2306 pro
585 2245 690 2289 amore
711 2226 848 2302 dicimus,
872 2236 901 2286 et
918 2227 985 2286 leno
1004 2227 1116 2285 interim
1135 2228 1290 2305 parasitus·

296 2329 354 2390 que
371 2309 535 2371 defenditur
552 2313 611 2387 sic,
631 2321 733 2371 utnon
750 2311 856 2370 lromini
875 2311 1087 2389 patrocinemur
1102 2311 1155 2370 sed
1171 2310 1289 2369 crimini.

382 2393 522 2455 Theses
548 2393 659 2470 autem,
690 2413 763 2474 qnae
792 2405 939 2455 sumuntur
961 2413 998 2454 ex
1019 2412 1115 2455 rerum
1143 2411 1334 2471 compara-24

295 2481 393 2555 tione,
417 2487 449 2538 ut
465 2481 622 2542 rusticane
641 2482 705 2541 altu
726 2498 768 2541 aa
788 2481 910 2542 urbana
926 2481 1041 2557 patiam
1061 2480 1230 2558 iurisperiti
1251 2496 1293 2537 au

295 2564 441 2625 utilitatis
460 2565 521 2624 oiri
541 2565 611 2625 laus
632 2567 747 2636 maior,
768 2565 840 2623 mire
858 2572 923 2623 sunt
943 2563 978 2623 ad
997 2564 1233 2623 exercitationem
1251 2562 1291 2622 di·

298 2647 383 2707 cendi
408 2648 564 2725 speciosae
586 2656 672 2725 atque
694 2647 818 2723 uberes,
843 2665 917 2726 quae
937 2648 987 2711 vel
1009 2648 1045 2707 ad
1068 2647 1205 2707 suadendi
1229 2645 1291 2705 offi-

300 2733 374 2791 cinm
395 2730 446 2790 vel
469 2733 554 2791 etiam
576 2731 611 2791 ad
633 2731 802 2792 indiciorum
826 2733 1065 2809 disceptationem
1087 2732 1183 2790 iuvant
1203 2730 1291 2808 pluri·

299 2833 383 2874 mum.
418 2813 492 2874 Nam
509 2816 657 2894 posterior
675 2834 712 2876 ex
732 2816 888 2895 praedictis
905 2815 988 2875 locus
1006 2816 1034 2874 in
1052 2833 1139 2874 cansa
1155 2813 1293 2873 Murenae

301 2899 503 2978 copiosissime
521 2918 537 2959 a
557 2897 699 2959 Cicerone
716 2908 863 2961 tractatur.
887 2900 958 2960 Sunt
974 2908 1003 2958 et
1021 2899 1088 2959 illae
1105 2916 1199 2978 paene
1214 2906 1335 2966 totae25

301 2981 334 3042 ad
356 2980 578 3043 deliberativum
598 2985 776 3061 pertinentes
795 3002 905 3061 genus,
928 2984 1110 3044 ducendane
1130 3000 1220 3057 uaor,
1239 2999 1293 3059 pe·

300 3068 423 3128 tenellae
442 3069 504 3128 siut
522 3068 730 3147 mopistratus.
764 3068 894 3145 Namque
922 3075 951 3126 et
975 3067 1030 3127 hae
1052 3067 1185 3145 personis
1206 3065 1305 3124 modo

300 3149 420 3210 adiectis
443 3153 592 3212 suasoriae
615 3162 707 3212 erunt.

382 3233 524 3296 Solebaut
541 3245 751 3314 praeceptores
767 3236 824 3295 mei
841 3253 935 3312 neque
956 3236 1046 3295 inutili
1064 3243 1093 3294 et
1107 3233 1190 3293 nobis
1208 3234 1337 3304 etiampq

297 3318 423 3379 iucundo
441 3337 556 3395 genere
581 3321 795 3380 exercitationis
819 3337 995 3397 praeparare
1017 3337 1070 3378 nos
1093 3317 1294 3378 coniecturali-

297 3402 486 3479 bus-causis,
511 3423 575 3464 cum
595 3421 737 3481 quaerere
758 3412 844 3481 atque
864 3406 969 3481 exequi
986 3403 1133 3486 inherent,
1158 3399 1222 3462 Cur
1240 3419 1294 3461 ar-

297 3495 385 3548 mata
400 3489 489 3565 apud
498 3485 760 3550 Lacedaemonios
776 3485 891 3563 Venus,
910 3497 939 3547 et
958 3485 1040 3560 Quid
1053 3489 1099 3548 itu
1116 3488 1296 3548 crederetur

300 3569 421 3650 Cupido
433 3588 514 3649 puer
527 3580 619 3650 atque
634 3574 758 3634 volucer
773 3578 802 3632 et
814 3574 935 3650 rapittir
949 3591 989 3633 aa
1001 3573 1074 3650 fuce
1088 3578 1242 3645 armatus,
1266 3575 1297 3628 et
1330 3647 1334 3654 Ι

301 3654 421 3730 similia,
439 3655 468 3712 in
486 3654 588 3733 quibus
604 3656 803 3717 scrutabamur
819 3656 1012 3730 voluntatem,
1035 3657 1115 3715 cuins
1133 3657 1161 3712 in
1181 3661 1297 3712 coutro-

300 3740 403 3800 versiis
415 3737 556 3817 frequens
571 3742 702 3818 quaestio
715 3750 769 3811 est,
783 3740 860 3817 quod
870 3739 964 3819 genus
977 3739 1078 3803 chriae
1087 3739 1316 3870 riqqiqotest„
