3184 4409
570 391 1031 461 1usa.oanaoa.u1e.v111‚5.
1256 383 1294 443 71

302 571 386 629 nem,
409 561 437 611 et
460 560 558 611 catera
575 549 735 609 huiusmodi
742 571 749 618 ;
771 567 827 627 per
849 567 948 609 omnes
964 551 1037 608 enim
1060 549 1297 626 figuras-tractari

302 645 412 717 potest.
451 634 524 695 Illud
547 633 674 694 notabile
696 651 734 693 ex
757 633 905 696 diversis:¹
920 631 1004 694 More
1023 635 1136 695 misera
1157 654 1217 695 noc
1239 643 1296 711 eet,

302 723 409 783 aditor
423 720 467 781 orl
485 727 608 780 mortem
623 725 668 779 eol
681 719 781 777 mirer.
817 717 862 776 Ac
882 726 982 776 rectae
998 717 1111 794 quidem
1129 727 1193 776 sunt
1207 719 1325 783 taleszo

348 803 423 866 Tam
438 805 645 878 decolorare,
661 803 744 879 qood
759 801 858 876 tutet,
875 817 966 878 quom
988 802 1070 878 quod
1079 820 1138 861 non
1154 803 1253 864 lohet.

304 888 363 949 Sed
380 888 517 947 maiorem
532 887 589 946 vim
603 886 747 962 accipiunt
766 892 795 944 et
809 885 964 943 mutatione
981 885 1107 962 figurae,
1123 893 1153 943 ut

489 967 590 1047 Usque
603 968 722 1030 adeone
739 970 817 1030 morl
831 971 973 1028 miseram
994 972 1060 1029 eet?
1075 1003 1117 1012 -

304 1057 399 1118 acrius
424 1054 480 1114 hoe
502 1055 576 1113 enim
597 1069 681 1130 quam
701 1069 755 1130 per
777 1070 826 1127 se,
855 1049 940 1113 Mors
963 1054 1076 1114 misero
1096 1072 1155 1114 non
1176 1061 1240 1122 eutr
1268 1063 1297 1129 et

305 1139 523 1200 translationea
542 1136 681 1196 communi
702 1135 737 1195 ad
755 1136 911 1214 proprium.
945 1136 1027 1211 Nam,
1045 1155 1108 1195 cum
1123 1138 1159 1195 sit
1174 1146 1295 1213 rectum,

304 1221 424 1284 Nocere
448 1222 541 1300 focile
567 1228 627 1296 ert,
649 1221 800 1298 prodesse
829 1219 971 1297 difficile:
999 1220 1195 1279 vehementius
1222 1222 1296 1300 apud

307 1305 438 1367 Ovidium
453 1304 556 1364 Medea
573 1304 652 1380 dicit,

430 1387 566 1450 Seroore
578 1389 682 1467 potale
699 1389 836 1466 perdere
850 1404 891 1447 oc
905 1389 1035 1464 poesim,
1057 1389 1172 1466 rupae?

303 1474 400 1534 Vertit
414 1472 451 1533 ad
471 1488 625 1552 personam
641 1469 763 1531 Cicero:
787 1469 872 1532 Nllt’l
889 1471 995 1548 lohel,
1013 1469 1142 1548 Caesar,
1161 1491 1218 1534 nec
1229 1473 1324 1552 sor-7

304 1567 380 1620 tacu
395 1566 449 1618 tau
463 1559 572 1631 molus,
587 1571 679 1634 qoam
692 1563 725 1616 at
736 1558 858 1634 poaols‚·
873 1575 931 1616 nec
945 1564 1058 1617 nutura
1072 1557 1296 1635 neellamitem

303 1650 337 1703 at
358 1642 434 1702 celle
453 1659 581 1702 servare
602 1655 693 1716 qaum
709 1641 867 1718 ptus-imm.
912 1637 968 1714 Ita,
991 1656 1065 1718 qnae
1089 1648 1170 1699 erant
1188 1658 1294 1717 rerum,

303 1725 422 1804 propria
438 1724 507 1785 fecit
525 1723 655 1782 hominis.
694 1722 726 1782 ln
748 1722 805 1782 hoe
825 1740 936 1798 genere
957 1724 1175 1783 custodiendum
1196 1734 1241 1785 est
1266 1733 1296 1784 el

303 1809 347 1885 id,
370 1809 448 1886 quot
463 1807 587 1884 ubique,
608 1824 645 1866 ne
660 1805 781 1866 crebrae
797 1807 868 1882 sint,
894 1824 931 1865 ne
951 1807 1046 1885 palam
1066 1807 1169 1884 falsae,
1192 1808 1294 1888 quales

303 1892 473 1970 frequenter
494 1891 530 1952 ab
551 1891 749 1965 iudicantur,
774 1891 822 1968 qui
843 1889 916 1949 haec
936 1883 1084 1952 καθολικὰ
1104 1900 1225 1966 vocant,
1252 1901 1293 1968 et,

304 1976 440 2055 quidquid
461 1992 515 2054 pro
538 1992 625 2035 eausa
645 1973 772 2048 videtur,
794 1975 875 2053 qnasi
897 1973 1081 2035 indubitatum
1098 1977 1294 2054 pronuntiant;

304 2068 333 2119 et
353 2077 391 2118 ne
409 2061 517 2138 passim
538 2067 567 2117 et
583 2075 600 2118 a
615 2074 786 2136 quocunque
805 2058 944 2117 dicantur.
983 2057 1075 2135 Magis
1095 2060 1168 2117 enim
1190 2059 1322 2122 decentio

304 2160 375 2218 eos,
396 2145 425 2202 in
441 2142 542 2221 quihus
557 2151 602 2201 est
617 2142 789 2217 auctoritas,
811 2149 842 2200 nt
864 2143 906 2200 rei
929 2142 1040 2219 pondus
1063 2143 1146 2202 etiam
1168 2159 1294 2220 persona

304 2227 461 2288 confirmet.
500 2226 570 2299 Quis
591 2227 666 2285 enim
687 2225 761 2284 ierat
777 2243 896 2303 puerum
920 2234 968 2285 aut
987 2226 1232 2286 adolescentulum
1247 2235 1295 2286 aut

303 2312 390 2371 etiam
405 2309 572 2388 ignobilem,
594 2311 619 2370 si
633 2309 740 2369 iudicet
759 2311 787 2368 in
804 2309 926 2369 dicendo
942 2318 971 2369 et
986 2310 1194 2389 quodammodo
1210 2328 1292 2389 prae·

304 2395 330 2454 ci
351 2391 414 2454 iat?

331 2414 350 2474 p
386 2476 623 2552 Enthymema
644 2492 759 2555 qnoque
776 2485 822 2536 est
837 2493 934 2552 omne,
958 2477 1035 2556 quod
1050 2487 1144 2538 mente
1160 2477 1321 2557 concepi-it

301 2580 380 2630 mus;
395 2563 514 2640 proprie
529 2570 622 2622 tamen
638 2560 840 2639 dieitur,.quae
856 2570 902 2620 est
915 2563 1057 2622 sententia
1078 2580 1117 2621 ex
1132 2564 1293 2639 contrariis,

301 2653 460 2724 propterea
482 2646 559 2723 quod
583 2645 707 2704 eminere
730 2646 805 2704 inter
825 2655 938 2705 ceteras
960 2646 1089 2721 videtur,
1109 2655 1140 2706 ut
1153 2645 1293 2706 Homerus

302 2737 408 2808 poeta,
430 2728 498 2788 urbs
514 2728 613 2788 Roma.
660 2727 705 2788 lle
725 2727 782 2788 hoe
801 2729 829 2787 in
844 2730 1017 2806 argumentis
1034 2731 1103 2790 satis
1118 2730 1223 2790 dictum
1238 2740 1292 2789 est.

301 2811 368 2872 Non
382 2830 499 2889 semper
515 2822 609 2871 antem
629 2812 665 2872 ad
684 2812 884 2890 probationem
904 2813 1054 2873 adhibetur
1075 2814 1128 2873 sed
1142 2813 1335 2892 aliqnandolo

302 2897 338 2957 ad
356 2905 501 2956 ornatum:
519 2894 653 2969 (lamam
672 2899 766 2976 lpitur
786 2899 971 2975 impunitae,
988 2895 1123 2973 Caesar,
1144 2905 1215 2959 tuae
1231 2898 1293 2958 cle·

301 2983 433 3042 menone
447 2981 516 3041 luae
531 2988 585 3056 est,
605 2999 707 3042 eorum
722 2988 751 3041 te
764 2981 901 3059 ipsoram
921 2981 966 3042 ad
980 2981 1189 3042 crudelitatem
1203 2988 1294 3041 ocael

301 3065 422 3125 oratio?
447 3063 592 3142 Nonquia
608 3065 644 3122 sit
659 3066 731 3122 ratio
748 3063 910 3140 dissimilis,
932 3064 984 3125 sed
1006 3066 1071 3142 quia
1087 3063 1291 3141 imperalia,

300 3155 332 3206 ut
345 3147 374 3206 id
389 3149 520 3207 iniustum
535 3155 699 3226 appareret,
717 3146 851 3207 effectum
866 3156 938 3208 erat.
968 3146 1005 3206 tta
1017 3148 1111 3207 addita
1124 3148 1152 3205 in
1165 3146 1293 3207 clausula
1302 3157 1329 3210 11

301 3239 348 3290 est
375 3231 601 3310 epiphonematis
626 3230 710 3290 modo
737 3247 794 3289 non
818 3239 875 3290 tam
899 3230 1030 3309 probatio
1057 3248 1140 3309 quam
1166 3239 1293 3290 extrema

301 3316 384 3392 quasi
404 3315 559 3375 insultatio.
594 3313 647 3374 Est
664 3315 737 3374 enim
754 3315 944 3394 epiphonema
959 3316 1002 3374 rei
1017 3322 1147 3374 narratae
1161 3314 1209 3375 vel
1224 3331 1291 3395 pro·

300 3396 386 3458 hatae
401 3417 508 3459 summa
527 3398 709 3458 acclamatio:

411 3481 528 3544 Tantae
541 3483 626 3543 mollo
639 3490 708 3545 erut
722 3481 892 3544 Romanum
908 3482 1043 3543 condere
1054 3484 1191 3560 pentem!

302 3561 422 3628 Facere
445 3567 523 3627 enlm
536 3566 653 3644 probae
670 3567 849 3628 odolesceoe
867 3565 1040 3644 pertenere
1061 3581 1154 3644 qaum
1172 3567 1294 3647 perpeti

302 3651 435 3728 turpiter
447 3651 562 3712 mutatu.
603 3647 656 3708 Est
672 3657 716 3726 et,
739 3649 816 3728 quod
840 3649 1002 3728 appellatur
1023 3644 1333 3727 anovisnoopa,12
