3184 4409
561 509 650 557 rusa
662 509 812 558 onuuoa
823 511 892 557 cm.
904 508 1004 576 xrr‚.9
1218 498 1276 560 261

246 644 420 761 {patientia
443 673 495 723 est
531 661 602 723 Nam
624 673 652 724 et
675 665 704 723 iu
722 665 804 743 ipsos
826 665 857 724 lit
877 667 999 742 impetus
1021 665 1207 743 frequenter,
1230 669 1280 746 qui

246 740 416 855 iegerpnt
436 757 465 807 et
480 756 560 807 certe
576 747 766 847 petulantiam
777 752 890 826 patroni
906 749 1033 824 litigator
1048 749 1108 808 luit.
1134 752 1193 811 Sed
1207 751 1280 812 haec

246 825 392 943 :minora
408 834 495 891 suut
486 849 551 932 rpnso
566 832 618 892 illo
633 833 703 894 vitio
721 833 822 908 animi,
845 833 922 911 quod
938 833 1095 893 maledicus
1112 851 1127 893 a
1144 834 1279 896 malefico

246 910 340 993 'non
362 917 446 976 distat
467 918 520 975 uisi
542 917 708 976 occasione.
744 915 847 994 Turpis
869 918 1003 994 voluptas
1025 926 1053 976 et
1077 917 1227 978 inhumana
1250 929 1321 982 ello

246 994 258 1036 ¹
277 983 353 1062 nulli
370 1001 542 1060 audientium
557 999 634 1059 bono
647 1009 728 1078 grata
744 1018 760 1060 a
776 1001 968 1077 litigatoribus
982 1001 1096 1078 quidem
1112 1001 1280 1079 irequeuter

246 1062 489 1162 lemgrtur‚qur
505 1084 642 1147 ultionem
657 1084 764 1143 malunt
779 1102 863 1162 qnam
879 1084 1086 1144 defensionem
1111 1086 1171 1145 Sed
1183 1105 1279 1164 neque
1344 1125 1348 1134 ·

246 1196 248 1201 ·
246 1164 339 1230 alia
351 1168 438 1228 multa
453 1168 489 1227 ad
505 1167 650 1228 arbitrium
668 1185 766 1227 eorum
779 1168 911 1229 iacienda
925 1178 1003 1237 suut;
1020 1168 1076 1228 hoc
1089 1170 1203 1247 quidem
1215 1172 1279 1248 quis

251 1250 256 1307 l
277 1253 424 1313 hominum
440 1251 525 1311 liberi
539 1252 625 1312 modo
645 1253 792 1328 sauguinis
818 1255 974 1328 sustineat,
1000 1253 1133 1330 petulans
1154 1272 1222 1313 esse
1244 1253 1281 1314 ad

246 1335 255 1376 Ι
279 1336 401 1396 alterius
422 1332 588 1396 arbitrium?
617 1335 706 1414 Atqui
728 1337 813 1395 etiam
834 1337 862 1395 iu
883 1337 1042 1396 advocatos
1066 1339 1156 1415 partis
1177 1338 1320 1403 adver-11

246 1419 254 1461 ⁵
278 1437 333 1481 sae
349 1419 473 1480 libenter
487 1420 615 1481 nonnulli
630 1420 817 1487 invehuntur;
845 1421 940 1499 quod,
964 1422 1017 1480 nisi
1035 1422 1059 1478 si
1074 1420 1150 1480 iorte
1165 1440 1278 1481 merue-

246 1506 251 1546 l
278 1514 363 1580 runt,
385 1513 414 1563 et
433 1504 612 1564 inhumanum
628 1513 673 1563 est
689 1512 827 1582 respectu
844 1506 1031 1563 communium
1050 1505 1227 1581 ciliciorum,
1250 1515 1279 1566 et

246 1589 252 1669 ,¹
280 1607 347 1648 cum
362 1589 417 1666 ipsi
435 1591 482 1666 qui
500 1589 568 1649 dicit
582 1588 682 1648 inutile
699 1589 778 1687 (nam
791 1588 866 1648 idem
882 1590 950 1646 iuris
968 1590 1152 1666 responsuris
1165 1590 1279 1689 datur),

246 1674 342 1732 'tum
357 1690 462 1732 causae
479 1674 662 1771 contrarium,
679 1675 745 1772 quia
760 1672 846 1751 plane
862 1672 1020 1732 adversarii
1036 1673 1104 1732 liunt
1120 1675 1171 1733 et
1164 1675 1279 1748 mimici,

246 1757 249 1796 ¹
280 1765 313 1815 et
328 1756 606 1855 quantulumcunque
622 1757 665 1816 eis
679 1758 780 1816 virium
796 1765 857 1830 est,
876 1756 1049 1816 contumelia
1064 1766 1196 1834 augetur
1226 1759 1279 1817 Su·
1269 1771 1321 1824 -ιι

246 1862 248 1866 ’
281 1858 338 1919 per
360 1842 452 1900 omnia
472 1843 549 1918 perit
570 1841 635 1916 illa,
662 1858 736 1920 quae
760 1839 910 1918 plurimum
927 1842 1034 1900 oratori
1050 1850 1079 1900 et
1101 1843 1279 1901 auctoritatis

280 1933 313 1983 et
332 1923 399 1983 lidei
421 1925 519 1998 allent,
545 1925 703 1999 modestia,
726 1925 751 1983 si
766 1942 782 1983 a
796 1925 860 1982 viro
877 1922 979 1983 bono
970 1943 998 1982 ιιι
1013 1924 1142 1984 rabulam
1162 1925 1279 1985 latrato-

280 2026 402 2086 remque
419 2011 612 2083 convertitur‚
636 2010 814 2085 compositus
832 2024 890 2066 non
912 2008 948 2067 ad
965 2009 1085 2067 animum
1107 2008 1209 2068 iudicis
1227 2008 1281 2069 sed

281 2092 320 2152 ad
338 2092 514 2151 stomachum
529 2092 691 2168 litigatoris.
725 2089 907 2169 Frequenter
929 2093 1014 2151 etiam
1030 2095 1146 2170 species
1162 2092 1323 2160 liberta-13

248 2218 252 2223 -
280 2177 320 2236 tis
336 2176 481 2236 deducere
499 2176 534 2235 ad
551 2177 740 2235 temeritatem
755 2175 833 2234 solet
853 2193 910 2234 non
926 2177 1020 2235 causis
1037 2175 1122 2234 modo
1139 2175 1191 2234 sed
1207 2176 1280 2254 ipsis

283 2276 417 2337 quoqne,
440 2260 487 2336 qni
504 2261 649 2334 dixerunt,
675 2259 879 2336 periculosam.
914 2258 978 2319 Nec
995 2261 1134 2318 immerito
1149 2258 1280 2319 Pericles

282 2343 401 2403 solebat
416 2352 528 2421 optare,
546 2362 583 2402 ne
599 2343 676 2422 q‘uod
693 2342 748 2402 sibi
764 2342 883 2402 verbum
898 2345 926 2403 iu
944 2353 1068 2402 mentem
1083 2346 1205 2419 veniret,
1223 2360 1280 2421 quo

283 2426 410 2506 populus
432 2427 637 2486 offenderetur.
670 2426 728 2485 Sed
750 2427 827 2504 quod
846 2426 897 2486 ille
916 2426 952 2486 de
975 2426 1102 2505 populo,
1127 2428 1154 2487 id
1171 2444 1227 2503 ego
1244 2427 1280 2486 de

283 2508 416 2570 omnibus
439 2513 551 2586 sentio,
572 2511 620 2589 qui
641 2510 803 2570 tantundem
820 2519 942 2589 possunt
958 2528 1077 2570 nocere.
1115 2511 1186 2572 Nam
1206 2528 1281 2589 qnae

282 2595 387 2668 fortia,
416 2593 480 2652 dum
505 2595 655 2672 dicuntur,
682 2594 869 2671 videbantur,
898 2595 1002 2672 stulta,
1033 2613 1096 2654 cum
1123 2596 1280 2672 laeserunt,

283 2686 434 2738 vocantur.

369 2760 467 2837 Nunc,
493 2764 558 2840 quia
578 2763 687 2823 varium
707 2763 771 2822 iere
792 2763 972 2841 propositum
996 2763 1140 2839 agentium
1160 2763 1229 2839 fuit,
1253 2772 1323 2825 et14

286 2846 462 2924 quorundam
478 2864 546 2906 cura
560 2848 700 2907 tarditatis
713 2847 890 2925 quorundam
905 2847 1027 2906 iacilitas
1042 2849 1210 2907 temeritatis
1226 2849 1279 2905 cri-

285 2930 360 2988 mine
376 2929 533 2990 laboravit:
555 2949 641 3009 quem
657 2931 771 2991 credam
791 2931 855 2990 iore
871 2934 899 2990 iu
914 2931 971 2990 boc
989 2933 1111 2991 oratoris
1127 2930 1279 3004 modum,

285 3013 400 3073 tradere
428 3032 484 3073 non
510 3014 633 3074 alienum
657 3017 779 3089 videtur.
821 3014 934 3075 Alieret
960 3015 995 3074 ad
1020 3015 1170 3075 dicendum
1196 3025 1321 3076 euraclo

286 3115 403 3174 semper
424 3108 558 3176 quantum
580 3090 730 3176 plurimum
752 3101 869 3177 poterit.
883 3175 885 3178 Ι
901 3097 1003 3176 Neque
1018 3101 1090 3156 enim
1109 3098 1165 3157 hoc
1187 3096 1280 3157 solum

286 3181 460 3258 negligentis
478 3183 531 3242 sed
547 3183 613 3243 mali
630 3192 659 3242 et
677 3185 706 3242 in
721 3191 858 3261 suscepta
882 3201 968 3242 causa
984 3182 1086 3259 perlrdi
1102 3200 1137 3241 ac
1152 3181 1280 3259 prodito·

256 3289 259 3293 ¹
285 3266 325 3324 ris
342 3273 402 3339 est,
424 3267 507 3344 peius
529 3284 618 3343 agere
634 3284 717 3344 quarn
735 3268 838 3345 possit.
870 3264 999 3343 Ideoque
1023 3284 1060 3324 ne
1079 3265 1281 3343 suscipiendae

287 3349 401 3426 quidem
413 3359 477 3408 sunt
493 3369 597 3409 causae
609 3351 719 3428 plures,
736 3369 820 3428 quam
835 3349 939 3427 quibus
955 3349 1138 3408 suffecturum
1153 3367 1185 3408 se
1197 3350 1279 3408 sciat.

287 3432 373 3492 Dicet
389 3436 497 3511 scripta
515 3452 598 3511 quam
613 3452 663 3493 res
679 3436 804 3512 patietur
821 3433 942 3511 plurima
959 3441 1005 3507 et,
1024 3441 1054 3491 ut
1069 3431 1281 3492 Demosthenes
1289 3443 1322 3496 16

288 3517 344 3590 ait,
371 3517 395 3575 si
412 3518 575 3594 continget,
600 3526 629 3577 et
644 3517 767 3595 sculpta.
808 3516 868 3577 Sed
885 3516 941 3576 hoc
959 3525 1006 3575 aut
1023 3518 1129 3594 primae
1151 3517 1280 3577 actiones

288 3610 336 3659 aut
354 3618 429 3677 quae
446 3603 474 3661 in
489 3600 612 3679 publicis
627 3602 739 3662 iudiciis
754 3609 822 3679 post
839 3601 1008 3660 interiectos
1024 3599 1085 3660 dies
1101 3601 1200 3660 dantur
1214 3619 1280 3679 per·

287 3685 429 3751 miseriut;
455 3694 482 3744 at
499 3703 562 3744 cum
582 3686 712 3762 protinus
731 3684 963 3763 respondendum
985 3692 1046 3744 est:
1070 3687 1162 3744 omnia
1185 3684 1281 3762 parari

288 3785 345 3827 non
368 3778 505 3847 possunt,
531 3769 604 3828 adeo
626 3777 657 3854 ut
679 3768 766 3846 paulo
791 3769 881 3829 minus
902 3770 1042 3848 promptis
1068 3771 1152 3828 etiam
1176 3775 1281 3826 noceat
