3184 4409
446 472 448 480 ’
474 540 477 551 .
511 512 512 517 ’
533 500 953 569 msn.0unnon.n113.1,1.
1206 490 1226 552 7

268 655 322 717 ‚bie
339 656 421 734 prior
434 655 507 714 ratio
523 664 583 731 est,
599 663 681 715 recte
695 664 789 715 tamen
808 657 892 716 etiam
905 655 1066 733 loquantur.
1098 656 1157 717 llas
1172 660 1255 736 pri-5

268 760 309 799 rm
325 740 423 802 audiet
437 757 526 817 puer,
548 739 645 798 harum
658 739 748 799 verba
764 740 905 816 ellingere
918 741 1052 800 imitando
1068 741 1226 801 conabitur.

268 844 271 882 ;
286 833 389 884 natura
404 825 578 883 tenacissimi
593 841 689 882 sumus
706 840 819 898 eorum,
842 841 915 901 quae
930 823 1046 883 rudibus
1068 827 1147 885 annis
1161 840 1226 904 per·

268 910 381 985 :pimus;
411 916 441 967 ut
462 924 565 984 sapor,
586 924 643 984 quo
660 925 734 966 nova
758 907 881 982 imbuas,
902 907 999 982 durat,
1025 927 1081 969 nec
1102 909 1227 969 lanarum

268 992 374 1066 dores,
400 991 502 1068 quibus
518 991 642 1069 simplex
657 990 709 1050 ille
729 991 835 1050 candor
854 999 976 1050 mutatus
998 1000 1058 1067 est,
1081 993 1138 1052 elui
1158 1010 1226 1071 pos·

268 1083 309 1134 int.
340 1074 378 1134 Et
393 1074 466 1133 haec
479 1076 542 1152 ipsa
557 1077 648 1151 magis
662 1077 848 1152 pertinaciter
861 1074 990 1149 haerent,
1008 1093 1064 1152 quo
1081 1078 1226 1137 deteriora

268 1166 310 1217 int.
354 1157 427 1217 Nam
450 1157 525 1217 bona
549 1158 635 1217 facile
654 1167 794 1218 mutantur
818 1161 846 1218 in
872 1161 969 1236 peius;
996 1160 1174 1236 numquando
1197 1162 1227 1219 in

268 1258 342 1302 mum
362 1243 486 1300 verteris
508 1239 595 1300 vitia?
624 1241 688 1302 Non
708 1251 858 1302 assuescat
879 1259 967 1318 ergo,
989 1259 1026 1301 ne
1048 1243 1112 1301 dum
1132 1244 1224 1305 inians

268 1327 352 1386 iidem
367 1334 427 1400 est,
447 1328 587 1398 sermoni,
611 1328 658 1402 qui
673 1325 863 1386 dediscendus
879 1327 925 1384 sit.

319 1410 352 1470 ln
363 1409 529 1488 parentibus
541 1427 611 1468 vero
628 1410 874 1488 quamplurimum
887 1427 954 1468 esse
967 1408 1133 1469 eruditionis
1145 1419 1251 1488 opta-6

268 1493 337 1553 erim.
374 1492 438 1552 Nec
459 1493 494 1552 de
514 1493 642 1570 patribus
661 1500 766 1552 tantum
786 1494 900 1571 loquor.
940 1492 1011 1553 Nam
1032 1486 1226 1554 Gracchorum

268 1577 422 1655 loquentiae
437 1577 553 1636 multum
568 1578 725 1636 contulisse
740 1580 903 1655 accepimus
919 1575 1082 1636 Corneliam
1095 1587 1223 1654 matrem,

268 1663 317 1720 rius
344 1661 526 1722 doctissimus
553 1677 648 1719 sermo
672 1663 700 1719 in
726 1670 862 1738 posteros
888 1677 1003 1740 quoque
1024 1670 1069 1720 est
1093 1662 1224 1740 epistolis

268 1744 370 1812 ·aditus;
394 1754 423 1803 et
442 1743 539 1804 Laelia
556 1742 588 1803 G.
605 1744 663 1802 iilia
681 1744 841 1804 reddidisse
862 1747 890 1804 in
914 1745 1058 1822 loquendo
1078 1756 1225 1824 paternam

268 1827 410 1905 legantiam
424 1828 536 1903 dicitur,
555 1836 583 1887 et
597 1826 768 1888 Hortensiae
784 1828 819 1902 Q.
832 1829 908 1889 filiae
923 1831 1014 1889 oratio
1030 1830 1104 1907 apud
1116 1829 1223 1889 Trium·

268 1913 315 1970 iros
340 1911 435 1971 habita
461 1912 566 1987 legitur
590 1928 648 1971 non
673 1921 777 1971 tantum
805 1913 833 1973 in
857 1931 945 1972 sexus
972 1912 1120 1972 honorem.
1162 1912 1248 1974 Nec't

268 2015 330 2055 men
347 1998 381 2072 ii,
405 1995 506 2073 quibus
527 1994 640 2054 discere
656 1998 726 2074 ipsis
741 2013 798 2056 non
819 1999 953 2074 contigit,
973 1999 1110 2068 minorem
1128 2014 1223 2056 curam

268 2080 359 2140 ocendi
386 2079 495 2138 liberos
521 2079 659 2147 habeant;
688 2080 740 2140 sed
765 2082 822 2140 sint
844 2088 973 2164 prppter.
987 2079 1045 2140 hoc
1072 2082 1163 2159 ipsum
1188 2081 1224 2141 ad

268 2173 335 2223 utera
355 2165 447 2240 magis
469 2162 633 2239 diligentes.

317 2247 360 2306 De
377 2249 490 2325 pueris,
513 2249 586 2306 inter
607 2262 679 2323 quos
702 2245 870 2306 educabitur
889 2247 940 2307 ille
960 2248 1027 2308 huic
1047 2247 1112 2325 spei
1135 2246 1222 2306 desti·

268 2340 335 2406 itus,
356 2331 432 2391 idem
449 2331 525 2409 quod
545 2330 580 2389 de
595 2330 750 2390 nutricibus
765 2330 870 2391 dictum
888 2333 934 2391 sit.

318 2415 363 2474 De
382 2415 561 2493 paedagogis
582 2415 640 2474 hoc
661 2415 796 2493 amplius,
818 2424 848 2476 nt
862 2424 910 2475 aut
926 2416 982 2475 sint
1003 2415 1105 2476 eruditi
1125 2415 1249 2494 planas
1327 2419 1331 2432 ’

268 2515 320 2558 uam
338 2501 456 2578 primam
478 2517 544 2558 esse
565 2517 661 2558 curam
681 2499 783 2574 velim,
805 2508 853 2559 aut
872 2518 906 2559 se
929 2517 987 2558 non
1007 2518 1074 2559 esse
1096 2499 1222 2560 eruditos

268 2584 336 2643 siant.
366 2582 444 2642 Nihil
460 2591 505 2641 est
525 2583 607 2660 peius
630 2584 680 2658 iis,
704 2584 751 2660 qui
767 2582 881 2660 paulum
901 2583 1008 2661 aliquid
1028 2584 1103 2644 ultra
1118 2585 1223 2663 primas

267 2673 345 2727 tteras
367 2668 518 2744 progressi
539 2666 640 2726 falsam
656 2666 710 2726 sibi
730 2669 868 2726 scientiae
888 2669 1106 2746 persuasionem
1125 2668 1222 2728 indue·

268 2759 310 2808 ut.
348 2750 421 2810 Nam
442 2759 471 2809 et
492 2751 597 2810 cedere
618 2750 814 2829 praecipiendi
837 2751 965 2829 partibus
990 2753 1171 2828 indignantur
1194 2760 1224 2811 ct

268 2833 315 2893 elut
328 2835 390 2895 iure
410 2835 533 2912 quodam
554 2836 723 2912 potestatis,
745 2852 802 2912 quo
824 2836 887 2895 lere
902 2836 960 2895 hoc
973 2835 1115 2896 hominum
1129 2853 1223 2913 genus

268 2919 406 2995 tumescit,
421 2919 567 2996 imperiosi
582 2926 667 2996 atque
679 2919 791 2978 interim
806 2921 969 2979 saevientes
982 2920 1129 2979 stultitiam
1144 2937 1223 2979 suam

268 3003 404 3063 erdocent.
432 3001 496 3062 Nec
510 3004 600 3062 minus
617 3019 699 3061 error
714 3019 813 3062 eorum
826 3013 913 3063 nocet
927 3003 1068 3072 moribus3
1084 3003 1248 3080 siquidemb

269 3087 376 3146 sonides
387 3084 545 3145 Alexandri
561 3085 758 3164 paedagogus,
774 3095 805 3146 ut
819 3105 835 3147 a
847 3085 1006 3162 Babylonio
1019 3086 1152 3162 Diogene
1166 3095 1222 3146 tra-

267 3167 319 3244 itur,
334 3170 503 3248 quibusdam
519 3188 583 3228 eum
595 3171 671 3228 vitiis
686 3169 794 3245 imbuit,
814 3188 886 3248 quae
900 3169 1048 3230 robustum
1063 3186 1179 3248 quoque
1194 3178 1224 3229 et

268 3267 294 3311 ur
302 3253 450 3314 maximum
462 3272 561 3330 regem
573 3252 608 3312 ab
620 3253 670 3313 illa
679 3255 855 3314 institutione
867 3255 970 3333 puerili
982 3263 1047 3314 sunt
1058 3263 1221 3333 persecuta.

317 3339 347 3398 Si
370 3339 415 3398 cui
430 3338 517 3397 multa
537 3335 639 3396 videor
655 3338 790 3414 exigere,
814 3341 924 3415 cogitet
939 3347 1083 3412 oratorem
1104 3339 1221 3413 institui,
1231 3347 1265 3398 lo

268 3433 298 3478 tn
315 3423 446 3496 arduam,
476 3423 561 3481 etiam
582 3437 645 3480 cum
665 3423 692 3481 ei
712 3421 860 3482 formando
881 3421 952 3483 nihil
971 3423 1111 3492 defuerim
1138 3440 1221 3501 prae·

268 3521 315 3564 rea
327 3506 411 3584 plura
426 3523 460 3564 ac
476 3505 636 3565 difficiliora
650 3522 816 3583 superesse.
839 3504 911 3565 Nam
927 3514 956 3566 et
970 3507 1063 3566 studio
1079 3516 1221 3585 perpetuo

268 3591 528 3666 :praestantissimis
543 3589 781 3667 praeceptoribus
793 3598 823 3649 et
834 3588 962 3668 plurimis
977 3590 1134 3669 disciplinis
1149 3607 1222 3669 opus

268 3679 292 3730 rt.
334 3674 520 3752 Quapropter
542 3674 745 3751 praecipienda
771 3681 836 3733 sunt
861 3675 983 3752 optims;
1011 3676 1132 3753 quaesi
1158 3673 1220 3752 quis
1230 3677 1262 3731 11

268 3757 415 3837 furabitur,
435 3774 492 3818 non
506 3757 608 3818 rationi
623 3757 766 3819 defuerint
781 3756 834 3819 sed
847 3756 965 3821 bomini.
