3184 4409
309 387 371 452 284
620 399 980 461 munnomuummm

601 555 645 604 DE
663 555 779 606 tuniolo
799 556 841 605 ET
859 552 1015 609 consino,

391 635 427 696 V.
457 636 508 696 His
529 654 582 715 pro
605 648 702 697 nostra
726 637 864 698 facultate
887 638 1015 698 tractatis
1040 654 1097 697 non
1124 639 1298 700 dubitassem

308 724 429 781 transire
447 724 575 799 protinus
591 723 626 781 ad
643 723 877 800 dispositionem,
900 739 974 799 quae
995 722 1095 781 ordine
1117 725 1181 800 ipso
1204 729 1298 802 sequi·

308 814 371 880 tur,
393 808 445 864 nisi
464 823 600 881 vererer,
621 823 674 882 ne,
697 807 830 884 quoniam
847 805 976 881 fuerunt,
999 808 1047 882 qui
1067 807 1244 867 iudicium
1259 811 1298 867 in·

307 891 434 948 ventioni
456 888 680 965 subiungerent,
705 891 882 967 praeterisse
908 888 983 948 buno
1005 889 1100 948 iocum
1128 890 1297 968 quibusdam

307 973 432 1049 viderer,
449 975 574 1050 quirnea
591 973 704 1050 quidem
722 975 857 1050 opinione
869 972 942 1032 adeo
958 972 1086 1051 partibus
1104 976 1202 1052 operis
1216 975 1298 1034 buius

309 1056 437 1115 omnibus
462 1074 609 1115 connexus
633 1075 667 1116 ao
688 1059 792 1116 mixtus
811 1066 873 1133 est,
891 1065 922 1115 ut
936 1075 974 1114 no
989 1075 1005 1117 a
1020 1061 1169 1117 sententiis
1187 1059 1298 1136 quidem

309 1149 356 1199 aut
377 1139 473 1198 verbis
495 1140 597 1199 saltem
619 1141 739 1218 singulis
760 1142 853 1219 possit
874 1141 1020 1219 separari,
1041 1159 1096 1201 neo
1117 1144 1210 1218 magis
1237 1151 1298 1201 arte

279 1225 427 1283 ttraditur
450 1242 533 1301 quam
557 1233 658 1300 gustus
682 1234 729 1284 aut
751 1225 833 1284 odor.
870 1223 998 1303 ideoque
1014 1242 1083 1300 nos,
1104 1226 1171 1303 quid
1188 1227 1217 1284 in
1233 1243 1299 1305 qna·

303 1326 364 1389 pue
385 1325 417 1366 re
441 1308 617 1386 sequendum
639 1304 854 1387 cavendumque
873 1310 925 1383 sit,
948 1309 1084 1368 docemus
1106 1327 1141 1368 ao
1160 1310 1300 1387 deinceps

308 1389 492 1467 docebimuS,
513 1401 543 1450 ut
565 1392 600 1450 ad
625 1410 660 1450 ea
681 1393 814 1452 iudicium
830 1392 976 1468 dirigatur.
1010 1393 1187 1470 Praecipiam
1202 1395 1299 1470 igitur,

306 1494 359 1551 ne,
385 1475 461 1551 quod
483 1475 559 1534 eiiioi
584 1493 640 1534 non
661 1485 774 1553 potest,
792 1478 1008 1553 aggrediamur,
1023 1486 1054 1536 nt
1072 1480 1214 1536 contraria
1229 1480 1300 1536 vite·

306 1578 368 1617 mus
385 1568 413 1616 et
429 1561 596 1634 communia,
609 1578 645 1618 ne
657 1560 724 1637 quid
735 1562 763 1618 in
779 1560 942 1638 eloquendo
956 1565 1129 1638 corruptum,
1146 1559 1301 1621 obsoumm

308 1639 365 1703 sit?
380 1641 533 1702 Referatur
548 1653 664 1720 oportet
681 1644 716 1703 ad
731 1663 844 1719 sensuS,
862 1645 909 1721 qui
926 1660 983 1702 non
1001 1643 1148 1703 docentur.

281 1738 298 1791 3
392 1727 455 1786 Neo
476 1727 593 1786 multum
615 1745 631 1786 a
655 1727 759 1787 iudicio
785 1728 873 1787 credo
888 1728 994 1787 distare
1016 1727 1230 1802 eonsilium,
1249 1729 1301 1785 nisi

310 1811 386 1889 quod
402 1811 472 1870 iliud
488 1810 705 1870 ostendentibus
728 1831 760 1870 se
782 1811 869 1871 rebus
885 1810 1052 1886 adhibetur,
1074 1811 1131 1870 hoo
1145 1809 1299 1870 latentibus

309 1903 338 1954 et
355 1905 402 1955 aut
417 1896 529 1953 omnino
546 1895 669 1954 nondum
693 1898 817 1974 repertis
839 1903 886 1956 aut
906 1894 1008 1955 dubiis.
1038 1894 1075 1954 m
1089 1894 1223 1954 iudicium
1244 1895 1300 1953 ire·

309 1980 494 2056 quentissime
518 1989 626 2038 eertum
647 1989 707 2054 est,
734 1980 883 2039 eonsilium
905 1996 977 2038 uero
1000 1988 1044 2038 est
1067 1980 1139 2039 ratio
1162 1979 1301 2055 quaedam

309 2064 366 2122 aito
385 2065 473 2141 petita
492 2071 520 2121 et
536 2063 704 2141 plerumque
720 2064 803 2141 plura
818 2063 1000 2142 perpendens
1023 2071 1052 2121 et
1067 2079 1242 2140 comparans,
1253 2060 1301 2120 ba·

283 2146 440 2225 abeasque
461 2150 488 2205 in
509 2165 542 2205 se
565 2156 593 2206 et
615 2150 807 2206 inventionem
830 2156 858 2206 et
880 2147 1089 2206 indicationem.
1126 2145 1185 2205 Sed
1206 2164 1243 2204 ne
1266 2145 1303 2204 de

309 2233 366 2291 hoo
383 2231 496 2308 quidem
512 2241 669 2308 praecepta
691 2232 719 2289 in
737 2234 901 2290 universum
916 2229 1095 2308 expectanda
1116 2238 1190 2288 sunt.
1230 2227 1303 2287 Nam

310 2333 399 2374 exre
422 2317 557 2389 sumitur,
580 2317 660 2373 ouius
684 2315 766 2374 iocus
791 2325 855 2375 ante
887 2315 1027 2374 actionem
1049 2322 1094 2372 est
1118 2314 1302 2392 frequentem

309 2417 372 2457 nam
395 2396 499 2456 Cicero
522 2415 629 2455 summo
654 2399 776 2459 oonsilio
796 2399 910 2459 uidetur
930 2400 959 2457 in
979 2397 1100 2457 Verrem
1119 2397 1168 2456 uel
1189 2406 1303 2455 eontra·

309 2483 379 2540 here
396 2490 525 2558 tempora
542 2481 654 2540 dicendi
667 2483 802 2542 maluisse
821 2500 904 2561 quam
919 2484 948 2541 in
959 2501 1022 2541 eum
1039 2500 1150 2555 annum,
1170 2497 1228 2558 quo
1242 2490 1306 2539 erat

281 2565 345 2638 5Q.
362 2564 530 2624 Hortensius
549 2567 650 2625 consul
670 2567 797 2641 iuturus,
822 2565 959 2624 incidere.
997 2564 1034 2624 m
1050 2568 1078 2624 in
1093 2567 1165 2643 ipsis
1184 2566 1305 2623 aetioni-

310 2648 362 2707 bus
378 2651 497 2725 primum
515 2667 549 2707 ao
565 2653 791 2726 potentissimum
814 2650 923 2709 obtinet
943 2650 1053 2716 looum;
1074 2667 1157 2723 nam,
1180 2647 1248 2725 quid
1263 2649 1306 2707 di·

312 2732 446 2806 cendum,
467 2733 533 2810 quid
550 2734 714 2808 tacendum,
735 2734 800 2811 quid
818 2732 1005 2792 differendum
1022 2734 1075 2807 sit,
1093 2734 1213 2808 exigere
1236 2748 1306 2790 oon·

310 2817 367 2875 silii
382 2824 443 2883 est;
460 2835 567 2892 negare
584 2819 620 2875 sit
631 2820 700 2877 satis
713 2836 747 2876 an
760 2817 930 2891 defendere,
947 2816 994 2876 ubi
1007 2819 1157 2894 prooemio
1169 2815 1307 2874 utendum

311 2909 340 2960 et
356 2900 442 2978 quali,
462 2902 667 2960 narrandumne
685 2912 713 2960 et
729 2901 884 2980 quomodo,
900 2903 962 2959 iure
977 2902 1056 2978 prius
1072 2900 1255 2978 pugnandum
1270 2918 1306 2958 an

299 3001 422 3065 aequo,
447 2986 494 3063 qui
510 2986 546 3043 sit
561 2986 632 3045 ordo
646 2986 829 3060 utilissimus,
853 2995 912 3043 tum
925 3001 1023 3043 omues
1041 2985 1174 3059 colores,
1199 3001 1306 3061 aspere

283 3056 347 3140 6'an
370 3069 474 3128 leniter
507 3087 542 3128 an
563 3072 648 3129 etiarn
678 3072 828 3128 summisse
850 3069 929 3146 ioqui
955 3071 1098 3146 expediat.
1146 3068 1205 3128 Sed
1232 3068 1307 3127 baeo

312 3171 437 3230 quoque,
454 3163 484 3212 ut
503 3154 624 3230 quisque
639 3170 741 3231 passus
759 3163 803 3212 est
819 3154 919 3227 ioous,
936 3154 1103 3227 monuimus,
1125 3152 1260 3230 idemque
1279 3153 1307 3210 in

312 3237 423 3314 reliqua
438 3247 520 3315 parte
536 3238 688 3304 iaciemus;
711 3255 803 3314 pauoa
823 3246 918 3296 tamen
939 3236 1064 3312 exempli
1080 3239 1172 3312 gratia
1190 3253 1306 3314 ponam,

313 3320 414 3397 quibus
425 3322 601 3380 manifestius
615 3330 762 3397 appareat,
780 3320 846 3400 quid
859 3323 906 3396 sit,
923 3320 1000 3398 quod
1013 3321 1200 3380 demonstrari
1217 3337 1307 3397 posse

285 3406 479 3481 upraeoeptis
502 3422 558 3462 non
581 3404 712 3464 arbitror.
756 3403 897 3463 Laudatur
921 3404 1071 3464 consilium
1090 3396 1306 3475 Demosthenis,

314 3487 401 3563 quod,
421 3506 483 3546 oum
506 3488 639 3547 suaderet
654 3487 760 3547 bellum
772 3487 995 3547 Atheniensibus
1011 3505 1110 3566 parum
1124 3488 1152 3547 id
1163 3503 1307 3569 prospere

313 3572 459 3648 expertis,
482 3571 550 3630 nihii
572 3571 665 3631 adbuc
686 3571 790 3630 factum
808 3590 874 3630 esse
889 3574 1000 3631 ratione
1016 3580 1169 3638 monstrat;
1192 3579 1308 3649 poterat

309 3658 385 3715 enirn
401 3656 547 3716 emendari
563 3657 755 3735 negligentia;
774 3665 819 3733 at,
837 3659 862 3715 si
875 3656 943 3716 nihil
962 3664 1042 3715 esset
1057 3665 1191 3732 erratum,
1206 3655 1307 3714 melio·
