3184 4409
330 446 392 509 238
663 460 1026 522 uanamounmmsm

331 613 437 673 cilicia.
471 613 514 674 lta
533 633 588 676 uec
609 615 828 676 antecedentem
849 617 990 695 consequi
1012 632 1205 699 possumus,
1232 629 1262 682 et
1278 620 1314 683 lca

329 698 395 774 qius
411 697 533 758 eundum
548 707 604 776 est,
619 709 650 759 ut
665 717 714 759 res
730 700 816 760 leret
845 697 883 760 Et
896 698 1060 780 probabilis
1077 711 1189 766 umen
1204 705 1315 786 capt&

329 780 515 842 honestorum
536 792 566 843 et
584 783 663 844 uelut
677 784 790 844 tutioris
805 783 958 844 audentiae
971 792 1019 844 est
1041 793 1222 869 temptare,
1244 788 1315 871 qrb

328 867 457 944 paratior
469 867 553 927 venia
568 875 622 927 est.

413 1017 481 1070 NON
497 1017 599 1071 Possm
616 1017 796 1071 ORATOREM
808 1018 889 1071 ESSE
904 1016 970 1071 NISI
985 1018 1100 1073 vmuu
1119 1022 1259 1079 nom

411 1113 435 1174 l.
450 1113 494 1174 Sit
510 1130 582 1192 ergo
599 1114 682 1174 nobis
699 1125 816 1193 orator,
840 1134 925 1197 quem
941 1116 1172 1196 constituimus,
1197 1121 1316 1203 ls„qur

328 1195 621 1275 itcatoneuuttur,
641 1199 838 1261 virbonus
859 1198 1209 1279 diceudiperitus;
1234 1222 1317 1277 reum

328 1283 358 1344 id
375 1281 453 1361 quod
468 1291 498 1342 et
513 1282 563 1342 ille
578 1285 674 1361 posuit
693 1285 788 1363 prius,
812 1292 843 1345 et
863 1284 927 1363 ipsa
947 1292 1048 1345 natura
1068 1288 1182 1363 potius
1200 1306 1241 1351 ac
1255 1292 1318 1351 mah

329 1368 504 1445 est,utique
520 1366 715 1427 virbonus.
746 1366 779 1429 ld
795 1384 854 1428 nou
868 1384 905 1428 eo
920 1375 1043 1443 tantum,
1060 1368 1170 1447 quod,
1189 1374 1219 1433 si
1235 1372 1318 1435 visst

328 1451 442 1511 dicendi
455 1450 788 1528 malitiaminstruxerit,
804 1450 874 1512 uiluil
888 1452 926 1512 sit
939 1450 1067 1531 publicis
1086 1455 1283 1537 privatisque
1294 1474 1318 1519 re

327 1535 382 1595 bus
397 1536 589 1614 perniciosius
607 1535 784 1614 eloquentia,
801 1552 916 1614 nosque
931 1536 998 1614 ipsl,
1014 1536 1064 1615 qui
1080 1554 1141 1617 pro
1158 1540 1246 1603 virili
1261 1549 1319 1623 put

328 1620 464 1680 conferre
477 1618 585 1698 aliquid
600 1619 636 1680 ad
650 1619 818 1681 facultatem
831 1620 945 1681 dicendi
960 1620 1056 1681 conati
1070 1638 1194 1701 sumas,
1212 1626 1319 1706 pesab

327 1721 488 1764 mereamur
510 1702 547 1763 de
571 1702 659 1764 rebus
682 1705 841 1779 humanis,¹
855 1705 882 1765 si
904 1703 1007 1765 latroni
1029 1720 1250 1786 comparamus
1267 1708 1319 1771 trs

299 1799 405 1851 turma
419 1804 477 1847 non
492 1787 582 1848 militi.
615 1786 690 1863 Quid
706 1788 743 1849 de
763 1786 848 1849 uobis
863 1786 989 1867 loquor?
1013 1784 1127 1851 lterum
1143 1790 1224 1871 ipsa
1241 1804 1318 1857 uam

328 1873 356 1931 iu
374 1889 427 1948 eo,
453 1870 529 1950 quod
546 1873 703 1950 praecipue
718 1872 873 1933 indulsisse
887 1872 993 1935 luomiui
1006 1872 1125 1955 videtur
1140 1892 1271 1959 quoque
1283 1892 1318 1939 ru

328 1973 344 2016 a
371 1957 477 2016 ceteris
500 1954 669 2017 animalibus
695 1974 870 2035 separasse,
894 1973 953 2017 non
977 1974 1086 2039 pareus
1115 1959 1176 2022 sed
1208 1975 1318 2024 norma

327 2039 431 2116 fuerit,
457 2041 482 2100 si
503 2040 669 2101 facultatem
689 2040 820 2117 dicendi,
849 2039 1148 2119 metanomiam,
1180 2044 1317 2111 adrem

326 2126 526 2201 innocentiae,
549 2124 661 2184 hostem
680 2126 810 2184 veritatis
826 2124 943 2187 inuenit.
978 2122 1074 2187 lutus
1096 2126 1180 2189 anim
1203 2130 1317 2192 nscia

327 2227 417 2287 egere
429 2210 504 2269 omui
520 2211 630 2269 ratione
647 2210 735 2269 satius
749 2208 869 2280 luisset,
891 2226 975 2288 quam
990 2208 1202 2288 prouidentiae
1217 2228 1315 2275 mm

298 2296 354 2360 sin
374 2303 497 2354 mutuam
519 2294 677 2372 perniciem
700 2302 882 2353 convertere.
913 2290 1040 2370 Longius
1061 2294 1161 2357 tendit
1178 2296 1242 2360 hoo
1261 2296 1315 2359 iri

327 2381 401 2439 cium
415 2396 518 2437 meum.
550 2376 652 2454 Neque
668 2379 743 2437 euim
757 2387 865 2438 tantum
883 2376 913 2438 id
922 2378 1012 2454 dico,-
1033 2395 1117 2454 euuu,
1139 2382 1196 2458 qui
1214 2384 1252 2444 sit
1266 2397 1315 2442 our

325 2472 388 2537 tor,
414 2463 505 2521 virum
529 2462 635 2521 bouum
655 2480 723 2522 esse
745 2470 899 2541 oportere,
926 2461 980 2523 sed
1000 2478 1038 2522 uc
1058 2460 1192 2525 futurum
1215 2466 1315 2547 quide!

326 2555 470 2606 oratorem
483 2546 537 2605 uisi
552 2547 643 2606 virum
657 2545 771 2606 bouum.
802 2544 875 2606 Nam
893 2554 974 2606 certe
987 2563 1085 2625 neque
1101 2546 1314 2629 intelligentia!

326 2631 510 2689 concesseris
528 2631 580 2706 iis,
602 2631 666 2709 qui,
689 2631 840 2709 proposita
858 2629 1046 2690 luonestorum
1064 2647 1102 2691 ac
1126 2636 1257 2712 turpium
1269 2634 1314 2705 rit.

325 2714 456 2791 peiorem
470 2715 552 2790 sequi
566 2714 683 2790 melent,
700 2732 795 2793 neque
812 2714 1001 2792 prudentiam,
1017 2730 1081 2773 cum
1092 2715 1123 2775 iu
1136 2718 1314 2793 gravissim

325 2798 494 2874 frequenter
511 2797 619 2873 legum,
637 2817 756 2877 semper
769 2814 842 2859 vero
856 2798 949 2859 malae
966 2799 1167 2860 conscientiae
1185 2814 1314 2881 poeaasu

295 2887 416 2941 isemet
435 2883 508 2959 ipsis
532 2883 689 2960 improviso
706 2901 802 2943 rerum
818 2883 897 2943 exitu
913 2882 1074 2943 induantur.
1106 2880 1226 2956 Quodsi
1239 2884 1313 2947 ucn't

323 2984 389 3026 uem
405 2966 509 3026 malum
527 2984 594 3025 esse
610 2968 664 3025 nisi
680 2967 796 3027 stultum
813 2966 946 3043 eundem,
962 2982 1021 3027 uon
1036 2966 1124 3027 modo
1142 2968 1314 3049 sapientiis

324 3050 500 3111 dicitursed
521 3051 610 3127 vulgo
632 3068 750 3130 quoque
772 3068 890 3129 semper
912 3058 957 3111 est
977 3050 1134 3111 credimur:
1166 3064 1251 3115 certe
1270 3067 1314 3115 rut

324 3135 374 3194 liet
394 3153 517 3214 unquam
544 3135 647 3195 stultus
674 3146 780 3195 orator.
821 3135 904 3196 Adde
919 3134 998 3214 quod
1020 3151 1058 3195 ue
1083 3133 1185 3197 studio
1213 3136 1313 3219 quide·

324 3220 424 3295 operis
450 3217 634 3298 pulcherrimi
659 3238 765 3280 vacare
787 3236 869 3279 meus
893 3221 948 3281 uisi
973 3218 1105 3301 omuibus
1125 3222 1210 3283 uitiis
1235 3221 1313 3285 liter·

323 3311 436 3380 potest:
462 3304 582 3380 primum
603 3302 680 3380 quod
695 3305 723 3362 iu
738 3303 842 3365 eodem
857 3312 981 3384 pectore
995 3302 1104 3364 nullum
1122 3314 1172 3365 est
1186 3305 1311 3368 honesto

323 3403 384 3444 rum
398 3388 578 3464 turpiumque
595 3389 786 3462 consortium,
804 3396 834 3449 et
849 3388 979 3469 cogitare
997 3387 1104 3466 optima
1120 3389 1211 3452 simul
1226 3409 1261 3453 ac
1274 3389 1311 3450 dr

323 3471 439 3530 terrima
463 3487 520 3529 uon
544 3473 635 3548 magis
661 3479 706 3530 est
728 3474 812 3532 uuius
830 3473 916 3534 animi
941 3490 1026 3552 quam
1048 3471 1182 3535 eiusdem
1203 3471 1311 3537 homiui

295 3551 427 3617 aleonum
442 3572 508 3613 esse
524 3572 559 3613 ac
573 3556 691 3622 malum;
707 3564 765 3616 tum
781 3555 830 3617 illa
846 3573 963 3635 quoqne
979 3573 1130 3633 excausa,
1148 3560 1233 3638 quod
1246 3572 1309 3619 mer·

323 3645 381 3697 tem
397 3646 492 3705 tantae
509 3640 550 3696 rei
566 3639 700 3700 intentam
716 3658 822 3700 vacare
839 3640 970 3727 omuibus
985 3639 1050 3701 aliis
1065 3640 1153 3701 ctiam
1171 3642 1260 3725 culpa
1274 3656 1309 3701 or

322 3720 451 3782 rentibus
468 3721 544 3781 curis
559 3732 684 3800 oportet.
719 3722 760 3784 ltu
776 3724 888 3785 demum
903 3724 978 3785 euim
993 3722 1086 3785 libera
1101 3741 1141 3787 ac
1154 3733 1231 3805 tota,
1245 3721 1309 3787 ulli
