3184 4409
657 863 835 931 LIBER
863 866 940 932 VII.

293 1037 374 1090 Libro
397 1039 505 1105 septimo
525 1037 589 1087 haec
611 1038 779 1090 continentur:
803 1038 841 1087 De
863 1033 1051 1102 dispositione.¹
1082 1039 1119 1088 De
1141 1042 1293 1090 coniectura.

330 1108 369 1158 Dc
383 1107 504 1157 finitione.
545 1107 582 1156 De
597 1106 722 1170 qualitate.
767 1107 805 1156 De
822 1107 960 1156 iuridiciali
980 1107 1107 1168 qualitate.
1145 1108 1183 1158 De
1200 1111 1294 1175 scripto

332 1185 357 1226 ct
372 1177 508 1226 voluntate.
545 1175 581 1224 De
595 1175 695 1240 legibus
714 1176 857 1227 contrariis.
889 1175 926 1225 De
945 1175 1103 1240 syllogismo.
1133 1178 1171 1226 De
1187 1179 1295 1244 Amphi-

330 1244 408 1298 bolia.
438 1246 476 1295 Dc
491 1246 677 1311 praedictorum
696 1252 805 1295 statuum
824 1245 981 1310 cognatione.
1009 1245 1045 1294 De
1063 1247 1089 1294 vi
1108 1246 1294 1311 dispositionis.

650 1385 692 1433 DE
709 1384 942 1435 blsrosrrrona.

382 1469 621 1561 Prooemium.
655 1495 699 1555 De
711 1499 887 1572 inventione,
904 1505 934 1555 ut
950 1496 1084 1571 arbitror,
1105 1498 1175 1555 satis
1191 1499 1296 1558 dictum

293 1589 353 1640 est.
387 1581 490 1656 Neque
506 1580 579 1637 enim
600 1597 634 1638 ea
655 1580 784 1656 demum,
807 1600 881 1659 quae
905 1581 941 1640 ad
961 1581 1122 1640 docendum
1139 1583 1294 1659 pertinent,

295 1667 413 1726 executi
445 1680 540 1721 sumus
565 1681 665 1722 verum
693 1666 777 1724 etiam
801 1674 894 1724 motus
919 1668 1075 1724 animorum
1101 1667 1293 1725 tractavimus.

294 1748 357 1808 Sed
371 1759 400 1808 ut
416 1764 506 1825 opera
523 1747 718 1806 extruentibus
737 1751 807 1807 satis
822 1766 879 1807 non
895 1759 950 1823 est,
966 1766 1036 1807 saxa
1048 1759 1134 1825 atque
1149 1752 1296 1810 materiam

294 1840 328 1891 et
350 1842 446 1892 cetera
469 1830 628 1890 aedificanti
656 1832 737 1891 utilia
760 1849 939 1909 congerere,
968 1834 1022 1890 nisi
1045 1833 1230 1910 disponendis
1253 1835 1296 1892 eis

294 1915 535 1992 collocandisque
558 1915 706 1975 artificium
733 1933 831 1975 manus
855 1915 1038 1975 adhibeatur:
1061 1917 1103 1975 sic
1123 1919 1151 1974 in
1172 1918 1295 1977 dicendo

294 1999 454 2074 quamlibet
469 1997 615 2058 abundans
631 2016 726 2057 rerum
743 2002 829 2077 copia
845 2000 985 2059 cumulum
1007 2007 1113 2058 tantum
1135 1999 1239 2060 habeat
1255 2011 1295 2060 at·

294 2101 353 2160 que
370 2091 554 2160 congestum,
574 2084 628 2141 nisi
643 2084 709 2142 illas
724 2083 824 2142 eadem
848 2084 1050 2160 dispositio
1065 2085 1093 2141 in
1110 2084 1238 2143 ordinem
1255 2085 1295 2142 di-

294 2176 395 2243 gestas
419 2176 504 2244 atque
524 2168 598 2224 inter
621 2184 653 2226 se
676 2169 843 2227 commissas
859 2168 1030 2227 devinxerit.
1068 2166 1132 2226 Neo
1153 2169 1324 2234 immeritos

294 2252 424 2331 secunda
440 2253 564 2328 quinque
581 2253 701 2327 partium
716 2251 811 2328 posita
827 2261 888 2326 est,
913 2269 976 2310 cum
996 2252 1058 2309 sine
1074 2269 1108 2309 ea
1123 2253 1204 2328 prior
1224 2252 1294 2329 nihil

293 2335 401 2394 valeat.
433 2334 537 2411 Neque
552 2337 626 2393 enim
641 2353 801 2412 quanquam
817 2336 887 2394 lusis
904 2334 1033 2394 omnibus
1050 2334 1184 2394 membris
1200 2344 1294 2395 statua

293 2421 342 2493 sit,
360 2421 413 2477 nisi
430 2417 602 2493 collocetur,
620 2427 649 2477 et
660 2420 684 2476 si
695 2436 778 2496 quam
789 2422 818 2478 in
830 2419 1000 2497 corporibus
1016 2422 1122 2479 nostris
1135 2419 1294 2480 aliorumve

294 2503 456 2562 animalium
469 2511 580 2579 partem
596 2513 741 2580 permutes
759 2512 788 2562 et
802 2505 970 2578 transferas,
988 2503 1057 2562 licet
1073 2504 1179 2564 babeat
1195 2504 1295 2564 eadem

293 2589 399 2659 omnia,
419 2587 582 2664 prodigium
597 2589 634 2645 sit
651 2596 754 2645 tamen.
785 2586 823 2647 Et
835 2598 912 2647 artus
929 2590 1014 2647 etiam
1025 2588 1131 2647 leviter
1146 2589 1214 2648 loco
1226 2590 1296 2647 moti

293 2671 433 2748 perdunt,
459 2688 515 2748 quo
532 2673 701 2747 viguerunt,
725 2689 822 2745 usum,
846 2680 875 2730 et
890 2672 994 2731 turbati
1010 2674 1155 2732 exercitus
1170 2672 1225 2731 sibi
1240 2673 1295 2750 ipsi

294 2763 360 2813 sunt
375 2755 588 2832 impedimento.
628 2753 691 2813 Neo
706 2755 772 2814 mibi
788 2756 921 2815 videntur
942 2774 1057 2831 errare,
1079 2759 1127 2835 qui
1143 2758 1234 2833 ipsam
1249 2770 1325 2824 rea

294 2855 357 2896 rum
370 2847 499 2898 naturam
519 2847 596 2898 stare
614 2839 714 2898 ordine
732 2847 847 2917 putant,
870 2857 927 2917 quo
949 2840 1071 2900 confuso
1090 2842 1219 2918 peritura
1239 2843 1296 2899 sint

294 2923 398 2981 omnia.
439 2923 487 2982 Sic
519 2924 611 2981 oratio
633 2940 734 2981 carens
757 2922 812 2983 bac
834 2925 939 2983 virtute
964 2924 1151 2984 tumultuetur
1170 2942 1296 2983 necesse

294 3014 340 3064 est
356 3015 384 3064 et
401 3008 462 3064 sine
479 3015 595 3065 rectore
610 3005 702 3065 lluitet
719 3024 774 3065 nec
790 3007 947 3069 cohaereat
967 3009 1038 3084 sibi,
1065 3008 1152 3067 multa
1169 3016 1295 3086 repetat,

292 3090 380 3149 multa
396 3098 533 3165 trauseat,
549 3090 629 3149 velut
643 3099 730 3149 nocte
746 3092 775 3148 in
793 3093 900 3168 ignotis
913 3093 987 3152 locis
1004 3110 1120 3166 errans,
1145 3109 1201 3150 nec
1214 3092 1295 3151 initio

292 3192 348 3232 nec
364 3174 420 3232 line
436 3176 589 3252 proposito
606 3191 703 3232 casum
720 3176 817 3251 potius
832 3194 916 3254 quam
931 3177 1082 3236 consilium
1097 3184 1244 3253 sequatur.

379 3256 565 3336 Quapropter
579 3267 656 3317 totus
670 3258 717 3317 bic
729 3258 803 3317 liber
814 3262 922 3319 serviat
939 3260 1202 3338 dispositioni,
1220 3272 1325 3338 quae4

291 3341 418 3418 quidem,
436 3345 459 3400 si
477 3353 557 3402 carta
571 3342 667 3420 aliqua
682 3344 728 3402 via
743 3344 817 3402 tradi
828 3345 856 3402 in
867 3362 965 3403 omnes
980 3345 1115 3404 materias
1130 3344 1192 3403 ullo
1207 3346 1294 3405 modo

291 3435 406 3503 posset,
425 3436 554 3486 nontam
570 3427 670 3504 paucis
687 3428 869 3503 contigisset.
902 3428 960 3487 Sed
979 3445 1044 3488 oum
1060 3428 1186 3487 inlicitae
1203 3429 1294 3488 litium

289 3509 403 3568 formae
421 3511 527 3569 fuerint
541 3511 713 3588 futuraeque
731 3512 803 3587 sint,
827 3522 856 3572 et
876 3521 919 3571 tot
934 3513 1060 3572 saeculis
1078 3513 1157 3573 nulla
1175 3523 1294 3591 reperta

290 3596 328 3652 sit
347 3611 449 3669 causa,
467 3611 541 3673 quae
557 3603 637 3654 esset
652 3603 713 3655 tota
729 3594 813 3655 alteri
828 3597 943 3672 similis,
970 3599 1063 3676 sapiat
1079 3606 1196 3675 oportet
1211 3606 1294 3656 actor

289 3687 321 3736 et
336 3677 439 3753 vigilet
457 3687 486 3737 et
501 3680 632 3739 inveniat
651 3687 683 3739 ct
695 3679 803 3740 iudicet
823 3690 852 3741 et
874 3681 1026 3743 oonsilium
1040 3701 1059 3744 a
1072 3701 1107 3742 se
1120 3683 1188 3759 ipso
1202 3691 1301 3758 petat.

330 3783 360 3818 nv.
380 3783 404 3819 r.
426 3783 540 3830 prinam.
558 3767 591 3822 ll.
1123 3767 1147 3824 l
1219 3786 1225 3795 “
