3184 4409
340 482 381 548 66
653 495 1011 556 denominamur

338 660 499 714 centorum
516 660 648 731 tempos,
670 668 729 728 quo
748 652 831 711 idem
851 669 911 711 nen
929 653 1153 730 permitterem
1173 650 1214 712 ita
1234 659 1265 712 et
1287 652 1328 712 in·

339 737 426 814 genio
442 735 605 813 gaudebant
620 744 649 794 et
664 735 768 794 iudicio
784 751 841 792 non
858 735 1041 795 fallebantur.

300 829 332 883 15
426 820 484 878 Sed
508 829 595 878 uteo
620 828 766 893 revertar,
787 818 863 877 unde
881 837 942 877 sum
961 819 1125 895 digressus:
1149 819 1328 878 narrationes

341 903 409 962 stilo
428 905 561 981 componi
577 912 680 979 quanta
699 903 820 961 maxima
838 905 931 979 possit
945 902 1069 963 adbibita
1087 902 1235 979 diligentia
1248 902 1327 961 volo.

340 987 413 1046 Nam
439 997 469 1046 ut
491 989 600 1064 primo,
623 1005 687 1045 cum
710 1003 804 1044 sermo
824 986 993 1062 instituitur,
1016 987 1114 1046 dicere
1136 1004 1211 1063 quae
1232 986 1327 1045 audie·

341 1072 411 1145 rint,
441 1070 511 1129 utile
539 1079 583 1130 est
601 1071 698 1147 pueris
728 1070 764 1129 ad
788 1069 924 1147 loquendi
946 1069 1125 1137 facultatem
1152 1070 1279 1147 ideoque
1301 1077 1329 1128 et

340 1164 419 1214 retro
444 1173 533 1230 agere
555 1155 765 1231 expositionem
788 1162 856 1213 eta
882 1154 975 1213 media
998 1156 1026 1213 in
1048 1164 1196 1231 utramque
1218 1162 1328 1232 partem

341 1239 504 1298 discurrere
528 1256 597 1297 sane
617 1239 719 1296 merito
742 1247 899 1314 cogantur,
927 1239 980 1298 sed
997 1239 1031 1298 ad
1049 1239 1188 1315 gremium
1207 1254 1327 1316 praece·

339 1323 448 1400 pteris,
476 1331 505 1381 et
527 1322 591 1381 dum
612 1339 668 1380 non
689 1329 825 1399 possunt,
850 1330 879 1380 et
903 1322 968 1382 dum
989 1340 1037 1381 res
1059 1340 1094 1381 ao
1111 1321 1200 1381 verba
1223 1338 1328 1380 conne-

340 1411 419 1466 cter‘e
442 1407 593 1484 incipiunt,
622 1414 652 1463 ut
673 1407 803 1484 protinus
831 1407 997 1466 memoriam
1023 1406 1149 1464 firment:
1179 1406 1235 1479 ita,
1265 1423 1328 1464 curn

340 1492 395 1549 iam
422 1490 543 1548 formam
571 1497 670 1547 rectae
697 1498 782 1566 atque
813 1490 981 1549 emendatae
1008 1491 1146 1549 orationis
1170 1490 1327 1566 accipient,

340 1572 546 1651 extemporalis
563 1572 716 1648 garrulitas
737 1590 792 1632 neo
815 1582 969 1651 expectata
987 1575 1125 1650 cogitatio
1145 1582 1173 1632 et
1194 1574 1245 1632 rix
1267 1590 1327 1630 sur·
1348 1626 1350 1629 ,

298 1658 424 1733 ligendi
445 1673 526 1716 mora
548 1655 750 1715 circulatoriae
766 1675 837 1716 vere
861 1658 1022 1716 iactationis
1046 1667 1099 1716 est.
1131 1656 1204 1716 llinc
1225 1673 1327 1735 paren·

273 1760 276 1766 ’
339 1742 408 1799 tium
436 1740 631 1818 imperitorum
658 1739 741 1798 inane
769 1741 918 1817 gaudium,
947 1743 1016 1819 ipsis
1044 1759 1116 1800 vero
1148 1749 1328 1817 contemptus

339 1825 437 1902 operis
461 1833 490 1882 et
512 1824 704 1882 inverecunda
726 1824 807 1883 frons
827 1834 857 1884 et
874 1826 1051 1885 consuetudo
1070 1825 1196 1903 pessime
1214 1823 1328 1882 dicendi

341 1917 370 1967 et
390 1907 529 1966 malorum
548 1907 717 1965 exercitatio
740 1917 786 1983 et,
811 1926 884 1986 quae
906 1927 1025 1985 magnos
1045 1926 1160 1987 quoque
1178 1907 1328 1986 proiectus

339 1993 507 2070 frequenter
528 1990 666 2068 perdidit,
698 2009 836 2068 arrogans
859 1993 895 2052 de
921 1997 954 2052 'se
982 1994 1133 2071 persuasio
1161 1992 1326 2050 innascitur.

298 2075 401 2140 mitrii
430 2094 511 2134 suum
532 2075 675 2152 parandae
698 2075 827 2136 facilitati
856 2074 985 2154 tempus,
1015 2096 1069 2136 neo
1092 2075 1213 2136 anobis
1236 2074 1328 2150 negli-

338 2170 443 2237 genter
469 2159 552 2219 locus
575 2160 630 2218 iste
659 2159 832 2220 transibitur.
876 2160 991 2220 lnterim
1019 2162 1088 2220 satis
1118 2168 1178 2234 est,
1208 2160 1233 2216 si
1256 2176 1329 2236 puer

339 2246 414 2303 omni
436 2261 503 2303 cura
519 2251 548 2301 et
568 2260 695 2318 summo,
720 2254 854 2321 quantum
875 2244 924 2303 illa
939 2244 1135 2323 aetas'capit,
1158 2241 1260 2302 labore
1278 2241 1327 2301 ali-

340 2329 406 2406 quid
428 2326 580 2406 probabile
603 2328 769 2404 scripserit;
792 2330 821 2386 in
842 2329 899 2388 boc
918 2337 1083 2403 assuescat,
1107 2327 1189 2386 buius
1211 2326 1267 2384 sibi
1286 2325 1328 2384 rei

339 2420 467 2471 naturam
487 2410 584 2468 iaciat.
614 2409 668 2469 llle
690 2410 801 2469 demum
818 2414 846 2470 in
867 2413 912 2488 id,
936 2412 1012 2489 quod
1030 2411 1208 2491 quaerimus,
1232 2418 1280 2468 aut
1302 2409 1328 2467 ei

339 2493 499 2572 proximum
524 2493 631 2570 poterit
659 2494 801 2571 evadere,
830 2496 877 2572 qui
905 2505 971 2555 ante
995 2497 1088 2556 discet
1117 2503 1199 2554 recte
1230 2493 1327 2553 dicere

340 2595 423 2655 quam
449 2577 515 2635 cito.

297 2669 332 2722 18
424 2659 641 2718 Narrationibus
656 2676 713 2719 non
730 2661 865 2721 inutiliter
879 2662 1058 2739 subiungitur
1073 2678 1146 2741 opus
1163 2659 1329 2721 destruendi

341 2743 584 2820 confirmandique
608 2762 675 2819 eas,
700 2745 775 2822 quod
794 2736 943 2824 ἆνασκευὴ
967 2756 997 2816 et
1017 2735 1182 2822 κατασκευὴ
1196 2754 1328 2819 vetatur.

339 2827 371 2887 ld
393 2845 481 2906 porro
507 2845 564 2886 non
587 2836 694 2887 tantum
724 2831 752 2887 in
773 2829 914 2888 fabulosis
937 2840 966 2889 et
987 2833 1111 2890 carmine
1134 2828 1244 2888 traditis
1266 2828 1330 2887 lieri

340 2920 438 2990 potest
458 2929 556 2970 verum
579 2913 663 2970 etiam
686 2914 714 2970 in
736 2914 806 2990 ipsis
831 2914 972 2973 annalium
994 2915 1199 2987 monumentis,
1228 2920 1274 2986 ut,
1305 2912 1330 2969 si

340 3005 510 3074 quaeratur,
533 3013 575 3055 an
594 2997 633 3056 sit
651 2998 798 3058 credibile
816 3017 910 3076 super
925 3007 1018 3077 ceput
1037 2997 1151 3060 Valerii
1164 2997 1331 3076 pugnantis

339 3082 458 3141 sedisse
475 3098 612 3154 corvom,
632 3082 684 3158 qui
700 3100 734 3142 oc
747 3083 908 3160 oculosque
926 3083 1017 3143 tostis
1033 3083 1112 3142 Galli
1125 3087 1331 3156 rostrotatque

341 3164 401 3224 olis
419 3165 630 3241 eoerberoret,
653 3165 689 3223 sit
711 3165 739 3223 in
757 3173 1034 3244 utramquepartem
1055 3167 1157 3243 ingens
1176 3163 1211 3223 ad
1231 3163 1330 3222 dicen·

299 3254 332 3308 19
342 3247 406 3307 dum
427 3249 558 3316 materia;
582 3256 629 3306 aut
650 3250 690 3309 de
708 3259 864 3328 serpente,
887 3267 946 3329 quo
965 3250 1069 3328 Scipio
1090 3250 1225 3310 traditur
1242 3248 1329 3325 peni·

340 3339 403 3410 tae,
426 3340 455 3391 et
476 3333 549 3410 lupo
567 3331 687 3393 Romuli
708 3341 736 3392 et
757 3331 873 3411 riperta
893 3332 1021 3396 Numae.
1051 3333 1122 3413 Nam
1147 3331 1267 3399 Graecis
1288 3331 1329 3390 bi·

339 3415 436 3473 storiis
458 3415 626 3494 plerumque
645 3418 779 3494 poeticae
796 3418 896 3477 similis
913 3419 1029 3478 licentia
1044 3427 1098 3478 est.
1126 3417 1223 3493 Saepe
1245 3415 1329 3474 etiam

340 3499 440 3576 quaeri
456 3499 534 3559 solet
548 3501 583 3559 de
596 3509 737 3579 tempore,
755 3501 791 3560 de
811 3502 878 3561 loco
897 3520 953 3580 quo
967 3512 1051 3578 gesta
1065 3520 1114 3560 res
1129 3501 1243 3575 dicitur,
1259 3516 1328 3558 non-

286 3581 289 3586 ’
338 3599 481 3659 nunquam
500 3583 536 3642 de
563 3601 688 3661 persona
711 3601 842 3663 quoque;
871 3588 945 3645 siout
972 3587 1067 3645 binius
1095 3584 1329 3662 frequentissime

342 3665 588 3740 dubitat,et'alii
612 3666 655 3725 ab.
669 3668 732 3727 aliis
753 3669 882 3728 historici
904 3671 1082 3729 dissentiunt.

286 3755 366 3896 ἃ.
421 3749 490 3810 lnde
513 3751 648 3828 paulatim
670 3753 706 3812 ad
727 3755 835 3813 maiora
861 3755 982 3815 tendere
1009 3755 1143 3834 incipiet,
1175 3730 1338 3819 laudarer
