3184 4409
355 451 413 514 194
480 411 483 415 .
653 463 689 511 u.
712 463 789 513 ιιι,
813 461 1030 522 pumannum

352 627 447 678 tatum.
475 615 549 677 Cum
564 617 600 676 sit
617 624 710 677 autem
729 616 816 676 iubis
833 624 880 676 aut
895 615 991 675 scelus
1005 617 1180 693 signatorum
1195 625 1243 677 aut
1254 618 1338 696 igno-

350 704 454 762 rantia:
473 703 558 760 tutius
575 719 609 761 ae
626 700 738 760 facilius
754 700 792 774 id,
809 700 885 779 quod
900 698 1027 759 secundo
1042 700 1109 760 loco
1127 701 1257 778 diximus,
1280 713 1338 763 tra-

322 794 453 861 nctatur,
477 802 532 862 quo
551 786 704 862 pauciores
724 786 766 843 rei
782 785 860 852 liunt.
898 784 956 844 Sed
978 783 1034 843 hoc
1059 786 1157 862 ipsum⁴
1171 797 1338 862 argumenta

352 887 490 929 excausa
506 869 605 943 trahit,
629 869 652 927 si
671 868 746 926 lorte
762 876 810 927 aut
824 867 992 928 incredibile
1007 876 1067 942 est,
1091 868 1119 928 id
1140 878 1234 928 actum
1257 889 1337 944 esse,

352 953 428 1031 quod
445 952 559 1013 tabulae
582 954 743 1026 continent,
762 961 826 1027 aut,
852 951 928 1028 quod
945 951 1122 1028 frequentius
1139 955 1249 1028 evenit,
1272 954 1337 1014 aliis

351 1037 566 1115 probationibus
593 1053 686 1114 aeque
711 1035 936 1095 inartificialibus
958 1035 1093 1102 solvitur;
1123 1038 1147 1094 si
1170 1046 1218 1096 aut
1238 1039 1281 1112 is,
1307 1041 1336 1096 iu

351 1139 435 1198 quem
455 1123 595 1197 signatum
616 1128 675 1194 est,
699 1128 746 1179 aut
767 1118 870 1197 aliquis
885 1121 1013 1195 signator
1028 1119 1131 1178 dicitur
1145 1118 1272 1179 abluisse
1288 1121 1336 1180 vel

351 1207 428 1283 prius
447 1223 514 1264 esse
531 1203 699 1270 deluuetus;
722 1205 746 1261 si
768 1212 898 1281 tempora
918 1205 1334 1279 noncongruunt;s1velan-

350 1289 511 1370 tecedentia
545 1287 594 1347 vel
624 1289 803 1364 insequentia
837 1285 941 1346 tabulis
969 1295 1163 1365 repugnant.
1189 1286 1335 1366 Inspectio

351 1374 459 1468 etiam
451 1391 513 1451 rpsa
528 1389 617 1450 saepe
632 1371 734 1431 falsum
750 1369 949 1448 deprehendit

701 1522 743 1573 DE
760 1521 986 1576 lURElURANDO.

430 1620 479 1680 vt.
511 1617 763 1681 Iusiurandum
789 1619 950 1696 litigatores
976 1627 1023 1679 aut
1045 1619 1167 1678 ollemnt
1187 1637 1269 1678 suum
1290 1629 1339 1679 aut

349 1722 406 1764 non
420 1705 562 1783 recipiunt
580 1704 719 1770 oblatum;
741 1713 788 1763 aut
810 1703 844 1762 ab
867 1703 1033 1763 adversario
1051 1705 1168 1780 exigunt
1190 1711 1237 1763 aut
1252 1722 1337 1763 recu-

236 1863 239 1868 ,
350 1797 428 1863 saut,
452 1807 515 1848 cum
532 1787 568 1847 ab
588 1789 659 1866 ipsis
681 1789 821 1864 exigatur.
860 1786 971 1846 Offerre
993 1805 1074 1847 suum
1094 1789 1155 1846 sine
1172 1786 1221 1846 illa
1238 1789 1337 1848 eondi-

321 1874 448 1946 dcione,
470 1881 500 1931 ut
515 1873 564 1932 vel
582 1872 763 1932 adversarius
778 1871 868 1945 iuret,
883 1871 947 1930 lere
962 1870 1120 1949 improbum
1136 1879 1189 1931 est.
1220 1868 1277 1944 Qui
1295 1882 1337 1931 ta·

348 1974 412 2015 men
428 1956 455 2016 id
472 1956 574 2016 faciet:
599 1964 647 2016 aut
661 1957 718 2015 vita
735 1974 767 2014 se
783 1954 923 2030 tuebitur,
947 1963 977 2013 ut
995 1973 1058 2014 eum
1075 1971 1131 2013 uon
1146 1955 1182 2013 sit
1197 1954 1337 2015 credibile

349 2042 557 2118 peieraturum;
577 2049 624 2100 aut
638 2041 701 2117 ipsa
716 2041 745 2098 vi
765 2038 931 2116 religionis,
951 2040 1049 2116 inqua
1068 2039 1133 2116 plus
1151 2038 1217 2096 fidei
1233 2055 1336 2098 conse·

349 2134 467 2202 quetur,
493 2128 516 2184 si
532 2126 560 2184 id
578 2126 685 2201 egerit,
707 2132 737 2182 ut
757 2141 814 2182 non
837 2123 940 2200 cupide
964 2122 999 2181 ad
1014 2122 1071 2181 boc
1090 2122 1269 2181 descendere
1284 2123 1336 2181 sed

348 2227 384 2267 ne
405 2209 462 2268 hoc
488 2209 600 2287 quidem
627 2226 763 2267 recusare
783 2205 927 2274 videntum
960 2215 1023 2280 aut,
1045 2208 1070 2264 si
1094 2224 1181 2266 causa
1200 2207 1334 2283 patietur,

347 2293 432 2352 modo
448 2293 520 2368 litis,
542 2300 662 2372 propter
684 2310 767 2369 quam
793 2291 948 2350 devoturus
964 2308 996 2348 se
1012 2291 1076 2367 ipse
1092 2306 1164 2348 uon
1170 2289 1267 2356 luerit;
1288 2299 1336 2346 aut

349 2385 465 2454 praeter
488 2376 542 2436 alia
564 2394 669 2435 causae
692 2378 876 2435 instrumenta
903 2374 998 2434 adiicit
1020 2391 1057 2432 ex
1085 2373 1235 2433 abundanti
1261 2371 1336 2431 bano

322 2468 465 2559 3quoque
483 2461 676 2519 conscientiae
704 2477 773 2518 suae
803 2458 943 2518 fiduciam.
986 2456 1041 2530 Qui
1066 2476 1123 2516 non
1144 2457 1281 2534 recipiet:
1307 2466 1337 2515 et

347 2545 470 2620 iniquam
488 2543 684 2603 condicionem
700 2551 729 2601 et
744 2560 760 2602 a
775 2542 870 2601 multis
882 2542 1024 2601 contemni
1039 2539 1217 2600 iurisiurandi
1232 2549 1337 2599 metum

348 2626 434 2702 dicet,
451 2644 513 2686 eum
525 2628 609 2698 etiam
621 2625 786 2704 philosophi
802 2626 914 2704 quidam
925 2627 980 2685 siut
991 2626 1110 2703 reperti,
1124 2643 1174 2724 qur
1165 2623 1256 2685 deos
1268 2642 1337 2700 age·

346 2727 379 2771 re
396 2729 490 2769 rerum
505 2711 686 2770 humanarum
702 2728 797 2796 curam
813 2719 930 2787 negant3
947 2728 1010 2769 eum
1026 2726 1109 2784 vero,
1126 2727 1173 2786 qur
1167 2708 1270 2767 'nullo
1287 2709 1336 2767 de·

347 2794 488 2854 lereute'
480 2812 573 2853 iurare
592 2795 628 2851 sit
643 2780 774 2870 parat'us,
800 2803 829 2853 et
845 2795 938 2872 ipsum
952 2793 1031 2853 velle
1047 2793 1083 2853 de
1099 2810 1185 2851 causa
1200 2810 1252 2851 sua
1268 2809 1336 2869 pro·

347 2880 475 2938 nuntiare
498 2887 542 2953 et,
566 2894 648 2954 quam
667 2877 711 2952 id,
746 2878 823 2955 quod
845 2878 946 2952 offert,
970 2877 1035 2936 leve
1057 2894 1092 2936 ac
1116 2876 1203 2936 iacile
1225 2876 1336 2949 credat,

322 2961 510 3025 dostendere.
544 2959 615 3020 At'
607 2979 647 3036 rs,
670 2963 717 3038 qui
734 2961 843 3036 defert,
866 2961 973 3039 alioqui
994 2978 1083 3038 agere
1104 2959 1235 3019 modeste
1256 2959 1336 3018 vide·

347 3055 402 3121 tur,
420 3064 482 3105 cum
498 3046 555 3105 litis
574 3045 767 3104 adversarium
782 3046 905 3106 iudicem
921 3044 1025 3120 iaciat,
1046 3053 1075 3103 et
1091 3062 1170 3118 eum,
1189 3043 1270 3102 cuius
1287 3060 1336 3101 eo-

346 3131 435 3207 gnitio
459 3139 518 3204 est,
546 3130 640 3188 ouere'
661 3128 778 3204 liberat,
807 3131 855 3208 qui
879 3128 1014 3207 prolecto
1037 3128 1132 3187 alieno
1153 3127 1336 3186 iureiurando

321 3214 417 3276 instari
442 3231 525 3292 quam
545 3229 597 3273 suo
624 3213 739 3290 mavult.
783 3212 847 3286 Quo
871 3212 1015 3272 difficilior
1033 3212 1179 3271 recusatio
1200 3218 1261 3285 est,
1283 3211 1337 3269 uisi

347 3295 423 3355 lorte
445 3314 493 3356 res
515 3307 560 3357 est
580 3316 631 3373 ea,
654 3314 736 3374 quam
759 3296 899 3356 credibile
925 3298 961 3355 sit
984 3305 1079 3355 uotam
1101 3295 1157 3373 ipsi
1176 3311 1233 3353 non
1256 3311 1334 3353 esse.

348 3377 429 3451 Quae
447 3383 595 3440 excusatio
611 3383 635 3440 si
652 3380 758 3439 deerit:
776 3380 833 3438 hoc
848 3398 932 3439 unum
946 3380 1136 3456 relinquetur,
1154 3387 1185 3436 ut
1203 3377 1336 3438 invidiam

347 3461 401 3521 sibi
420 3466 518 3561 quaeri
540 3464 575 3523 ab
591 3464 757 3523 adversario
776 3463 852 3522 dicat
871 3473 957 3541 atque
973 3463 1034 3522 ida
1018 3465 1082 3539 a,gi
1103 3464 1176 3520 utin
1193 3479 1290 3535 eausa,
1308 3462 1336 3518 in

348 3563 403 3627 qua
423 3549 539 3606 vincere
555 3565 611 3606 non
624 3550 731 3625 possit,
754 3548 836 3623 queri
851 3548 952 3625 possit.
998 3546 1097 3623 ltaque
1117 3546 1259 3604 hominem
1275 3543 1335 3621 qui·

332 3628 412 3690 dem
426 3630 527 3689 malum
545 3628 750 3708 occupaturum
765 3630 839 3689 banc
855 3631 1052 3690 condicionem
1067 3629 1169 3705 luisse,
1188 3648 1221 3688 se
1240 3635 1335 3688 autem

340 3713 471 3792 probare
489 3714 591 3789 malle,
617 3732 690 3792 quae
706 3713 845 3790 allirmet,
870 3731 953 3792 quam
969 3713 1084 3773 dubium
1102 3715 1234 3791 cuiquem
1249 3700 1334 3770 reliu-

273 3874 329 3904 -ι,
