3184 4409
575 463 664 512 mss.
682 464 831 514 onnroa.
849 465 917 531 nra.
933 467 986 532 x1,
1003 417 1036 516 rs
1239 455 1298 516 199

246 670 250 681 .
299 637 373 700 quos
390 620 536 679 orationes
552 620 638 678 etiarn
652 621 821 697 scripserat,
837 637 938 679 verum
953 627 983 678 et
998 618 1072 679 iusta
1088 621 1130 679 sic
1147 621 1296 683 iaciendo:

246 728 251 766 ι
298 721 356 763 non
370 722 402 762 se
418 703 454 763 de
471 704 577 779 ingenii
592 703 668 763 lama
679 704 731 764 sed
747 703 784 763 de
799 702 856 762 lide
873 721 941 762 esse
955 702 1119 762 sollicitum.
1145 704 1340 775 Diiircilior74

246 812 251 851 ι
298 789 327 846 ei
340 789 413 847 ratio
426 789 455 847 in
476 787 581 847 iudicio
599 785 769 847 Cluentiano
786 787 855 862 fuit,
878 805 942 846 cum
956 787 1158 847 Scamandrum
1173 807 1303 850 necesse

246 900 248 909 ι
297 871 418 931 baberet
433 871 533 931 dicere
547 880 710 947 nocentem,
727 873 808 931 cuins
825 880 928 948 egerat
942 889 1067 931 causam.
1105 871 1211 931 Verum
1226 869 1297 934 illud

298 954 513 1032 elegantissime
535 972 599 1016 cum
621 972 735 1031 eorum,
761 955 900 1034 aquibus
921 955 957 1015 ad
977 973 1010 1013 se
1031 954 1186 1032 perductus
1206 967 1295 1033 esset,

297 1039 433 1117 precibus
460 1049 518 1100 tum
544 1040 630 1100 etiam
656 1039 855 1101 adolescentia
878 1055 930 1098 sua
957 1048 1088 1105 excusam
1116 1039 1296 1100 detracturus

296 1123 404 1201 alioqui
416 1122 566 1201 plurimum
577 1124 764 1200 auctoritatis,
777 1125 813 1200 si,
829 1124 857 1182 in
869 1141 955 1183 causa
967 1123 1137 1201 pracsertim
1148 1133 1294 1201 suspecta,

296 1225 332 1265 se
349 1219 410 1266 eum
426 1226 510 1284 esse,
528 1209 575 1286 qui
593 1217 700 1268 temere
718 1217 858 1268 nocentes
873 1224 942 1266 reos
956 1209 1128 1284 susciperet,
1146 1207 1294 1267 fateretur.

382 1291 471 1369 Apud
487 1291 609 1353 iudicem
630 1310 718 1367 vero,
743 1293 791 1370 qui
811 1301 859 1352 aut
882 1291 937 1350 erit
957 1293 1085 1350 inimicus
1109 1300 1157 1349 aut
1177 1300 1337 1368 propterts

296 1373 413 1452 aliquod
429 1376 607 1436 commodum
622 1393 639 1436 a
654 1393 751 1451 causa,
767 1394 852 1455 quam
866 1392 920 1435 nos
934 1375 1157 1452 susceperimus,
1173 1374 1294 1450 alienus,

296 1467 329 1517 ut
345 1459 533 1535 persuadendi
549 1459 636 1521 ardua
651 1461 725 1520 ratio
741 1462 780 1520 ita
794 1460 908 1520 dicendi
924 1459 1147 1536 expeditissima.
1177 1457 1296 1519 Fiducia

297 1543 375 1601 enim
389 1543 512 1604 iustitiae
529 1545 591 1603 eius
609 1553 638 1604 et
655 1553 773 1604 nostrae
789 1561 894 1604 causae
909 1543 979 1602 nihil
994 1559 1047 1603 nos
1064 1544 1165 1601 timere
1180 1542 1294 1601 simula-

295 1626 400 1684 bimus.
426 1626 494 1706 lpse
512 1630 567 1688 erit
580 1628 674 1705 gloria
687 1628 844 1704 inllandus,
862 1637 894 1705 ut
908 1630 986 1687 tanto
1003 1626 1109 1687 clarior
1124 1627 1186 1684 eius
1200 1626 1294 1686 lutura

296 1711 335 1768 sit
352 1710 424 1770 iides
439 1729 473 1770 ac
488 1712 592 1789 religio
607 1715 636 1772 in
656 1713 880 1790 pronuntiando,
906 1708 1011 1790 quanto
1032 1712 1123 1770 minus
1140 1709 1189 1769 vel
1203 1710 1293 1769 olien-

297 1811 349 1853 sae
365 1795 414 1854 vel
429 1795 540 1856 utilitati
561 1814 631 1856 suae
652 1796 810 1856 indulserit.
843 1795 907 1855 lloc
924 1804 953 1855 et
975 1798 1049 1874 apud
1070 1812 1138 1870 eos,
1159 1794 1335 1872 aquibusrs

296 1878 472 1955 appellatum
491 1882 564 1955 erit,
588 1882 613 1938 si
636 1881 713 1940 iorte
733 1880 768 1941 ad
784 1879 903 1939 eosdem
919 1881 1109 1946 remittemur;
1134 1877 1293 1939 adiicienda

296 1963 370 2021 ratio
382 1963 431 2022 vel
445 1965 625 2024 necessitatis
640 1962 770 2040 alicuius,
786 1965 811 2022 si
826 1963 855 2023 id
866 1980 953 2022 causa
965 1963 1107 2037 concedit,
1123 1961 1172 2021 vel
1185 1963 1292 2022 erroris

296 2044 345 2105 vel
364 2049 545 2124 suspicionis.
581 2044 762 2107 Tutissimum
788 2063 861 2123 ergo
882 2048 1077 2124 poenitentiae
1101 2045 1247 2105 confessio
1264 2055 1293 2104 et

296 2130 456 2190 satisfactio
473 2131 589 2210 culpae,
612 2131 870 2209 perducendusque
885 2130 1060 2189 omnimodo
1076 2128 1162 2188 iudex
1179 2128 1213 2188 ad
1231 2131 1291 2188 irae

296 2213 445 2292 pudorem.
474 2215 588 2275 Accidit
605 2217 689 2275 etiam
710 2232 910 2292 nonnunquam
928 2213 1029 2274 eadem
1051 2229 1154 2286 causa,
1177 2211 1213 2271 de
1235 2227 1332 2290 quatu

297 2300 485 2375 pronuntiarit
511 2308 726 2377 cognoscatque
746 2301 858 2359 iterum.
891 2296 961 2359 'l'um
987 2296 1057 2357 illud
1079 2295 1192 2372 quidem
1214 2312 1289 2354 ccm-

295 2399 394 2441 munc:
411 2382 486 2460 apud
501 2383 584 2442 alium
599 2400 652 2442 nos
668 2383 790 2443 iudicem
805 2383 999 2460 disputaturos
1011 2380 1047 2440 de
1057 2380 1134 2454 illius
1150 2381 1291 2440 sententia

296 2482 353 2524 non
371 2465 471 2541 luisse,
487 2484 581 2544 neque
597 2469 671 2526 enim
687 2467 832 2527 emendari
846 2466 881 2526 ab
897 2467 955 2526 alio
970 2482 1053 2543 quam
1069 2466 1133 2542 ipso
1148 2464 1192 2523 ias
1207 2481 1288 2531 esse;

295 2557 424 2608 ceterum
438 2567 476 2608 ex
492 2568 592 2627 causa,
615 2560 646 2610 ut
660 2569 792 2629 quaeque
808 2552 967 2628 permittet:
996 2558 1043 2608 aut
1057 2550 1187 2624 ignorata
1202 2564 1289 2625 quae·

295 2633 358 2693 dam
383 2643 430 2692 aut
456 2632 583 2694 deiuisse
605 2643 695 2694 testes
723 2644 771 2694 aut
794 2634 887 2712 (quod
912 2633 1087 2693 timidissime
1107 2641 1151 2706 et,
1174 2632 1199 2690 si
1220 2631 1289 2690 nihil

294 2716 371 2776 aliud
392 2717 478 2795 plane
500 2718 602 2794 luerit,
630 2719 781 2779 dicendum
804 2720 868 2798 est)
886 2727 1024 2796 patronos
1047 2733 1104 2775 non
1125 2716 1288 2789 sullecisse,

294 2810 455 2860 succurret.
482 2799 585 2878 Etiam,
600 2804 625 2861 si
640 2803 715 2881 apud
730 2800 804 2863 alios
819 2800 928 2862 iudices
945 2810 1061 2878 agetur,
1077 2808 1108 2859 ut
1123 2801 1151 2858 in
1164 2798 1330 2864 secundat&

294 2887 456 2945 assertione
484 2895 532 2945 aut
557 2888 585 2946 in
612 2887 862 2947 centumviralibus
886 2886 997 2946 iudiciis
1021 2883 1182 2962 duplicibus
1208 2891 1289 2960 parte

293 2968 385 3043 victa,
412 2969 560 3030 decentius
582 2972 650 3047 erit,
675 2973 809 3051 quotiens
832 2971 1000 3047 contigerit,
1027 2985 1146 3028 servare
1166 2966 1290 3025 iudicum

293 3050 447 3127 pudorem;
465 3054 501 3114 de
516 3072 571 3133 qua
586 3073 619 3115 re
633 3055 717 3115 latius
732 3050 932 3133 probationum
947 3054 1015 3113 loco
1030 3053 1135 3113 dictum
1150 3059 1204 3109 est.

377 3134 476 3196 Potest
491 3141 623 3214 evenire,
638 3148 668 3198 ut
683 3141 711 3197 in
725 3139 788 3199 aliis
806 3136 1045 3216 reprehendenda
1061 3137 1127 3208 sint,
1145 3150 1219 3211 quae
1233 3134 1289 3212 ipsi

293 3217 463 3294 fecerimus,
484 3230 515 3280 ut
535 3222 634 3283 obiicit
648 3221 763 3282 'l'ubero
780 3222 911 3299 Ligario,
933 3220 1011 3301 quod
1030 3221 1059 3278 iu
1076 3217 1175 3278 Africa
1192 3217 1286 3276 tuerit.

292 3300 330 3360 Et
355 3301 475 3362 ambitus
501 3306 615 3382 qnidam
639 3305 761 3366 damnati
787 3305 1003 3384 recuperandae
1029 3303 1172 3380 dignitatis
1196 3302 1330 3378 gratiatil

291 3401 360 3442 reos
382 3386 509 3447 eiusdem
533 3391 656 3449 criminis
677 3388 857 3466 detulerant,
876 3399 907 3449 ut
926 3391 954 3448 in
968 3387 1077 3448 sobolis
1099 3385 1288 3446 luxuriantem

291 3476 401 3546 patrem
417 3468 580 3530 luxuriosus
594 3474 658 3551 ipse
672 3474 782 3533 iuvenis
797 3483 923 3535 accusat.
950 3472 983 3533 ld
994 3471 1138 3551 quomodo
1149 3470 1288 3530 decenter

291 3551 354 3611 lieri
370 3555 472 3630 possit,
490 3556 622 3633 equidem
637 3574 693 3618 nou
704 3558 832 3634 invenio,
847 3559 902 3618 nisi
915 3557 1023 3638 aliquid
1037 3556 1191 3634 reperitur,
1209 3552 1286 3633 quod

291 3637 418 3712 intersit,
437 3654 577 3716 persona,
598 3650 694 3716 aetas,
710 3651 839 3720 tempus,
854 3633 958 3717 causa,
975 3641 1067 3716 locus,
1082 3641 1200 3700 animus.
1232 3636 1329 3697 'lu-80

290 3718 378 3799 bero,
401 3723 534 3785 iuvenem
548 3742 581 3787 se
596 3727 671 3808 patri
685 3725 835 3805 haesisse,
857 3726 936 3789 illum
953 3743 970 3787 a
984 3733 1084 3786 senatu
1098 3724 1215 3798 missum
1229 3735 1287 3779 non
