3184 4409
348 467 388 529 22
659 475 1015 537 tt.1tAB.thtT1111A1t1

345 635 421 712 qnod
443 636 479 693 sit
500 635 609 712 potius:
634 642 729 693 tamea
749 634 899 692 incudem
924 631 975 690 tris
994 630 1090 691 babeo
1116 630 1202 692 velut
1216 631 1329 710 species⁴

316 717 414 778 9Nam
436 720 546 776 interim
569 720 701 776 convenit
724 717 816 775 solum
832 732 989 795 quaerere,
1009 711 1058 775 Aa
1077 715 1137 776 ltoe
1160 717 1226 776 cit?
1246 724 1277 775 ut
1292 712 1330 774 Ar

344 802 528 863 adulterium
547 803 579 861 in
597 802 763 881 lupanari?
792 799 863 859 Cum
882 801 939 859 boc
955 816 1111 874 negamus:
1134 816 1196 858 non
1221 814 1331 859 necesse

345 895 389 943 est
412 885 525 960 dicere,
550 886 616 962 quid
641 885 668 944 id
693 894 830 960 vocetur,
852 885 918 962 quia
939 891 1028 942 totum
1048 882 1158 942 crimen
1182 883 1330 943 infitiantur.

343 966 457 1027 Interim
481 971 640 1046 quaeritur,
662 967 727 1030 Hoc
743 986 784 1029 ao
808 969 888 1029 boc?
911 964 1035 1027 Furtum
1055 986 1097 1028 aa
1122 966 1332 1046 saeriteptmt

344 1069 400 1110 non
421 1055 487 1129 quin
510 1053 647 1126 sufficiat,
669 1070 725 1111 non
742 1070 808 1111 esse
829 1051 1029 1127 sacrilegium,
1053 1049 1105 1110 sed
1126 1051 1197 1128 qnia
1222 1066 1332 1111 necesse

344 1138 379 1195 sit
401 1137 515 1211 dicere,
538 1137 603 1215 quid
625 1138 661 1194 sit
684 1136 776 1203 aliud3
799 1152 855 1213 quo
877 1138 905 1197 in
925 1135 992 1194 loco
1016 1143 1168 1211 utrumque
1192 1135 1332 1194 liniendm

303 1223 397 1279 locst.
429 1221 544 1280 Interim
564 1222 708 1297 quaeritur
728 1222 756 1279 in
779 1219 865 1279 rebus
886 1219 986 1296 specie
1011 1219 1150 1292 diversis,
1173 1236 1214 1277 an
1240 1228 1271 1279 et
1289 1219 1333 1279 hot

344 1304 446 1363 eodem
468 1305 552 1363 modo
575 1306 612 1362 sit
635 1304 850 1382 appellandum,
874 1321 936 1362 cum
953 1320 1002 1360 res
1018 1311 1139 1379 utraque
1154 1300 1250 1362 habet
1267 1316 1334 1362 suu!

343 1405 462 1463 nornen,
485 1398 514 1446 ut
535 1390 714 1462 amatorium,
737 1405 886 1446 venenum.
927 1385 958 1445 ln
985 1385 1113 1445 omnibus
1142 1394 1243 1445 autem
1264 1387 1334 1446 buius

343 1474 460 1548 generis
483 1472 578 1531 litibus
601 1475 763 1549 quaeritur,
785 1468 833 1532 Ao
855 1471 946 1532 etlam
966 1470 1044 1531 boc?
1070 1469 1135 1547 quia
1158 1486 1288 1547 nomen,
1308 1468 1335 1529 tle

345 1573 401 1633 quo
428 1554 592 1632 ambigitur,
617 1558 714 1632 utique
735 1558 762 1615 in
783 1556 889 1614 aliare
912 1563 1021 1612 certum
1042 1562 1096 1612 est.
1136 1551 1337 1633 Sanittepterr

343 1649 403 1714 est,
425 1659 490 1700 rem
511 1658 635 1699 socrum
657 1642 695 1699 de
715 1641 823 1718 templo
842 1640 1019 1716 crtrrlpere:
1046 1656 1087 1698 aa
1106 1645 1137 1697 et
1160 1637 1336 1715 privatorio

343 1719 548 1798 Adulterium,
570 1742 638 1783 cum
659 1725 760 1783 alieno
781 1741 879 1784 neore
893 1724 974 1784 domi
988 1723 1088 1783 coire:
1107 1740 1150 1782 arr
1164 1729 1195 1782 et
1209 1724 1245 1783 t'n
1259 1723 1336 1800 lupo·

343 1808 435 1865 marl?
462 1805 726 1884 Tyronnloldlum,
749 1808 891 1869 occidere
913 1814 1090 1882 tyrannum:
1112 1813 1198 1866 anet
1215 1808 1250 1867 ln
1264 1823 1336 1866 mor·

301 1902 334 1954 11
343 1899 400 1950 tem
418 1892 617 1967 compellere?
632 1891 760 1969 Ideoque
776 1883 980 1970 συλλογισμὸς,
997 1889 1033 1948 de
1049 1905 1106 1966 qno
1118 1897 1226 1967 postea
1239 1890 1334 1961 diem,

343 1972 422 2032 velut
437 1974 572 2032 infirmior
593 1984 637 2033 est
652 1976 757 2050 linitio,
776 1976 840 2053 quia
859 1977 887 2033 in
907 1974 962 2033 bac
977 1974 1143 2052 quaeritur,
1161 1990 1197 2031 an
1215 1973 1292 2033 idern
1304 1971 1334 2030 sit

343 2058 425 2117 buius
441 2059 483 2116 rei
500 2076 603 2116 nornen
620 2059 695 2136 qnod
716 2059 850 2134 alterius,
867 2057 936 2132 illo,
960 2075 995 2116 au
1012 2056 1133 2134 proinde
1154 2055 1290 2116 habenda
1304 2053 1334 2113 sit

303 2153 335 2204 12
344 2141 416 2200 baec
436 2151 521 2219 atque
542 2143 599 2202 illa.
636 2142 689 2201 Est
711 2152 740 2200 et
760 2142 824 2201 talis
851 2143 1006 2201 finitionum
1029 2141 1197 2214 diversitas,
1221 2149 1253 2199 ut
1268 2139 1333 2199 idern

344 2228 493 2300 sentiant,
511 2244 567 2285 non
590 2228 689 2286 iisdem
711 2226 808 2284 verbis
835 2225 1091 2303 comprehendant:
1123 2232 1154 2282 ut
1175 2224 1333 2296 rhetorice,

343 2310 419 2369 bene
439 2312 563 2371 dleendl
582 2313 728 2385 scientio,
750 2319 778 2368 et
797 2309 898 2370 eadem
920 2310 996 2369 bene
1009 2309 1202 2382 inveniendi,
1222 2308 1334 2368 etberto

341 2396 536 2468 enutrtlortdl,
554 2403 583 2452 ct
597 2396 720 2454 dicendi
734 2395 900 2454 seeundum
914 2394 1053 2452 virtutem
1066 2393 1233 2465 orationis,
1250 2400 1279 2450 et
1293 2389 1334 2450 dl·

344 2479 448 2548 conell,
467 2480 547 2554 qnod
569 2478 609 2538 ult
627 2478 729 2557 oflicii.
769 2476 866 2556 Atque
889 2476 1110 2554 providendum,
1130 2484 1176 2550 ut,
1202 2477 1228 2534 si
1256 2489 1334 2533 senen

344 2577 401 2617 non
416 2571 558 2637 pugnant,
576 2562 834 2638 comprehensione
846 2562 1022 2620 dissentiant.
1058 2559 1116 2618 Sed
1132 2560 1168 2617 de
1183 2558 1229 2618 bis
1244 2558 1335 2636 dispu-

302 2660 336 2711 13
345 2652 435 2718 tatur,
454 2662 510 2701 non
532 2645 666 2720 litigatur.
711 2643 789 2723 Opus
814 2653 859 2703 est
875 2644 1028 2720 aliqnando
1044 2643 1171 2701 linitione
1189 2641 1335 2701 obscurio·

344 2726 422 2784 ribus
436 2737 464 2785 et
478 2728 666 2802 ignotioribus
680 2729 793 2803 verbis,
807 2737 853 2803 ut,
871 2728 937 2805 quid
953 2730 989 2786 sit
1001 2729 1161 2805 clarigatio
1177 2728 1256 2786 eroli
1272 2725 1336 2792 etti,-

345 2811 454 2867 interim
471 2813 544 2869 notis
562 2814 689 2886 nomine,
705 2812 841 2872 videlicet
858 2811 925 2889 quid
941 2813 976 2869 sit
989 2830 1103 2888 penus,
1126 2811 1193 2888 quid
1211 2811 1293 2870 litae.

428 2894 508 2966 Quae
529 2898 652 2953 varietas
670 2896 773 2971 eflicit,
798 2905 828 2953 ut
850 2913 913 2954 eam
934 2895 1046 2973 quidam
1061 2896 1263 2968 coniecturae,
1281 2892 1336 2970 qui·

345 2978 408 3036 dam
432 2979 576 3055 qualitati,
610 2978 721 3054 quidam
748 2981 881 3056 legitimis
909 2978 1124 3056 quaestiouibus
1152 2977 1335 3036 subiecerint.

304 3061 518 3134 14Quibnsdam
543 3081 580 3120 ne
607 3063 712 3139 placuit
737 3064 851 3139 quidem
878 3065 991 3121 omnino
1015 3061 1127 3121 subtilis
1151 3062 1225 3120 haec
1252 3057 1337 3120 etad

344 3164 451 3204 morem
467 3147 681 3205 dialecticorum
696 3147 816 3206 formata
834 3147 1001 3221 conclusio,
1017 3155 1047 3205 ut
1061 3148 1089 3205 iu
1102 3144 1337 3222 disputationibus

344 3232 439 3305 potius
467 3240 566 3306 arguta
590 3230 743 3289 verborum
771 3230 931 3289 cavillatrix
961 3248 1043 3307 quam
1071 3231 1099 3290 in
1127 3230 1250 3288 oratoris
1278 3226 1337 3287 orti-

346 3314 390 3370 oio
411 3314 526 3372 multum
551 3315 670 3373 allatura
686 3317 829 3372 momenti.
866 3313 946 3372 Licet
963 3316 1036 3373 enirn
1050 3315 1146 3373 valeat
1163 3314 1190 3370 in
1206 3327 1337 3371 sermone

344 3403 466 3471 tantum,
491 3406 521 3455 ut
542 3399 725 3456 constrictum
744 3396 866 3454 vinculis
889 3398 948 3455 suis
976 3416 1055 3471 eum,
1078 3399 1125 3475 qni
1147 3411 1337 3473 responsurus

348 3487 408 3553 est,
423 3479 472 3537 vel
492 3489 590 3539 tacere
610 3480 659 3539 vel
675 3482 759 3539 etiam
774 3480 890 3538 invitum
904 3481 950 3555 id,
968 3481 1044 3558 qnod
1061 3483 1098 3538 sit
1113 3489 1229 3554 contra,
1253 3485 1339 3558 cogat

303 3562 443 3626 15iateri:
466 3579 522 3620 non
540 3564 640 3623 eadem
656 3574 700 3622 est
721 3573 815 3622 tamen
831 3565 892 3622 eius
913 3566 942 3622 in
960 3566 1053 3623 causis
1068 3564 1184 3622 utilitas.
1219 3565 1338 3623 Persua-

346 3645 466 3707 dendum
490 3649 563 3704 enim
588 3649 674 3707 iudici
701 3656 762 3722 est,
789 3649 838 3724 qni
861 3649 969 3707 etiamsi
990 3646 1088 3706 verbis
1111 3647 1260 3707 devinctus
1284 3657 1338 3719 est,

344 3740 453 3805 tamen,
481 3732 534 3788 nisi
557 3732 611 3808 ipsi
637 3732 680 3790 rei
706 3733 880 3807 accesserit,
906 3733 1008 3791 tacitus
1032 3731 1192 3791 dissentiet.
1233 3730 1339 3810 Agenti
