3184 4409
502 379 504 383 ’
588 386 1029 472 ulenoenromnreuna.
1250 391 1309 454 109

250 382 258 447 i

251 466 272 787 ι
308 565 362 628 buc
379 565 521 646 quaedem
535 583 629 643 vagae
650 571 680 624 et
700 565 763 624 sine
783 562 902 623 urbibus
924 580 959 623 ac
979 563 1042 622 sine
1062 561 1177 640 legibus
1193 572 1308 640 gentes,

308 660 448 710 ettamen
467 652 514 728 qui
530 659 594 709 sunt
611 650 640 708 in
655 648 699 708 his
715 649 773 706 nati
789 656 819 707 et
834 645 1029 723 legationibus
1046 647 1200 724 iungantur
1217 657 1245 707 et
1260 665 1307 708 ac-

308 744 410 794 cusent
433 733 529 811 aliqua
551 743 639 813 atque
660 732 816 793 defendant
834 740 864 791 et
884 732 1009 808 denique
1025 731 1111 792 alium
1132 732 1190 792 alio
1205 733 1308 792 melius

307 819 387 898 loqui
406 819 536 880 credant.

657 957 772 1017 -Qttnu
790 957 949 1010 PARTES.

262 1126 265 1135 Ι
389 1051 440 1114 ΠΙ.
480 1051 577 1113 Omnis
601 1062 697 1114 autem
718 1054 818 1114 orandi
840 1056 931 1131 ratio,
950 1062 981 1113 ut
1003 1053 1116 1132 plurimi
1136 1055 1309 1133 maximique

262 1142 266 1211 l
307 1146 443 1199 auctores
456 1137 643 1214 tradiderunt,
659 1141 784 1217 quinque
796 1139 927 1217 partibus
941 1148 1064 1213 constat,
1081 1140 1307 1214 inventione,

262 1222 266 1295 l
307 1221 582 1300 dispositione,
611 1223 850 1301 elocutione,
882 1224 1065 1297 memoria,
1092 1226 1307 1300 pronuntia·

250 1314 270 1701 p
306 1307 409 1366 tione
432 1307 496 1365 sive
519 1308 685 1382 actione,
709 1317 834 1386 utroque
858 1309 932 1366 enim
954 1307 1040 1367 modo
1062 1306 1173 1366 dicitur.
1210 1306 1307 1366 Omnis

306 1407 377 1450 vero
393 1407 508 1466 sermo,
531 1408 588 1468 quo
606 1391 721 1469 quidem
738 1393 874 1451 voluntas
890 1391 986 1469 aliqua
1004 1394 1181 1466 enuntiatur,
1203 1391 1308 1451 habeat

307 1491 433 1534 necesse
449 1483 495 1534 est
509 1493 570 1534 rem
591 1485 619 1535 et
640 1476 740 1536 verba.
775 1476 829 1536 Hie
849 1478 873 1536 si
891 1485 937 1536 est
952 1476 1049 1536 brevis
1071 1484 1100 1535 et
1115 1493 1170 1534 una
1189 1477 1332 1536 conell-s

308 1560 390 1618 sione
404 1557 521 1635 linitus,
535 1560 605 1619 nihil
622 1560 748 1620 lortasse
765 1561 841 1620 ultra
856 1559 1017 1628 desideret;
1038 1568 1067 1621 at
1082 1561 1175 1620 oratio
1191 1561 1308 1638 longior

308 1643 390 1720 plura
411 1644 512 1720 exigit.
558 1643 623 1703 Non
644 1653 751 1705 tantum
774 1646 848 1705 enim
870 1645 977 1720 refert,
998 1646 1065 1724 qnid
1089 1655 1118 1704 et
1141 1644 1306 1722 quomodo

307 1726 436 1787 dicamus
455 1727 508 1789 sed
530 1729 615 1788 etiam
637 1747 694 1808 qno
718 1730 803 1798 loco;
836 1746 910 1807 opus
933 1747 1005 1807 ergo
1032 1738 1077 1789 est
1106 1729 1305 1807 dispositione.

307 1810 365 1871 Sed
392 1828 490 1888 neque
517 1814 626 1889 omnia,
654 1832 728 1891 qnae
754 1832 803 1873 res
830 1813 976 1891 postulat,
1005 1815 1104 1874 dicere
1129 1827 1224 1892 neque
1252 1831 1308 1873 suo

307 1912 441 1974 quaeque
468 1895 535 1955 loco
558 1900 734 1975 poterimus,
757 1900 811 1957 nisi
833 1898 984 1957 adiuvante
1004 1900 1156 1965 memoria;
1180 1914 1305 1976 quapro-

306 1989 370 2058 pter
387 1998 422 2040 ea
439 1996 555 2059 quoque
575 1997 643 2061 pars
665 1992 764 2060 quarta
790 1984 853 2042 erit.
891 1982 998 2041 Verum
1021 1982 1094 2042 haec
1117 1992 1219 2042 cuncta
1240 1987 1328 2041 cor-3

305 2066 411 2144 rumpit
434 2080 468 2124 ac
485 2067 694 2142 propemodum
716 2066 812 2144 perdit
831 2066 968 2125 indecora
990 2066 1039 2126 vel
1059 2083 1135 2124 voce
1149 2065 1198 2124 vel
1219 2074 1305 2142 gestu

304 2149 511 2227 pronuntiatio.
550 2149 622 2210 Huic
639 2167 756 2230 quoque
777 2152 865 2228 igitur
885 2149 1053 2211 tribuendus
1076 2159 1121 2210 est
1137 2152 1305 2209 necessario

305 2235 421 2312 quintus
438 2232 531 2292 locus.

389 2315 455 2376 Nec
477 2317 609 2379 audiendi
632 2317 762 2397 quidam,
791 2336 912 2397 quorum
934 2328 980 2378 est
1005 2317 1154 2392 Albutius,
1179 2319 1227 2396 qui
1253 2318 1329 2376 trisl

264 2396 268 2406 '
304 2401 390 2462 modo
415 2402 521 2481 primas
545 2420 612 2462 esse
634 2413 731 2481 partes
757 2404 876 2479 volunt,
903 2404 1037 2483 quoniam
1056 2404 1193 2462 memoria
1219 2410 1306 2480 atque

305 2487 382 2546 actio
399 2493 507 2546 natura
533 2502 591 2545 nou
616 2497 683 2546 arte·
702 2491 883 2564 contingant,
911 2487 1045 2566 (quarum
1068 2504 1122 2546 nos
1146 2495 1305 2566 praecepta

306 2587 356 2630 sno
382 2569 453 2630 loco
485 2568 629 2650 dabimus)
662 2571 731 2632 licet
758 2572 989 2647 Thrasymachus
1017 2588 1134 2649 qnoque
1163 2571 1240 2631 idem
1269 2570 1305 2630 de

251 2664 256 2723 t
306 2656 421 2714 actione
444 2653 608 2714 crediderit.
646 2655 696 2714 His
718 2657 886 2716 adiecerunt
912 2657 1025 2734 quidam
1046 2665 1159 2715 sextam
1181 2663 1329 2735 pertem,5

306 2739 342 2798 ita
355 2746 389 2798 ut
402 2739 562 2811 inventioni
582 2739 754 2800 iudicium
769 2740 991 2817 subnecterent,
1008 2742 1074 2821 quia
1089 2743 1209 2819 primum
1225 2749 1306 2799 esset

306 2823 436 2882 invenire
455 2822 559 2882 deinde
583 2823 720 2885 iudicare.
764 2824 831 2902 Ego
851 2843 940 2904 porro
961 2844 998 2884 ne
1020 2827 1165 2884 invenisse
1191 2824 1305 2904 quidem

307 2906 393 2967 credo
411 2925 494 2981 eum,
518 2909 641 2986 quinon
662 2909 812 2977 iudicarim
833 2911 1021 2987 nequeenim
1043 2911 1202 2983 contraria,
1227 2926 1304 2968 com-

306 2991 413 3066 munia,
440 2990 527 3052 stulta
550 2993 703 3054 invenisne
723 2994 828 3053 dicitur
846 2996 996 3073 quisquam
1019 2995 1071 3055 sed
1095 3013 1156 3054 non
1179 2994 1303 3054 citasse.

307 3072 343 3132 Et
358 3072 465 3136 Cicero
487 3076 601 3154 quidem
619 3079 647 3136 in
662 3077 828 3138 Rhetoricis
843 3079 978 3138 iudicium
990 3079 1116 3151 ,subiecit
1131 3079 1328 3144 inventioni;6

306 3157 371 3218 mihi
396 3167 493 3220 autem
519 3160 592 3219 adeo
620 3162 711 3221 tribus
734 3164 833 3240 primis
859 3163 988 3240 partibus
1014 3164 1127 3223 videtur
1148 3180 1216 3221 esse
1237 3180 1303 3240 per·

307 3243 439 3319 mixtum,
462 3243 542 3322 (nam
558 3263 653 3322 nequo
674 3246 827 3325 dispositio
843 3248 905 3306 sine
927 3265 964 3306 eo
979 3265 1075 3324 neque
1096 3246 1223 3306 elocutio
1241 3247 1303 3306 lue-

308 3327 356 3405 rit)
379 3337 411 3387 ut
432 3330 692 3407 pronuntiationem
708 3349 827 3409 quoque
847 3331 897 3391 vel
911 3331 1063 3409 plurimum
1079 3349 1116 3390 ex
1132 3349 1168 3390 eo
1184 3333 1304 3391 mutnari

309 3419 412 3485 putem.
449 3411 534 3486 Quod
553 3412 610 3473 hoc
634 3415 768 3475 audacius
792 3414 932 3491 dixerim,
956 3414 1033 3493 quod
1055 3418 1083 3474 iu
1103 3415 1328 3476 Partitionibus?

311 3497 440 3555 oratoriis
463 3495 499 3556 ad
521 3496 655 3573 easdem,
678 3500 714 3559 de
736 3499 840 3578 quibus
856 3517 943 3577 supra
966 3499 1155 3574 dictumest,
1178 3503 1303 3578 quinque

312 3581 439 3652 pervenit
459 3588 569 3658 partes.
603 3581 674 3641 Nam
690 3602 753 3643 cum
775 3584 929 3662 dupliciter
949 3585 1069 3662 primum
1090 3585 1252 3658 divisisset,
1274 3585 1303 3640 in

314 3661 500 3723 inventionem
517 3673 604 3744 atque
620 3667 830 3728 elocutionem:
854 3686 903 3728 res
920 3685 955 3728 ac
970 3667 1193 3750 dispositionem
1205 3669 1306 3728 innen-
