3184 4409
328 470 386 533 190
573 519 578 532 .
638 481 765 532 ranam
779 481 997 541 onmrrnrnru
1033 522 1035 524 ,

282 645 432 703 aduentum
454 636 508 696 est.
555 633 619 695 Nec
638 635 777 694 immerito
801 634 920 694 multum·
939 652 976 694 ex
1003 634 1148 711 diligentia
1173 637 1316 712 partiendi

324 721 387 779 tulit
402 719 493 780 laudis
506 719 541 793 Q.
556 719 743 794 Hortensius,
768 720 849 778 cuins
869 727 964 778 tamen
983 718 1150 778 divisionem
1164 719 1192 776 in
1208 720 1316 796 digitos

323 804 463 863 diductam
478 821 675 880 nonnunquam
688 799 792 862 Cicero
810 802 914 861 leviter
930 802 1028 862 eludit.
1056 801 1128 861 Nam
1140 811 1184 860 est
1199 821 1268 862 suns
1287 814 1317 863 et

323 888 450 964 ingestu
467 887 578 962 modus,
596 896 625 946 et
641 884 766 961 vitanda,
783 894 814 944 ut
828 903 902 964 quae
916 887 1049 960 maxime,
1071 887 1187 945 concisa
1202 887 1315 946 nimium

281 980 353 1034 eset
372 971 450 1029 velut
464 970 621 1030 articulosa
638 970 763 1048 partitio.
792 966 863 1028 Nam
879 979 907 1029 et
924 971 1086 1029 auctoritati
1101 969 1250 1046 plurimum
1266 971 1315 1030 de-

322 1053 434 1112 trahunt
450 1056 554 1113 minuta
569 1053 619 1113 illa
636 1071 691 1111 nec
707 1054 761 1111 iam
775 1052 900 1112 membra
917 1052 969 1112 sed
983 1052 1090 1126 lrusta,
1104 1061 1133 1111 ct
1147 1053 1230 1112 buius
1250 1055 1315 1130 glo·

321 1139 381 1196 riae
404 1138 515 1215 cupidi,
539 1155 595 1214 quo
618 1136 749 1195 subtilius
771 1145 801 1195 et
823 1138 970 1215 copiosius
997 1135 1130 1198 divisisse
1153 1137 1315 1214 videantur,

322 1230 351 1280 et
365 1238 546 1299 supervacua
564 1229 709 1279 assumunt
724 1228 769 1294 et,
792 1237 865 1296 quac
880 1229 980 1279 natura
993 1219 1148 1294 singularia
1165 1229 1246 1296 sunt,
1268 1240 1316 1280 se·

323 1313 405 1378 cant,
427 1323 481 1363 nec
503 1313 559 1363 tarn
579 1304 660 1383 plura
679 1302 786 1363 iaciunt
807 1321 889 1380 quarn
911 1304 1035 1370 minora:
1062 1303 1165 1362 deinde
1189 1322 1251 1363 cnm
1272 1305 1317 1364 le-

322 1397 422 1448 cerunt
447 1387 525 1446 mille
551 1385 723 1464 particulas,
751 1388 779 1445 in
806 1387 925 1447 candem
948 1386 1074 1448 incidunt
1099 1387 1316 1464 obscuritatem,

322 1480 421 1532 contra
437 1489 521 1548 quam
536 1471 650 1549 partitio
666 1472 780 1529 inventa
796 1479 851 1529 est.

279 1568 313 1623 26
404 1553 441 1613 Et
457 1554 548 1613 divisa
565 1563 659 1613 antem
675 1562 704 1612 et
720 1553 844 1632 simplex
858 1557 1039 1634 propositio,
1059 1555 1192 1633 quotiens
1207 1555 1317 1614 utiliter

322 1637 450 1698 adhiberi
464 1646 571 1716 potest,
588 1639 707 1716 primum
718 1637 805 1696 debet
818 1655 884 1697 esse
899 1649 999 1717 aperta
1010 1648 1095 1717 atquc
1112 1638 1220 1713 lucida,
1236 1639 1317 1716 (narn

322 1721 389 1799 quid
404 1723 441 1780 sit
456 1722 577 1798 turpius,
594 1739 676 1798 qnam
693 1721 720 1780 id
737 1738 804 1779 csse
819 1721 972 1782 obscurum
985 1725 1095 1801 ipsum,
1114 1722 1190 1799 quod
1207 1723 1234 1779 in
1250 1741 1317 1781 curn

322 1803 415 1863 solum
431 1804 581 1864 adhibetur
598 1823 693 1879 nsum,
707 1817 750 1864 *ne
773 1807 829 1864 sint
851 1815 949 1866 cetera
965 1803 1129 1886 obscural)
1145 1815 1202 1864 turn
1216 1805 1316 1864 brevis

321 1906 376 1947 neo
393 1887 454 1947 ullo
477 1905 657 1967 supervacuo
680 1898 799 1948 onerata
815 1888 916 1949 verbo.
951 1888 1016 1948 Non
1033 1891 1123 1964 enim,
1150 1887 1214 1965 quid
1237 1888 1315 1948 dica·

281 1981 398 2047 almus,
423 1972 490 2046 sed,
515 1971 550 2031 de
572 1971 628 2048 quo
650 1974 751 2033 dicturi
768 1991 879 2048 snmus,
903 1974 1088 2033 ostendimus.
1127 1971 1316 2031 Obtinendnm

322 2057 416 2129 etiam,
433 2074 469 2114 ne
486 2057 552 2133 quid
567 2058 595 2115 in
611 2073 644 2114 ea
663 2056 747 2131 desit,
765 2074 801 2115 ne
817 2056 883 2134 quid
898 2060 1034 2136 supersit
1065 2058 1206 2134 Superest
1220 2065 1316 2115 autem

321 2141 365 2198 sic
379 2139 454 2215 lere,
472 2158 534 2198 curn
551 2149 598 2200 aut
613 2142 640 2199 in
661 2142 777 2218 species
793 2142 938 2217 partimur,
960 2140 1036 2218 quod
1052 2142 1080 2199 in
1094 2157 1202 2216 genera
1214 2141 1314 2217 partiri

322 2225 358 2282 sit
374 2224 454 2299 satis,
472 2232 519 2283 aut
537 2243 647 2300 genere
662 2227 757 2301 posito
773 2223 921 2282 subiicitur
935 2227 1066 2303 specics;
1081 2233 1112 2282 nt
1128 2225 1153 2282 si
1170 2223 1260 2282 dicam
1276 2222 1313 2282 de

321 2308 443 2382 virtute,
467 2309 588 2382 iustitia,
610 2310 796 2381 continentia,
821 2325 883 2366 cum
903 2309 1009 2368 iustitia
1029 2317 1114 2384 atque
1139 2307 1311 2366 continentia

278 2392 432 2456 28virtntis
456 2392 512 2449 siut
534 2394 660 2468 species.
700 2391 817 2451 Partitio
840 2393 929 2468 prima
952 2401 1013 2467 est,
1037 2391 1103 2469 quid
1120 2393 1173 2466 sit,
1195 2391 1231 2450 dc
1254 2406 1311 2466 quo

322 2475 485 2540 conveniat;
514 2475 595 2550 quid,
612 2475 647 2534 de
669 2492 724 2551 quo
745 2474 910 2551 ambigatur.
938 2474 970 2535 ln
993 2492 1047 2552 co,
1070 2474 1146 2552 quod
1167 2476 1312 2548 convenit,

323 2556 389 2634 qnid
408 2556 588 2616 adversarius
606 2559 739 2632 fateatur,
761 2559 828 2636 quid
849 2575 916 2626 nos;
939 2561 968 2619 in
987 2576 1039 2634 eo,
1061 2558 1096 2617 de
1120 2573 1175 2634 quo
1194 2557 1311 2633 ambigi·

321 2648 382 2714 tur,
404 2657 476 2716 quae
491 2651 607 2701 nostrae
624 2645 850 2721 propositiones,
867 2660 939 2719 quae
954 2645 1042 2721 partis
1063 2643 1212 2701 adversae.
1241 2641 1311 2700 Pes·

322 2723 421 2782 simum
442 2741 530 2801 vero,
555 2742 612 2785 non
632 2725 734 2787 eodem
754 2726 853 2785 ordine
874 2729 995 2804 exequi,
1021 2743 1077 2804 quo
1100 2723 1223 2803 quidque
1243 2742 1312 2803 pro-

322 2823 463 2884 posueris.
