3184 4409
336 461 393 519 100
663 471 788 519 usna
802 470 1022 531 consuuntur
1080 508 1087 523 .

332 646 368 686 an
388 628 440 702 sit,
462 635 493 686 nt
514 625 708 706 compluribus
731 627 815 686 etiam
837 626 1076 704 philosophorum
1096 625 1208 703 placet,
1228 625 1330 684 virtus.

307 712 472 789 tEquidem
490 712 575 786 illud,
601 711 676 788 quod
692 714 720 769 in
737 711 837 770 studiis
858 711 971 771 dicendi
986 710 1120 790 plerique
1136 719 1332 769 exercuerunt

333 806 362 856 et
378 806 526 870 exercent,
542 804 588 854 aut
602 795 708 854 nullam
723 804 823 869 artem,
841 813 914 872 quae
928 786 1044 872 ἀτεχνία
1056 797 1231 869 nominatur,
1248 802 1331 871 p'uto,

333 880 454 957 (multos
471 883 545 938 cuim
559 878 644 938 video
661 881 723 938 sine
739 881 867 953 ratione,
884 882 946 938 sine
962 879 1082 954 litteris,
1104 896 1160 956 qua
1174 877 1223 936 vel
1240 879 1330 955 impu·

332 965 427 1023 dentia
456 965 504 1023 vel
532 964 622 1023 fames
650 962 746 1039 duxit,
774 965 908 1043 ruentes)
934 970 982 1022 aut
1001 963 1104 1023 malam
1127 963 1208 1040 quasi
1229 972 1330 1036 artem,

333 1066 416 1127 quam
443 1048 631 1126 κακοτεχνίαν
651 1047 780 1106 dicimus.
827 1046 898 1106 Nam
920 1057 948 1107 et
969 1047 1059 1106 fnisse
1079 1046 1186 1105 multos
1210 1055 1241 1105 et
1263 1064 1331 1105 esse

332 1132 486 1192 nonnullos
502 1134 651 1206 existimo,
676 1133 722 1209 qni
738 1130 905 1191 facultatem
925 1131 1038 1191 dicendi
1053 1130 1088 1190 ad
1105 1131 1249 1189 hominnm
1265 1148 1330 1209 per·

307 1218 435 1282 aniciam
451 1218 656 1277 converterint.
693 1215 911 1293 Ματαιοτεχνία
931 1233 1047 1294 quoque
1063 1224 1108 1273 est
1122 1214 1281 1293 quaedam,
1304 1214 1331 1274 id

332 1310 377 1360 est
403 1318 583 1379 supervacua
611 1301 679 1358 artis
704 1301 839 1375 imitatio,
869 1318 943 1377 qnae
964 1299 1034 1359 nihil
1055 1317 1125 1358 sane
1147 1316 1244 1376 neque
1263 1298 1331 1357 boni

332 1403 426 1464 neque
450 1385 515 1444 mali
537 1384 657 1459 habeat,
678 1385 730 1443 sed
754 1402 857 1443 vanum
882 1384 1027 1452 laborem;
1056 1383 1148 1461 qualis
1168 1382 1246 1442 illius
1267 1382 1330 1457 fuit,

332 1472 379 1548 qui
395 1487 484 1545 grana
501 1470 605 1528 ciceris
621 1486 658 1526 ex
673 1470 766 1545 spatio
783 1468 898 1527 distanti
918 1470 1023 1543 missa,
1046 1469 1074 1526 in
1089 1485 1170 1526 acum
1194 1469 1330 1526 continno

332 1563 361 1613 et
376 1556 438 1611 sine
454 1553 638 1611 frustratione
656 1552 818 1627 inserebat,
843 1570 927 1630 quem
943 1571 1005 1611 cum
1022 1560 1187 1630 spectasset
1202 1550 1330 1610 Alexan-

333 1638 400 1711 der,
420 1638 545 1696 donasse
563 1636 665 1695 dicitur
681 1637 809 1696 eiusdem
824 1636 975 1712 leguminis
991 1636 1105 1711 modio,
1123 1634 1199 1713 quod
1217 1636 1332 1713 quidem

306 1723 490 1800 opraeminm
503 1721 554 1778 fnit
568 1720 620 1779 illo
636 1737 727 1797 opere
743 1720 948 1797 dignissimum.
978 1719 1028 1778 His
1045 1738 1102 1797 ego
1119 1719 1331 1796 comparandos

333 1806 483 1879 existimo,
507 1806 602 1882 quiin
626 1803 899 1880 declamationibus,
930 1822 1000 1883 quas
1023 1823 1090 1863 esse
1111 1804 1226 1864 veritati
1247 1803 1331 1863 dissi·

332 1888 463 1948 millimas
479 1888 595 1963 volunt,
617 1898 741 1948 aetatem
754 1888 843 1947 multo
859 1889 953 1948 studio
970 1906 1005 1948 ac
1027 1888 1128 1948 labore
1141 1896 1329 1953 :consumunt

332 1973 440 2032 Verum
459 1972 548 2048 haec,
571 1991 654 2051 quarn
680 1975 831 2031 instituere
855 1989 992 2032 conamur
1016 1981 1045 2032 et
1072 1975 1153 2032 ouius
1177 1973 1331 2048 imaginem

331 2059 425 2117 animo
448 2059 650 2135 concepimus,
673 2075 748 2135 quae
773 2056 850 2116 bono
872 2058 935 2116 viro
963 2059 1098 2117 convenit
1124 2074 1259 2135 quaeque
1287 2064 1332 2116 est

330 2159 403 2201 rere
417 2142 579 2217 rhetorice,
601 2144 719 2201 virtus
739 2142 804 2200 erit.

303 2242 321 2295 5
416 2226 501 2299 Quod
521 2226 688 2305 philosophi
704 2226 818 2302 quidem
832 2225 928 2285 multis
944 2218 976 2284 et¹
987 2226 1079 2285 acutis
1095 2222 1331 2285 conclusionibus

332 2311 489 2387 colligunt,
511 2310 579 2370 mihi
598 2327 670 2369 vero
693 2313 777 2369 etiam
800 2309 932 2387 planiore
956 2308 1011 2369 hac
1032 2311 1210 2388 proprieque
1230 2317 1332 2366 nostra

331 2394 504 2473 probatione
518 2393 632 2453 videtur
647 2412 714 2453 esse
729 2395 924 2471 perspicuum.
961 2393 1007 2453 Ab
1027 2393 1084 2452 illis
1098 2393 1172 2453 haec
1187 2392 1329 2451 dicuntur.

331 2480 364 2538 Si
390 2494 553 2537 consonare
577 2477 631 2537 sibi
651 2479 680 2536 in
703 2477 843 2537 faciendis
868 2496 903 2537 ac
922 2494 981 2537 non
1000 2477 1140 2536 faciendis
1161 2477 1252 2535 virtus
1275 2484 1331 2550 est,

332 2578 408 2639 quiae
422 2579 491 2640 pars
512 2563 574 2621 eius
589 2561 741 2639 prudentia
759 2570 897 2621 vocatur:
919 2562 1019 2621 eadem
1036 2561 1208 2623 indicendis
1224 2577 1260 2619 ac
1275 2577 1331 2620 non

305 2644 460 2717 edicendis
475 2647 540 2705 erit.
581 2644 619 2705 Et
638 2647 664 2704 si
680 2646 802 2704 virtutes
820 2654 900 2721 sunt,
920 2646 955 2705 ad
977 2663 1049 2723 quas
1065 2645 1148 2704 nobis
1165 2646 1250 2705 etiam
1264 2653 1332 2703 ante

332 2748 417 2809 qnam
431 2729 604 2791 doceremur
616 2730 696 2789 initia
711 2727 851 2809 quaedam
868 2746 903 2788 ac
918 2732 1026 2789 semina
1043 2739 1108 2789 sunt
1125 2746 1267 2789 concessa
1282 2746 1331 2788 na-

330 2822 412 2889 tura,
430 2822 463 2873 nt
483 2812 519 2875 ad
539 2814 689 2889 iustitiam,
712 2814 793 2874 cuins
810 2814 925 2873 rusticis
945 2830 1062 2892 quoque
1081 2832 1116 2873 ac
1132 2813 1263 2873 barbaris
1281 2831 1332 2892 ap·

330 2904 416 2979 paret
436 2897 533 2977 aliqua
549 2898 662 2975 imago:
683 2914 738 2958 nos
761 2906 843 2957 certe
864 2899 908 2957 sic
927 2915 995 2957 esse
1016 2897 1051 2957 ab
1075 2898 1156 2958 initio
1178 2897 1332 2972 formatos,

330 2990 364 3043 nt
375 2974 530 3063 possemus
546 2998 633 3041 orare
646 2998 702 3061 pro
716 2980 817 3057 nobis,
839 2982 1022 3041 etiamsinon
1039 2982 1173 3059 perfecte
1187 2989 1283 3040 tamen
1303 2990 1334 3040 ut

329 3066 462 3127 inensem
472 3064 613 3145 maedan
626 3064 674 3143 (nt
684 3064 759 3147 dixi)
775 3066 884 3125 semina
900 3066 962 3125 eius
977 3065 1135 3143 facultatis,
1149 3065 1333 3126 manifestum

304 3156 387 3221 aest.
409 3148 491 3211 lion
508 3148 611 3211 eadam
629 3158 725 3211 autem
743 3158 844 3210 natura
862 3158 908 3209 est
925 3148 970 3209 his
994 3149 1121 3226 artibus,
1144 3167 1219 3229 quae
1242 3167 1258 3209 a
1275 3152 1332 3209 vir·

301 3248 309 3261 ·
330 3240 394 3295 tlte
412 3242 480 3295 sant
496 3242 640 3295 unone.
682 3232 784 3313 ltaque
807 3252 871 3293 cum
892 3232 949 3295 dno
971 3236 1027 3294 sint
1047 3252 1159 3311 genera
1179 3236 1332 3309 orationis,

330 3314 597 3399 comperpetus,
615 3335 690 3397 qnae
703 3316 851 3379 rhetorice
866 3317 986 3393 dicitnr,
1002 3317 1094 3378 altera
1109 3319 1238 3394 concisa,
1257 3337 1333 3397 qnae

330 3398 499 3473 dialectica:
520 3418 594 3483 qnos
609 3402 725 3481 quidem
739 3400 820 3461 hena
838 3401 912 3461 adeo
933 3404 1097 3473 coniunxit,
1119 3410 1150 3461 ut
1162 3398 1238 3462 hanc
1254 3421 1332 3462 com·

329 3500 455 3565 prem
471 3486 503 3547 hr
515 3502 644 3567 μμιιι
656 3502 767 3561 manns,
787 3483 866 3547 illam
885 3485 1050 3564 explicatae
1066 3486 1179 3547 diceret
1194 3487 1332 3546 similem:

286 3560 292 3569 ’
331 3568 606 3651 ὀιίιιιᾶΙιιιιῐιῌι
616 3570 710 3629 virtus
724 3570 791 3629 erit.
830 3567 914 3628 Adeo
931 3569 967 3628 de
983 3570 1052 3647 hac,
1076 3588 1151 3649 qnae
1167 3573 1333 3649 speciosior

276 3644 420 3737 *we
432 3654 565 3735 npetllttt·
576 3660 658 3715 nuto
672 3661 735 3727 est,
755 3650 825 3713 nihil
842 3650 1024 3713 dubitabitur.

415 3736 477 3823 qod
498 3736 615 3821 plenta
634 3734 693 3799 hoc
711 3736 787 3797 idern
813 3744 900 3816 atque
923 3740 1051 3816 apertius
1071 3739 1176 3798 intueri
1198 3757 1238 3798 ex
1261 3739 1332 3817 ipsis
