3184 4409
537 487 977 567 1nsr.·orurca.n1m11,1a.
1255 482 1296 543 93

311 665 371 725 gere
390 645 534 725 voluptati
555 646 651 706 velim.
689 645 880 706 Transeamus
900 649 986 724 igitur
1007 651 1041 710 ad
1064 668 1126 710 eam
1149 652 1294 727 quaestio·

309 751 378 808 nem,
403 748 477 808 quae
499 733 645 830 sequitur,
673 748 709 789 an
728 731 877 791 rhetorice
899 750 960 791 ars
984 736 1030 794 sit.
1076 734 1161 808 Quod
1184 735 1322 811 quidemt

308 817 372 876 adeo
389 834 427 875 ex
441 814 503 889 his,
523 817 576 913 qui·
590 824 748 893 praecepta
765 815 879 874 dicendi
901 817 1094 894 tradiderunt,
1114 835 1198 877 nemo
1215 819 1295 878 duhi·

307 903 384 976 tavit,
407 907 438 959 ιιι
462 900 546 958 etiam
567 899 638 976 ipsis
663 898 802 958 librorum
823 898 913 959 titulis
934 910 1067 962 testatum
1090 905 1143 977 sit,
1169 905 1318 980 scriptos

306 1003 351 1046 eos
366 986 409 1045 de
431 991 500 1044 orte
521 984 696 1051 rhetorico5
718 970 823 1042 Cicero
844 1000 916 1043 vero
938 987 1037 1062 etiam,
1058 1005 1131 1064 quae
1147 987 1297 1048 rhetorice

264 1078 267 1087 '
303 1072 438 1142 vocetur,
468 1085 535 1127 esse
557 1066 755 1144 ordfimoaom
777 1069 976 1146 eloquentiam
1003 1070 1087 1130 dicat
1133 1069 1217 1143 Quod
1239 1088 1297 1129 non

304 1162 434 1215 oratores
450 1161 558 1211 tantum
573 1146 767 1225 vindicarunt,
790 1161 820 1211 ut
841 1152 942 1214 studiis
964 1154 1071 1231 aliquid
1093 1156 1152 1212 suis
1174 1157 1296 1231 praesti-

301 1240 366 1298 tisse
389 1235 558 1311 videantur,
582 1235 634 1294 sed
655 1253 719 1295 cum
739 1235 783 1294 his
805 1235 951 1314 philosphi
975 1246 1003 1296 et
1019 1239 1116 1298 Stoici¹
1137 1246 1166 1296 et
1180 1237 1295 1315 Peripa·

301 1323 376 1383 tetiei
394 1320 530 1400 plerique
552 1321 743 1379 consentiunt.
783 1319 892 1379 Acme
914 1321 1060 1381 dubitasse
1084 1323 1240 1396 confiteor,
1263 1333 1322 1385 an3

300 1407 369 1466 hauc
386 1413 502 1484 partem
524 1404 703 1482 quaestionis
722 1405 898 1463 tractandam
915 1413 1058 1482 putarem;
1080 1425 1143 1465 nam
1167 1408 1229 1483 quis
1252 1417 1297 1464 est

301 1492 369 1551 adeo
385 1507 447 1549 nou
468 1488 503 1547 ab
524 1488 684 1562 eruditione
706 1488 791 1547 modo
814 1488 866 1546 sed
889 1507 1005 1549 asensu
1020 1501 1148 1550 remotus
1164 1490 1295 1564 hominis,

301 1585 327 1634 ut
339 1573 503 1634 fabricandi
524 1571 638 1650 quidem
652 1580 681 1631 ει
698 1572 816 1632 texendi
834 1581 862 1631 et
877 1591 894 1631 e
909 1573 970 1632 luto
985 1593 1055 1634 vasa
1070 1575 1192 1634 ducendi
1207 1584 1297 1634 artem

301 1668 396 1737 putet,
426 1657 595 1716 rhetoricen
620 1666 731 1754 autem,
759 1659 910 1716 marianum
937 1675 971 1716 ac
1000 1659 1238 1736 pulcherrimum,
1267 1668 1297 1716 ut

301 1760 384 1822 supra
414 1743 552 1815 diximus,
583 1757 673 1818 opus,
699 1742 727 1798 in
753 1750 810 1800 tam
837 1740 958 1800 sublime
982 1742 1126 1820 fastigium
1153 1745 1298 1802 existimet

252 1832 256 1889 l
301 1829 357 1887 sine
373 1820 593 1886 antevenisse?
625 1823 766 1904 Equidem
779 1820 864 1900 illos,
888 1827 936 1903 qui
953 1835 1053 1887 contra
1070 1828 1296 1926 disputaverant,
1307 1829 1324 1881 4

302 1929 352 1970 nun
366 1921 427 1971 tam
443 1908 471 1968 id
492 1911 635 1984 sensisse,
659 1909 736 1986 quod
752 1909 898 1985 dicerent,
922 1928 1005 1987 quam
1021 1929 1162 1970 exercere
1184 1913 1298 1987 ingenia

300 1997 436 2055 materiae
455 1992 623 2052 dillicultate
649 1993 737 2052 credo
754 1992 901 2067 voluisse,
924 1996 999 2053 sicut
1020 1994 1211 2069 Polycraten,
1235 2013 1297 2054 cum

299 2078 459 2139 Busiridem
478 2077 609 2137 laudaret
631 2084 660 2136 et
683 2038 961 2151 Clytaemnestrhm;
979 2096 1137 2156 quanquam
1157 2081 1198 2152 is,
1221 2078 1298 2156 quod

246 2214 249 2225 .
299 2163 340 2223 his
357 2161 500 2223 dissimile
515 2179 572 2236 non
596 2170 657 2236 est,
680 2163 880 2238 composuisse
902 2164 1077 2236 oraticnem,
1101 2180 1175 2239 quae
1191 2171 1235 2220 est
1248 2162 1296 2220 ha·

298 2247 355 2308 hita
373 2255 477 2307 contra
494 2247 655 2319 Socraten,
674 2245 787 2305 dicitur.

383 2329 506 2404 Quidam
527 2329 733 2391 naturalem
756 2347 824 2388 esse
847 2327 1011 2388 rhetoricen
1033 2330 1133 2391 volunt
1154 2337 1183 2387 et
1204 2337 1322 2388 tamen5

297 2416 427 2477 adiuvari
449 2416 659 2474 exercitatione
680 2430 736 2472 non
761 2413 934 2488 diffitentur,
952 2423 983 2473 ut
1005 2415 1033 2472 in
1048 2412 1297 2473 libris-Ciceronis

297 2501 332 2562 de
348 2497 474 2559 Oratore
490 2498 557 2559 dicit
573 2498 731 2573 Antonius,
746 2498 987 2559 observationem
1004 2499 1143 2576 quandam
1160 2515 1299 2558 essenon

296 2594 399 2647 artem.
436 2582 521 2656 Quod
543 2600 600 2641 non
621 2584 704 2657 ideo,
725 2590 756 2641 ut
778 2599 832 2660 pro
852 2599 924 2640 vero
944 2584 1134 2659 accipiamus,
1156 2591 1201 2641 est
1222 2585 1323 2660 posi-6

298 2677 371 2737 tum;
395 2666 449 2726 sed
465 2675 496 2725 ut
511 2666 628 2726 Antonii
644 2683 769 2743 persona
784 2675 934 2741 servetur,
954 2668 1001 2744 qui
1018 2666 1213 2727 dissimulator
1229 2668 1298 2726 artis

300 2753 359 2813 nit.
399 2750 480 2812 Hanc
494 2760 588 2810 autem
604 2752 767 2828 opinionem
781 2750 917 2810 hahuisse
934 2749 1034 2825 Lysias
1049 2752 1171 2811 videtur.
1211 2748 1298 2809 Cuius

302 2837 462 2897 sententiae
477 2835 542 2894 talis
557 2834 689 2894 defensio
705 2843 760 2910 est,
777 2835 855 2912 quod
869 2834 976 2894 indocti
992 2843 1020 2892 et
1035 2834 1150 2894 barbari
1166 2844 1195 2893 et
1209 2837 1297 2908 servi,

304 2938 353 2998 pro
374 2938 412 2980 se
427 2937 491 2978 cum
506 2918 677 2996 loquuntur,
700 2918 807 2996 aliquid
828 2919 922 2978 dicant
939 2919 1031 2977 simile
1052 2921 1212 2996 principio,
1234 2937 1298 2976 nar·
1342 2974 1344 2978 ,

304 3013 380 3080 rent,
403 3001 545 3082 probent,
567 3002 709 3077 refutent,
733 3012 763 3061 et
783 3003 877 3080 (quod
898 3004 955 3061 vim
976 3001 1080 3062 haheat
1100 3003 1225 3081 epilogi)
1249 3003 1298 3061 de·

302 3097 467 3166 precentur.
518 3086 631 3147 Deinde
657 3087 791 3147 adiiciunt
819 3087 883 3146 illas
907 3086 1062 3146 verborum
1090 3087 1325 3160 cavillationes?

301 3172 387 3250 nihil,
411 3170 489 3251 quod
504 3190 542 3231 ex
557 3181 619 3233 arte
635 3171 700 3246 flat,
720 3180 786 3230 ante
801 3180 890 3230 artem
904 3171 1008 3238 fuisse;
1031 3173 1109 3248 atqui
1124 3170 1232 3229 dixisse
1247 3170 1298 3229 ho·

300 3259 392 3318 mines
407 3272 463 3334 pro
481 3274 514 3315 se
530 3265 559 3314 et
575 3257 603 3314 in
618 3255 692 3315 alios
710 3273 843 3333 semper,
866 3255 1004 3314 docteres
1023 3257 1092 3313 artis
1110 3271 1178 3313 sem
1199 3256 1299 3313 iamet

301 3342 380 3402 eirca
403 3339 499 3400 Tisian
527 3349 555 3398 ει
579 3336 691 3398 Coraca
712 3341 832 3416 primum
852 3348 1004 3416 repertos,
1033 3340 1193 3398 orationem
1211 3340 1299 3416 igitur

300 3435 364 3485 ante
381 3433 475 3484 artem
489 3423 579 3483 luisse
596 3439 691 3501 eoque
707 3432 797 3482 artem
812 3439 868 3482 non
884 3441 961 3481 esse.
989 3420 1051 3480 Nos
1067 3439 1171 3500 porro,
1187 3423 1324 3501 quando8

301 3509 435 3588 coeperit
449 3506 532 3566 huius
547 3509 591 3567 rei
606 3507 753 3582 doctrina,
769 3523 826 3565 non
842 3506 1005 3566 laboramus
1021 3509 1192 3583 exquirere;
1210 3525 1297 3584 quau·

301 3612 384 3673 quam
399 3591 476 3671 apud
489 3586 642 3650 Homerum
659 3600 688 3650 et
702 3600 923 3668 praeceptorem
934 3589 1107 3650 Phoenicem
1119 3609 1181 3650 cum
1193 3589 1297 3666 agendi

300 3686 356 3737 tum
377 3677 466 3736 etiam
481 3674 619 3754 loquendi
637 3684 666 3734 et
687 3684 820 3734 oratores
835 3674 934 3752 plures
949 3682 979 3733 et
1000 3691 1083 3734 omne
1099 3677 1127 3732 in
1142 3674 1231 3734 tribus
1247 3673 1296 3731 du-

303 3762 381 3822 tibus
408 3761 547 3821 orationis
572 3777 665 3838 genus
692 3767 722 3819 ει
745 3760 900 3820 certamina
924 3774 1042 3842 quoque
1064 3759 1222 3841 proposita
1241 3755 1304 3815 eho·
