3184 4409
576 453 1020 523 noso.01tho01t.nlo.v‚12.
1229 443 1285 505 231

246 664 248 679 ,
302 606 361 669 diei
382 614 500 687 posset,
520 605 692 678 ostendere3
723 608 781 670 sed·
801 610 868 669 mibi
894 627 1103 688 supervacuum
1129 609 1288 671 videbatur.

302 691 375 752 Nam
397 691 508 752 eslere
528 702 668 771 apparet,
692 693 759 772 quid
778 696 807 754 in
828 695 972 768 iniuriam,
996 692 1063 771 quid
1084 695 1111 752 in
1135 697 1332 772 avaritiam,16

246 844 248 849 ,
303 775 371 854 quid
389 775 417 834 in
432 783 537 835 testem
552 777 703 853 inimicum,
724 779 792 856 quid
808 795 860 856 pro
875 786 951 836 teste
967 779 1057 835 amico
1074 777 1223 838 dicendum
1238 782 1290 847 sit;

246 862 248 869 '
303 856 392 917 etde
412 858 542 919 omnibus
565 859 610 919 bis
633 863 727 922 omnia
747 859 845 920 dicere
864 861 999 920 inlinitum
1016 869 1075 935 est,
1095 870 1151 920 tam
1172 863 1291 922 hercule

303 958 388 1020 marn
406 943 433 1002 si
451 945 729 1021 controversiarum,
749 940 831 1023 'quae
860 946 916 1004 siut
936 962 1067 1022 quaeque
1091 944 1202 1005 futurae
1224 949 1289 1021 siut,

303 1027 504 1104 quaestiones,
526 1037 711 1104 argumenta,
742 1030 899 1088 sententias
925 1028 1040 1087 tradere
1069 1028 1164 1086 velim.
1208 1028 1289 1107 ipsas
1299 1040 1332 1097 17

303 1116 398 1169 solon
423 1110 653 1188 arguumentorum
680 1111 761 1171 velut
788 1113 875 1172 sedes
901 1128 957 1170 non
983 1129 1028 1170 me
1053 1112 1166 1188 quidem
1191 1129 1290 1172 omnes

303 1192 468 1253 ostendisse
484 1194 608 1270 conlido,
627 1196 761 1274 plurimas
781 1205 884 1256 tamen.

384 1274 470 1350 Quod
485 1293 521 1336 eo
537 1277 699 1356 diligentius
716 1279 876 1339 laciendum
890 1279 952 1353 fuit,
972 1279 1037 1356 quia
1056 1277 1289 1354 declamationes,

302 1357 404 1436 quinus
419 1360 455 1420 ad
472 1378 593 1437 pugnam
609 1362 756 1422 forensem
771 1363 852 1422 velut
870 1362 1038 1440 praepilatis
1061 1364 1193 1420 exerceri
1213 1363 1290 1421 sole·

301 1441 417 1518 bamus,
434 1443 502 1502 olim
517 1446 570 1504 iam
586 1445 622 1504 ab
638 1445 687 1505 illa
703 1465 772 1505 vera
792 1447 915 1523 imagine
933 1446 1032 1505 orandi
1047 1454 1231 1504 recesserunt
1249 1455 1289 1505 at·

301 1543 358 1603 que
374 1525 411 1586 ad
425 1526 518 1586 solam
535 1530 714 1606 compositae
730 1528 908 1608 voluptatem
922 1530 1018 1587 nervis
1035 1537 1143 1603 carent,
1159 1546 1216 1588 non
1232 1529 1287 1588 alio

300 1607 410 1667 medius
432 1609 515 1669 lidius
530 1613 599 1671 vitio
615 1608 783 1685 dicentium,
811 1630 894 1690 quam
910 1629 966 1690 quo
982 1613 1186 1689 mancipiorum
1200 1629 1289 1689 nego·

300 1692 420 1753 datores
438 1693 546 1754 formae
557 1713 712 1773 puerorum
723 1695 858 1755 virilitate
871 1697 970 1755 excisa
981 1695 1187 1754 lenocinantur,
1218 1695 1289 1755 Nam
1298 1703 1330 1757 18

300 1783 332 1833 ut
344 1774 386 1834 illi
398 1775 490 1835 robur
504 1795 538 1837 ac
554 1778 680 1839 lacertos
695 1778 871 1857 barbamque
885 1788 950 1838 ante
966 1780 1057 1841 omnia
1075 1787 1103 1836 et
1118 1779 1189 1853 alia,
1215 1797 1288 1857 quae

300 1866 399 1919 naim
425 1862 545 1938 proprie
571 1862 695 1922 maribus
727 1862 821 1937 dedit,
851 1881 950 1940 parum
981 1862 1143 1921 existimant
1171 1863 1288 1938 decora,

300 1959 433 2020 quaeque
448 1943 549 2021 fortia,
572 1948 596 2005 si
611 1945 731 2021 liceret,
753 1946 848 2004 forent
868 1954 898 2004 ut
922 1944 991 2004 dura
1016 1944 1159 2005 molliunt:
1181 1947 1219 2005 ita
1235 1963 1289 2004 uos

298 2023 428 2085 habitum
439 2027 532 2104 ipsum
547 2031 683 2088 orationis
698 2030 811 2088 virilem
836 2038 865 2087 et
879 2028 958 2087 illam
972 2029 1028 2087 vim
1043 2029 1142 2086 stricte
1157 2029 1288 2088 robuste-

299 2124 354 2186 que
374 2107 490 2170 dicendi
511 2119 612 2174 tenera
636 2113 756 2192 quadam
777 2113 949 2172 elocutionis
972 2121 1037 2170 cute
1058 2112 1218 2189 operimus,
1248 2121 1287 2187 ct,

298 2191 360 2254 dnm
381 2192 460 2272 lotia
485 2197 540 2256 sint
553 2206 596 2256 'ac
621 2197 723 2271 nitida,
746 2204 880 2274 quantum
902 2196 1035 2270 valeant,
1057 2195 1126 2254 nihil
1146 2196 1288 2254 interesse

298 2280 476 2341 damnamur.
514 2280 572 2341 Sed
594 2281 660 2340 mihi
684 2290 811 2341 naturam
837 2280 954 2338 intuenti
977 2295 1060 2336 nemo
1083 2296 1139 2338 non
1159 2281 1203 2337 uir
1223 2289 1330 2356 spa-19

298 2362 372 2425 do‘nc
395 2364 552 2424 formosior
574 2365 644 2439 erit,
666 2382 721 2423 nec
744 2373 801 2443 tam
822 2380 924 2421 aversa
946 2379 1068 2439 unquam
1090 2361 1232 2420 videbitur
1252 2360 1288 2420 ab

298 2464 389 2526 opere
410 2465 465 2507 suo
485 2447 680 2526 providentia,
703 2456 734 2506 ut
749 2445 882 2506 debilitas
898 2447 971 2504 inter
989 2446 1095 2522 optima
1112 2447 1225 2505 inventa
1241 2445 1287 2519 sit,

297 2548 350 2592 nee
370 2531 402 2591 id
421 2531 501 2591 ierro
525 2533 688 2609 speciosum
711 2531 773 2589 fieri
794 2529 918 2607 putabo,
944 2529 1037 2606 quod,
1064 2529 1088 2586 si
1109 2537 1287 2604 nasceretur,

297 2622 454 2675 monstrum
469 2623 540 2674 erat.
573 2613 728 2674 libidinem
743 2616 821 2672 iuvet
835 2615 926 2690 ipsum
938 2612 1091 2670 effeminati
1107 2630 1194 2671 sexus
1210 2627 1287 2671 men-

299 2697 424 2773 dacium,
453 2715 594 2775 uunquam
620 2707 714 2756 tamen
741 2697 797 2756 hoc
824 2698 971 2771 continget
992 2695 1073 2753 malis
1093 2695 1219 2772 moribus
1241 2712 1287 2755 re-

299 2798 393 2857 guum,
409 2790 450 2855 ut,
466 2783 490 2839 si
504 2798 559 2858 qua
574 2783 702 2858 pretiosa
720 2781 806 2854 lecit,
824 2779 928 2840 iecerit
945 2788 972 2837 et
987 2777 1072 2837 bona.
1105 2779 1329 2858 Quapropterlo

299 2864 507 2944 eloquentiam,
524 2864 593 2923 licet
609 2864 682 2923 banc
697 2865 743 2941 (ut
758 2864 851 2923 sentio
868 2863 957 2936 enim,
975 2862 1087 2942 dicam)
1108 2862 1289 2922 libidinosam

299 2948 433 3027 resupina
443 2948 592 3026 voluptate
608 2948 747 3007 auditoria
757 2946 891 3025 probent,
907 2945 1013 3004 nullam
1025 2963 1091 3004 esse
1107 2944 1286 3018 existimabo,

299 3048 369 3109 qnae
385 3048 423 3090 ne
439 3032 580 3090 minimum
592 3030 705 3109 quidem
716 3032 744 3088 in
753 3048 786 3089 se
798 3031 929 3090 indicium
941 3029 1060 3088 masculi
1077 3039 1106 3088 et
1118 3028 1286 3106 incorrupti,

297 3132 330 3174 nc
347 3115 443 3175 dicam
458 3117 555 3190 gravis
572 3123 600 3173 et
615 3115 705 3173 sancti
717 3114 787 3189 viri,
812 3121 947 3173 ostentet.
971 3109 1032 3171 'An
1045 3129 1117 3171 vero
1134 3117 1325 3171 statuerumt}

298 3199 423 3258 artifices
447 3200 634 3276 pictoresque
657 3198 822 3272 clarissimi,
845 3215 908 3256 cum
931 3213 1056 3273 corpora
1071 3202 1155 3274 quam
1173 3195 1288 3273 specio-

297 3283 409 3342 sissima
432 3282 564 3358 lingendo
580 3280 763 3359 pingendove
783 3280 903 3340 efficere
919 3287 1074 3355 cuperent,
1095 3297 1236 3357 nunquam
1260 3279 1288 3336 in

297 3363 371 3425 huuc
383 3366 698 3438 incideruuterrorem,
714 3373 744 3423 ut
755 3364 882 3440 Bagoam
899 3371 946 3421 aut
961 3360 1149 3438 Megabyzum
1165 3363 1288 3440 aliquem

297 3449 323 3507 in
351 3449 517 3527 exemplum
542 3451 639 3526 operis
667 3457 813 3508 sumerent
838 3446 892 3506 sibi
913 3444 965 3504 sed
993 3444 1187 3524 Doryphoron
1209 3446 1288 3505 illum

298 3541 393 3610 aptum
411 3533 460 3592 vel
481 3533 598 3592 militiae
613 3532 661 3593 vel
683 3531 858 3608 palaestrae,
880 3529 1000 3589 aliorum
1024 3547 1139 3608 quoque
1157 3533 1288 3589 iuvenum

297 3612 503 3676 bellicosorum
524 3624 553 3676 et
575 3616 746 3675 athletarum
767 3632 891 3692 corpora
920 3612 1028 3673 decora
1050 3632 1121 3673 vere
1143 3615 1286 3671 existimu-

298 3709 414 3760 rerunt:
430 3716 495 3778 nos,
512 3701 561 3779 qui
577 3709 723 3760 oratorem
739 3699 885 3758 studemus
901 3693 1053 3774 effingere,
1070 3714 1127 3756 nou
1142 3713 1218 3755 arma
1235 3691 1288 3753 sed
