3184 4409
560 500 649 550 rusr.
668 499 816 550 onaron.
830 500 898 547 uun.
910 500 969 568 vn,
988 499 1012 550 r.
1273 490 1293 552 3

291 659 457 736 ambigitur,
474 658 641 717 coniectura
658 664 712 716 est.
744 653 861 716 Interim
870 673 942 714 vero
959 664 988 714 et
1003 657 1117 716 tertium
1130 658 1324 728 confessum&

292 753 355 819 est,
376 742 524 802 adulteros
545 742 647 801 fuisse.
678 738 744 800 Sed
756 740 827 817 tibi,
851 741 941 816 inquit
962 750 1132 816 accusator,
1152 745 1220 805 illos
1233 762 1295 805 noa

292 828 378 890 ltctst't
392 826 557 897 occiderc,·
573 825 646 885 eard
660 825 739 884 enim
757 834 840 899 eras,
856 832 903 882 aut
917 825 1143 904 ipnomim‘oscs.
1172 825 1294 889 Deiure

293 911 449 990 quaeritur.
492 908 530 968 At
558 911 582 968 si
613 909 743 987 protinus
769 907 875 966 dicenti
909 905 1056 968 Occidisti
1084 911 1295 988 respondeatur

295 993 362 1056 Non
376 995 494 1055 occidi:
511 995 604 1052 statim
619 1009 715 1070 pugna
731 1001 785 1050 est.
817 992 847 1051 Si
865 991 1073 1074 explorandum
1089 1002 1143 1066 est,
1161 993 1210 1052 ubi
1226 1012 1294 1054 con·

294 1080 437 1139 troversia
459 1078 590 1155 incipiat:
615 1085 644 1136 et
661 1077 838 1136 considerari
858 1075 962 1150 debet,
985 1076 1052 1154 quid
1070 1079 1188 1154 primam
1207 1096 1294 1157 quae·

300 1165 422 1222 stionem
436 1161 532 1220 faciat.
564 1159 688 1220 Intentio
706 1159 847 1238 simplex:
872 1157 993 1221 Occidit
1012 1159 1213 1221 Saturninum
1230 1162 1323 1233 lto-9

297 1247 413 1315 birtua-
434 1246 600 1305 coniuncta:
622 1242 705 1325 chc
726 1245 765 1305 dc
785 1245 911 1304 ocante
927 1245 1074 1306 commisit
1088 1242 1123 1305 L.
1143 1243 1293 1308 Vorenus.

297 1328 381 1391 Ncm-
394 1328 427 1389 0.
454 1329 607 1390 Varenum
624 1328 824 1390 occidendam
840 1337 869 1389 et
886 1325 940 1388 Cn.
963 1326 1116 1389 Varenum
1126 1332 1295 1391 vulneran-

296 1415 368 1474 dum
390 1422 419 1475 et
433 1413 592 1474 Salarium
614 1414 684 1474 item
704 1412 906 1474 occidendum
928 1415 1056 1473 curavit.
1092 1411 1164 1472 Nam
1188 1415 1231 1474 sio
1253 1416 1294 1474 di·

295 1515 400 1558 versae
416 1498 631 1576 propositiones
645 1505 742 1564 erunt;
759 1496 836 1573 quod
850 1497 927 1556 idem
939 1497 975 1557 de
991 1497 1177 1574 petitionibus
1189 1498 1295 1559 dietum

295 1583 342 1644 sit.
371 1581 479 1641 Verum
495 1600 533 1641 ex
548 1582 699 1642 coniuncta
719 1582 920 1660 propositione
941 1582 1040 1659 plures
1062 1599 1129 1640 esse
1149 1589 1294 1660 quaestuo-

294 1683 347 1725 nes
375 1683 410 1725 ae
434 1675 524 1725 status
549 1673 686 1744 possunt,
713 1666 738 1723 si
763 1664 842 1725 aliud
866 1674 952 1742 negat
978 1684 1045 1725 reus
1069 1665 1146 1726 aliud
1167 1666 1295 1727 defendit

294 1747 372 1809 aliud
388 1767 404 1809 a
419 1749 481 1808 iure
501 1751 623 1809 actionis
639 1749 775 1808 excludit.
813 1748 845 1808 lu
855 1760 858 1765 ·
869 1766 926 1827 quo
949 1751 1068 1826 genere'
1081 1752 1178 1827 agenti
1193 1760 1238 1810 est
1253 1751 1293 1810 di-

294 1834 483 1913 spiciendum,
501 1833 568 1911 quid
584 1851 700 1911 quoque
717 1832 784 1892 loeo
802 1832 900 1892 diluat.

380 1915 465 1990 Quod
484 1919 608 1996 pertinet
624 1918 658 1977 ad
679 1926 818 1991 actorem,
834 1933 891 1975 nou
904 1918 989 1995 plane
1005 1917 1144 1979 dissentio
1161 1935 1177 1977 a
1193 1915 1293 1993 Celso,
1306 1928 1337 1979 10

296 2003 344 2080 qui
367 2003 429 2060 sine
457 2001 544 2060 dubio
573 1999 745 2061 Ciceronem
772 2009 888 2059 secutus
910 2003 996 2060 instat
1017 2010 1112 2060 tamen
1132 2001 1198 2061 huic
1220 2003 1294 2079 parti

294 2084 506 2159 vehementius,
524 2093 555 2144 ut
570 2094 666 2163 putet,
682 2086 774 2162 primo
791 2085 900 2143 firmum
914 2085 1021 2163 aliquid
1038 2103 1105 2144 esse
1120 2085 1293 2163 ponendum,

295 2186 405 2229 summo
427 2169 632 2244 firmissimum,
653 2168 844 2228 imbecilliora
864 2169 977 2245 medio,
1000 2170 1066 2247 quia
1087 2178 1116 2228 et
1138 2169 1294 2228 initiomo·

294 2253 405 2312 vendus
422 2256 458 2312 sit
473 2253 561 2312 iudex
578 2262 607 2313 et
623 2269 732 2312 summo
747 2251 948 2329 impellendus.
980 2253 1018 2312 At
1033 2270 1087 2332 pro
1103 2270 1154 2312 reo
1169 2253 1338 2330 plerum-11

295 2354 353 2415 que
378 2339 576 2412 gravissimum
597 2338 722 2415 quidque
746 2338 865 2415 primum
885 2337 1054 2396 movendum
1078 2347 1138 2413 est,
1164 2355 1200 2396 ne
1225 2336 1295 2395 illud

296 2429 432 2498 spectans
449 2421 537 2495 iudex
559 2421 736 2498 reliquorum
757 2419 919 2481 defensioni
946 2423 983 2480 sit
1003 2423 1144 2481 aversior.
1180 2421 1296 2481 Interim

295 2512 391 2563 tamen
415 2513 444 2564 et
471 2505 527 2564 hoc
549 2504 717 2581 mutabitur,
740 2504 764 2562 si
786 2505 896 2564 leviora
918 2505 968 2566 illa
990 2505 1085 2583 palam
1105 2505 1179 2565 falsa
1202 2513 1294 2580 erunt,

294 2589 459 2665 gravissimi
478 2589 610 2649 defensio
632 2589 793 2664 difficilior,
815 2598 846 2648 ut
870 2589 998 2649 detracta
1019 2591 1098 2667 prius
1120 2590 1295 2650 accusatori·

294 2673 349 2731 bus
365 2672 420 2731 fide
437 2674 638 2749 aggrediamur
652 2673 789 2749 ultimum,
807 2674 862 2732 iam
877 2674 1017 2734 iudicibus
1034 2676 1126 2734 omnia
1140 2691 1213 2734 vana
1228 2690 1295 2732 esse

295 2755 490 2815 credentibus.
527 2755 606 2835 Opus
623 2759 793 2817 erittamen
808 2758 1005 2836 praelatione,
1024 2777 1079 2837 qua
1095 2768 1124 2818 et
1139 2760 1212 2818 ratio
1230 2757 1295 2816 red·

295 2840 377 2899 datur
393 2840 473 2900 dilati
492 2842 616 2900 criminis
636 2849 665 2900 et
680 2843 862 2919 promittatur
878 2842 1021 2919 defensio,
1037 2861 1073 2902 ne
1089 2843 1128 2918 id,
1147 2841 1224 2920 quod
1239 2856 1296 2900 non

296 2925 391 2982 statim
408 2924 566 3000 diluemus,
589 2927 690 2985 timere
711 2927 868 2985 videamur.
909 2926 1071 2987 Anteactae
1085 2928 1163 2985 vitae
1179 2926 1337 2988 crimina12

294 3007 465 3085 plerumque
488 3012 578 3086 prima
598 3009 746 3087 purganda
770 3019 851 3085 sunt,
872 3019 903 3069 ut
917 3011 962 3086 id,
985 3012 1021 3071 de
1044 3027 1100 3088 quo
1121 3010 1229 3068 laturus
1251 3017 1297 3067 est

294 3094 465 3151 sententiam
481 3093 578 3168 iudex,
598 3093 697 3153 audire
713 3095 855 3172 propitius
870 3096 997 3172 incipiat.
1037 3094 1094 3154 Sed
1105 3092 1163 3152 boe
1179 3110 1295 3170 quoque

293 3191 348 3252 pro
368 3175 483 3235 Vareno
508 3175 613 3236 Cicero
637 3179 665 3234 in
686 3177 815 3236 ultimum
840 3177 968 3254 distulit,
983 3195 1057 3255 non,
1076 3176 1143 3256 quid
1160 3176 1295 3256 frequen·

293 3259 405 3318 tissime
421 3260 484 3335 sed,
502 3261 569 3338 quid
584 3270 642 3320 tum
658 3262 820 3339 expediret,
836 3262 962 3322 intuitus.

381 3342 451 3403 Cum
469 3345 593 3423 simplex
608 3346 728 3404 intentio
745 3348 814 3405 erit:
834 3346 987 3406 videndum
1005 3355 1065 3421 est,
1085 3362 1171 3404 unum
1189 3344 1297 3424 aliquid
1306 3351 1339 3406 13

293 3429 521 3504 respondeamus
540 3448 575 3488 arr
592 3429 685 3506 plura.
730 3430 760 3489 Si
780 3448 881 3490 unum:
903 3431 932 3488 in
953 3449 986 3489 re
1001 3432 1201 3509 quaestionem
1217 3431 1296 3488 iusti·

291 3519 405 3570 tuamus
421 3530 457 3571 an
472 3514 500 3569 in
521 3515 647 3591 scripto;
671 3514 695 3572 si
710 3514 739 3572 in
753 3531 801 3573 re:
817 3514 978 3590 negandum
993 3515 1046 3590 sit,
1071 3514 1149 3592 quod
1164 3514 1298 3573 obiicitur

294 3613 331 3653 an
346 3597 496 3664 tuendum;
515 3599 584 3655 siin
601 3599 729 3675 scripto:
751 3600 779 3656 in
797 3616 852 3676 qua
868 3601 968 3675 specie
984 3600 1053 3658 iuris
1073 3615 1170 3676 pugna
1191 3599 1244 3673 sit,
1267 3606 1296 3656 et

292 3680 322 3737 in
339 3697 374 3739 ea
394 3680 430 3739 de
448 3679 545 3738 verbis
562 3699 597 3739 an
614 3682 650 3741 de
667 3682 817 3741 voluntate
835 3692 999 3760 quaeratur.
1031 3683 1062 3743 ld
1079 3681 1340 3758 incensaque-14

292 3780 367 3838 mur,
387 3765 411 3823 si
427 3764 518 3822 intuiti
536 3763 690 3842 fuerimus,
704 3783 788 3843 quae
805 3767 841 3824 sit
856 3765 926 3846 lex,
944 3785 1021 3848 urnae
1034 3764 1311 3907 liternxlae'xamoe
