3184 4409
376 475 418 539 60
691 489 1052 550 M.FAB.QUmT1L1AN1

376 643 544 703 abundantia
561 654 589 703 et
606 647 744 705 arcessita
761 653 790 702 et
802 644 956 704 exultantia
972 642 1025 702 sub
1043 643 1118 704 idem
1132 659 1240 709 nornen
1256 646 1359 707 cadunt.

376 726 508 805 Denique
534 720 695 806 κακόζηλον
720 737 857 804 vocatur,
883 728 1019 806 quidquid
1048 737 1093 787 est
1123 727 1200 787 ultra
1224 729 1359 804 virtutem,

378 813 509 888 quotiens
539 813 681 888 ingenium
712 812 818 870 iudicio
848 820 929 885 caret
961 820 991 869 et
1017 812 1118 890 specie
1148 810 1219 870 boui
1252 811 1359 884 fallitur,

377 897 498 954 omnium
512 897 541 954 in
557 896 720 973 eloquentia
734 897 867 954 vitiorum
879 896 1042 973 pessimum.
1068 893 1139 952 Nam
1155 898 1258 955 cetera
1274 913 1359 975 pamm

336 987 369 1040 57
378 982 515 1054 vitantur,
531 979 588 1039 hoc
603 981 718 1057 petitur.
761 977 816 1037 Est
831 987 925 1039 autem
941 987 1030 1039 totum
1046 980 1075 1037 in
1090 978 1271 1038 elocutione.
1301 979 1358 1038 Nau

378 1081 472 1122 rerum
492 1065 560 1123 vitia
581 1072 645 1122 sunt
669 1063 801 1136 stultum,
830 1078 994 1136 commuue,
1018 1063 1206 1137 contrarium,
1232 1080 1357 1142 superae

379 1166 474 1215 cuum;
497 1156 631 1224 corrupta
653 1148 744 1205 oratio
761 1148 788 1204 in
805 1146 903 1204 verbis
922 1147 1043 1205 maxime
1060 1147 1245 1223 impropriis,
1271 1147 1357 1207 reduc-

378 1229 518 1305 dantibus,
540 1231 797 1308 comprehensione
814 1229 948 1305 obscura,
968 1230 1178 1307 compositione
1193 1229 1305 1306 fracta,
1320 1247 1356 1288 ro

379 1333 442 1373 cum
468 1315 599 1373 similium
625 1324 672 1374 aut
700 1314 893 1390 ambiguarum
915 1313 1019 1392 puerili
1041 1315 1206 1391 captatione
1229 1315 1357 1373 consistit

336 1397 428 1461 seusu
445 1408 538 1457 autem
554 1415 637 1457 omne
654 1390 816 1475 κακόζηλον
833 1399 931 1474 utique
946 1396 1065 1473 falsum,
1086 1398 1197 1456 etiarnsi
1213 1414 1275 1458 non
1291 1414 1359 1458 omnc

378 1482 481 1542 falsum
496 1475 673 1559 κακόζηλον·
699 1480 858 1540 cacozelon
880 1497 951 1540 vero
976 1489 1036 1555 est,
1059 1480 1135 1558 quod
1159 1480 1268 1541 dicitur
1281 1483 1359 1554 aliter,

379 1584 461 1644 quam
476 1584 508 1624 se
526 1575 624 1624 natura
639 1564 726 1624 babet
742 1574 770 1623 et
786 1583 870 1643 quam
889 1574 1005 1643 oportet
1023 1573 1052 1623 ct
1068 1582 1151 1642 quarn
1165 1574 1212 1624 sat
1227 1575 1286 1626 cst.
1318 1565 1359 1626 'lo

378 1650 464 1708 tidem
480 1659 572 1708 autem
587 1648 741 1726 generibus
755 1650 946 1727 corrumpitur
960 1649 1064 1722 oratio,
1077 1657 1148 1726 quot
1158 1657 1290 1711 ornatur.
1317 1646 1359 1710 Sel

379 1733 414 1791 de
437 1733 490 1791 bac
512 1743 593 1810 parte
612 1741 641 1791 et
660 1735 688 1791 in
710 1732 767 1791 alio
782 1732 866 1792 nobis
881 1750 973 1811 opere
988 1732 1100 1810 plenius
1115 1731 1222 1791 dictum
1238 1742 1287 1793 cst
1305 1733 1359 1793 eru

378 1816 434 1875 hoc
450 1834 539 1895 saepe
560 1825 696 1875 tractatur
717 1825 746 1874 et
768 1817 860 1876 adbuc
883 1825 1037 1895 spargetur
1057 1815 1187 1881 omnibus
1205 1815 1293 1877 locis.
1321 1816 1359 1876 bo

380 1909 500 1976 quentes
522 1903 596 1961 enim
619 1901 654 1960 de
678 1909 778 1960 ornatu
802 1899 939 1977 subinde,
961 1917 1036 1978 quac
1057 1901 1113 1959 sint
1132 1899 1250 1961 vitanda
1273 1900 1359 1960 similia

379 1984 529 2044 virtutibus
546 1986 624 2059 vitia,
644 1984 780 2044 dicemus.

338 2077 372 2131 59
462 2070 533 2144 Supt
556 2071 685 2129 inornata
708 2077 737 2127 et
759 2068 848 2127 baec:
872 2067 949 2145 quod
971 2067 1046 2126 male
1070 2067 1241 2145 dispositum
1266 2077 1325 2144 est,
1341 2066 1359 2126 id

380 2143 626 2230 όνοικονόμηνον·
655 2153 732 2230 quod
752 2152 831 2225 male,
849 2151 1014 2228 figuratum,
1040 2151 1069 2211 id
1090 2141 1277 2230 ἆσηήματον·
1299 2149 1359 2230 quod

380 2237 454 2296 male
476 2237 666 2311 collocatum,
691 2237 718 2295 id
741 2229 960 2296 κακοσόνθετον
980 2244 1096 2294 vocant.
1141 2235 1200 2294 Sed
1224 2234 1263 2295 de
1279 2235 1359 2314 dispo

381 2321 483 2379 sitione
504 2322 638 2388 diximum
662 2321 698 2379 de
715 2320 813 2396 liguris
831 2329 860 2378 et
881 2321 1089 2398 compositione
1105 2319 1243 2378 dicemus.
1278 2324 1359 2397 Σωρν-

379 2405 449 2480 σμός
480 2422 595 2482 quoque
623 2405 786 2481 appellatur
812 2404 950 2482 quaedam
976 2405 1062 2462 mixta
1090 2421 1127 2462 ex
1151 2404 1231 2462 varia
1263 2404 1359 2462 rationi

379 2490 536 2564 linguarum
552 2490 660 2565 oratio,
676 2497 705 2546 ut
725 2490 748 2546 si
768 2487 872 2546 Atticis
889 2487 1007 2562 Dorica,
1022 2487 1131 2561 lonica,
1148 2486 1275 2546 Aeolica
1290 2487 1359 2545 etiau

337 2573 453 2637 oodicta
477 2573 643 2632 confundas.
691 2569 742 2630 Cui
765 2571 858 2630 simile
880 2573 978 2630 vitium
997 2580 1042 2631 est
1064 2571 1138 2648 apud
1160 2586 1231 2644 nos,
1260 2571 1286 2629 si
1311 2569 1359 2647 quir

379 2655 507 2714 sublimia
525 2655 686 2731 humilibus,
702 2665 802 2714 vetera
819 2657 912 2730 novis,
928 2656 1044 2732 poetica
1059 2652 1227 2731 vulgaribus
1241 2656 1359 2712 misceat

379 2738 411 2797 ld
434 2741 507 2797 euim
528 2740 585 2798 tale
601 2748 771 2816 monstrum,
793 2740 879 2819 quale
901 2739 1035 2798 Horatius
1057 2741 1085 2798 in
1100 2739 1190 2816 prima
1207 2747 1292 2816 parte
1310 2737 1359 2797 libr

380 2822 415 2882 de
431 2832 492 2882 arte
509 2825 624 2902 poetica
640 2824 733 2900 lingit:

528 2906 667 2969 Hismario
689 2909 783 2985 capiti
800 2907 949 2968 cornicem
964 2908 1063 2985 pictor
1076 2907 1220 2983 equinam

527 2990 699 3070 lumperccc'
719 2992 801 3065 cedit,

381 3085 409 3136 et
425 3085 522 3135 cetera
541 3094 577 3134 ex
593 3077 715 3135 diversis
730 3076 838 3134 naturis
854 3073 994 3133 subiiciat.

340 3172 373 3225 61
465 3159 633 3219 Ornatum
655 3168 715 3233 est,
739 3158 816 3236 quod
833 3160 988 3236 perspicuo
1012 3175 1047 3217 ac
1068 3154 1212 3234 probabili
1234 3155 1302 3234 plus
1319 3162 1359 3214 est

380 3242 449 3302 Eius
465 3247 547 3322 primi
562 3253 625 3302 sumt
640 3244 746 3319 gradus
761 3245 789 3301 iu
805 3259 841 3300 eo
858 3242 935 3320 quod
949 3241 1023 3300 uelis
1040 3239 1244 3318 exprimendo,
1261 3241 1359 3298 tertius

382 3330 429 3403 qui
445 3327 517 3388 haec
535 3329 665 3387 nitidiora
682 3328 780 3400 faciat,
797 3327 875 3403 quod
890 3327 1008 3403 proprie
1020 3325 1128 3384 dixeris
1144 3322 1294 3382 cultum.
1321 3321 1359 3381 lta

382 3429 438 3486 que
461 3405 676 3490 ἐνάργειαν,
700 3411 779 3469 curius
800 3411 828 3467 in
849 3409 1015 3487 praeceptis
1036 3409 1205 3467 narrationis
1221 3406 1280 3466 leci
1297 3421 1359 3465 men

381 3497 497 3568 tionem,
515 3497 579 3571 quia
596 3496 660 3572 plus
676 3504 720 3552 est
736 3493 879 3551 evidentia
892 3493 951 3567 vel,
970 3501 1000 3551 ut
1014 3492 1062 3552 alii
1077 3492 1183 3565 dicunt,
1200 3506 1359 3568 repraesen

382 3579 451 3636 tatio
468 3596 550 3654 quam
563 3580 769 3656 perspicuitas,
791 3587 820 3635 et
837 3577 908 3636 illud
925 3585 1018 3654 patet,
1042 3575 1099 3634 hoc
1115 3593 1147 3633 se
1163 3571 1359 3652 quodammodr

340 3662 518 3735 fiaostendit,
535 3664 608 3720 inter
626 3669 790 3720 ornamenta
805 3677 953 3738 ponamus.
991 3659 1095 3736 blagua
1114 3660 1205 3717 virtus
1227 3666 1288 3732 est,
1313 3673 1359 3714 res

383 3745 536 3826 dequibus
555 3745 712 3824 loquimur,
736 3744 814 3804 clare
836 3753 938 3821 atque,
960 3752 990 3803 ut
1006 3744 1084 3803 cerni
1099 3742 1265 3819 videantur,
1287 3756 1359 3800 enuu
