3184 4409
340 474 384 535 44
545 549 548 555 ,
657 487 1017 547 u.sao.on1un1n1nu1

343 641 518 717 siderentur,
538 641 809 720 deprehendatque,
826 659 900 720 quae
919 641 1055 718 barbara,
1073 660 1146 721 quae
1164 643 1337 723 impropria,

301 732 417 803 idquae
440 735 539 784 contra
555 726 638 802 leges
660 726 796 803 loquendi
817 729 872 786 sint
893 728 1004 803 posita;
1027 743 1085 786 non
1105 737 1136 786 ut
1157 745 1194 786 ex
1214 727 1260 788 his
1281 731 1337 789 uti·

343 827 400 886 que
422 809 617 886 improbentur
642 819 764 888 poetae,
792 810 911 888 quibus,
941 811 1007 888 quia
1029 811 1199 888 plerumque
1222 814 1337 872 servire

342 902 434 952 metro
452 903 607 970 coguntur,
630 895 703 953 adeo
721 896 895 970 ignoscitur,
917 903 948 952 ut
966 895 1033 952 uitia
1054 897 1118 972 ipsa
1136 895 1199 955 aliis
1221 897 1250 954 in
1272 915 1336 956 car·

342 979 417 1035 mine
428 977 669 1055 appellationibus
681 980 870 1036 nominentur.
893 975 1109 1055 Metoplosmoe
1120 981 1194 1038 enirn
1209 989 1240 1040 et
1250 981 1337 1041 eche·

341 1063 496 1122 matismos
512 1071 541 1120 et
558 1063 729 1136 schemata,
750 1070 780 1120 ut
799 1062 871 1136 dixi,
894 1079 1048 1136 vocamus,
1073 1071 1102 1122 et
1118 1062 1232 1122 laudem
1246 1064 1336 1123 virtu·

342 1146 378 1204 tis
407 1148 574 1206 necessitati
597 1146 710 1213 damus;
741 1145 793 1204 sed
822 1154 852 1203 ut
878 1154 1059 1205 commoueat
1086 1146 1278 1207 artificialium
1298 1156 1336 1207 et

299 1231 505 1289 15memoriam
521 1233 621 1306 agitet.
653 1229 684 1288 ld
703 1246 819 1307 quoque
839 1231 913 1288 inter
930 1231 1020 1307 prima
1037 1229 1195 1289 rudimenta
1214 1247 1272 1289 non
1290 1231 1334 1290 in·

341 1314 410 1372 utile
433 1314 648 1387 demonstrare,
676 1323 746 1390 quot
767 1331 900 1392 quaeque
919 1313 1010 1374 verba
1031 1314 1123 1373 modis
1145 1314 1334 1391 intelligenda

260 1473 262 1478 Ι
341 1399 406 1456 sint.
428 1397 527 1462 ,Circa
548 1399 724 1474 glossemata
743 1400 844 1472 etiarn,
867 1397 895 1456 id
913 1405 957 1456 est
978 1414 1068 1456 voces
1090 1399 1180 1456 minus
1202 1400 1332 1472 usitatas,

299 1486 397 1540 16non
419 1482 517 1541 ultima
541 1484 602 1541 eius
625 1482 817 1561 professionis
840 1482 986 1558 diligentia
1009 1490 1063 1540 est.
1098 1481 1254 1542 Enimuero
1279 1485 1333 1541 iarn

340 1568 449 1625 maiore
472 1584 540 1625 cura
563 1566 668 1626 doceat
693 1574 935 1647 troposomnes,
963 1565 1065 1643 quibus
1090 1567 1248 1644 praecipue
1276 1582 1333 1624 nou

340 1666 445 1728 poema
467 1650 552 1709 inodo
574 1650 626 1709 sed
648 1651 734 1708 etiarn
756 1652 848 1709 oratio
872 1659 1003 1717 ornatum
1031 1650 1178 1709 schemata
1198 1659 1332 1727 utraque,

340 1734 369 1793 id
392 1743 436 1792 est
457 1734 580 1810 figuras,
604 1751 736 1811 quaeque
758 1732 858 1806 λέξεως
879 1751 1011 1812 quaeque
1030 1734 1161 1804 διανοίας
1181 1743 1332 1808 vocantur,

342 1835 462 1896 quorum
483 1834 539 1893 ego
555 1819 629 1876 sicut
646 1826 795 1895 troporum
814 1827 965 1877 tractatum
975 1820 1004 1877 in
1020 1836 1084 1877 eum
1102 1819 1199 1877 locum
1219 1816 1332 1891 differo,

300 1909 333 1963 17
343 1919 400 1979 quo
417 1902 484 1960 mihi
500 1903 536 1961 de
555 1911 655 1962 ornatu
672 1903 810 1961 orationis
828 1901 977 1961 dicendum
994 1905 1057 1960 erit.
1085 1902 1246 1980 Praecipue
1261 1917 1332 1961 vero

342 1986 392 2046 illa
413 1987 512 2062 inligat
528 1988 646 2061 animis,
668 2004 743 2064 quae
764 1989 791 2044 in
815 1987 985 2045 oeconomia
1006 1988 1113 2061 virtus,
1137 2003 1211 2064 quae
1234 1987 1263 2045 iu
1284 1986 1332 2044 de·

343 2087 413 2129 core
430 2088 541 2146 rerum,
566 2070 632 2148 quid
647 2086 792 2150 personae
808 2072 913 2148 coique
933 2071 1115 2144 convenerit,
1139 2070 1206 2146 quid
1224 2071 1253 2128 in
1269 2087 1332 2128 seu·

341 2154 421 2215 sibus
438 2154 624 2230 laudandum,
650 2155 717 2234 quid
733 2157 762 2215 in
778 2155 893 2231 verbis,
914 2153 962 2213 ubi
982 2156 1067 2232 copia
1085 2152 1263 2232 probabilis,
1286 2152 1333 2212 obi

343 2239 453 2299 modus.
739 2290 741 2294 ,

302 2325 337 2380 18
427 2324 477 2383 His
494 2324 607 2383 aooedit
622 2323 764 2382 enarratio
786 2321 984 2398 historiarum,
1007 2321 1131 2398 diligens
1149 2321 1264 2398 quidem
1284 2321 1332 2381 illa

343 2426 399 2467 nou
420 2417 515 2467 tamen
532 2424 625 2484 usque
642 2407 677 2465 ad
696 2423 907 2483 supervacuum
930 2405 1058 2466 laborem
1078 2413 1232 2483 occupata.
1261 2404 1333 2465 Nam

342 2499 478 2568 receptas
499 2498 547 2549 aut
568 2499 648 2548 certe
671 2489 757 2548 claris
780 2489 945 2548 auctoribus
968 2499 1141 2549 memoratas
1159 2491 1332 2567 exposuisse

343 2577 413 2634 satis
437 2582 490 2632 est.
525 2572 663 2651 Persequi
684 2573 808 2650 quidem,
831 2574 898 2650 quid
918 2575 1039 2651 quisque
1057 2591 1181 2652 unquam
1197 2573 1247 2633 vel
1265 2590 1331 2633 con·

343 2659 595 2735 temptissimorum
619 2657 761 2716 hominum
783 2657 903 2732 dixerit,
933 2667 980 2717 aut
1002 2660 1105 2717 nimiae
1127 2658 1264 2716 miseriae
1286 2665 1333 2717 aut

343 2744 433 2801 inanis
461 2742 616 2800 iactantiae
641 2749 686 2799 est
715 2750 744 2799 et
771 2740 879 2799 detinet
902 2751 988 2819 atque
1016 2741 1112 2801 obruit
1137 2743 1252 2818 ingenia
1273 2758 1332 2800 me·

301 2825 336 2878 19
344 2827 397 2886 lius
419 2826 481 2885 aliis
500 2833 646 2884 vacatura.
678 2823 750 2884 Nam
771 2826 818 2902 qui
836 2843 934 2884 omnes
954 2827 1039 2886 etiam
1058 2827 1187 2902 indignas
1205 2825 1333 2885 lectione

342 2911 438 2969 scidas
461 2910 584 2983 excutit,
608 2908 729 2968 anilibus
756 2925 871 2987 quoque
893 2909 997 2969 labulis
1020 2910 1241 2969 accommodare
1261 2926 1332 2988 ope·

327 3012 401 3070 ram
424 3002 529 3071 potest.
557 2992 645 3070 Atqui
667 2994 744 3071 pleni
766 3003 831 3052 sunt
851 2994 991 3053 eiusmodi
1008 2995 1218 3071 impedimentis
1238 3011 1333 3070 gram·

341 3079 508 3137 matioorum
538 3077 732 3137 commentarii
740 3121 748 3152 ,
776 3079 826 3136 vix
848 3079 919 3155 ipsis
942 3080 990 3154 qui
1015 3087 1240 3156 composuerunt
1263 3078 1334 3136 satis

300 3162 410 3220 admoti.
451 3161 523 3221 Nam
547 3161 689 3237 Didymo,
719 3179 775 3239 quo
804 3179 888 3220 nemo
916 3163 1000 3241 plura
1028 3164 1159 3240 scripsit,
1189 3161 1348 3224 accidisse.

341 3255 519 3323 compertum
542 3253 601 3320 est,
630 3254 675 3322 ut,
698 3264 761 3305 curn
782 3246 921 3306 historiae
949 3246 1061 3305 cuidam
1086 3255 1219 3324 tanquam
1240 3262 1334 3305 vanae

340 3338 530 3407 repugnaret,
561 3331 651 3407 ipsios
673 3331 855 3407 proferretur
877 3330 967 3405 liber,
996 3333 1044 3407 qui
1067 3348 1129 3389 eam
1156 3329 1332 3389 continebat.

297 3414 331 3470 21
341 3412 424 3485 Quod
438 3416 532 3480 evenit
543 3416 700 3492 praecipue
715 3417 742 3473 iu
755 3414 895 3474 fabulosis
909 3432 1002 3491 usque
1014 3415 1049 3474 ad
1061 3414 1231 3483 deridicula,
1243 3415 1333 3490 quae·

342 3498 513 3557 demetiam
540 3497 687 3575 pudenda;
716 3500 791 3558 unde
817 3498 1029 3576 improbissimo
1059 3501 1163 3576 cuique
1190 3496 1334 3576 pleraque

340 3581 464 3658 fingendi
487 3583 602 3641 licentia
626 3591 685 3657 est,
709 3584 782 3642 adeo
809 3591 838 3641 ut
861 3583 897 3642 de
919 3583 999 3642 libris
1017 3585 1085 3642 totis
1107 3592 1136 3641 et
1154 3581 1333 3656 auctoribus,

339 3675 370 3724 ut
398 3668 555 3740 succurrit,
584 3669 753 3726 mentiantur
778 3675 856 3741 tuto,
884 3668 949 3743 quia
972 3669 1092 3727 inveniri
1119 3669 1166 3743 qui
1189 3682 1334 3743 nunquam

253 3827 256 3835 Ι
335 3751 422 3810 luere
442 3767 499 3809 non
525 3759 657 3830 possunt.
697 3748 769 3811 Nam
792 3752 822 3811 in
842 3751 1004 3810 notioribus
1027 3752 1261 3830 frequentissime
1281 3749 1333 3811 de·
