3184 4409
558 480 648 529 mar.
667 480 815 555 onproa.
829 482 897 529 nm.
909 482 942 543 u,
959 481 1001 532 ιι.
1227 470 1291 531 225

283 634 607 719 apologetionem.
652 631 704 695 Oui
725 634 837 695 confine
859 644 905 695 est
925 636 1081 714 παροιμίας
1097 654 1189 714 genus
1207 637 1329 714 illudar

246 726 281 803 t„
326 720 368 781 od
391 728 439 780 est
457 718 537 779 velut
557 718 665 779 labella
691 719 811 779 brevior
833 728 863 779 et
886 737 938 797 per
956 720 1116 796 allegorian
1131 723 1286 800 accipitur:

246 740 357 919 ffers
368 810 523 880 nostrum,
539 804 653 880 inquit,
675 822 768 872 ccum
790 804 845 865 bos
859 805 995 865 clitellas.

372 887 524 949 Proximus
540 885 666 965 exempli
682 888 760 947 vires
778 886 865 946 habet
883 886 1108 962 similitudo,
1131 891 1330 967 praeripuere

285 970 358 1048 illa,
388 987 464 1049 qnae
490 970 601 1030 ducitur
628 972 699 1030 citra
724 971 811 1029 ullam
836 971 1051 1031 translationum
1076 972 1224 1030 mixturam
1252 992 1289 1032 ex

288 1054 386 1116 soltus
397 1071 494 1133 paene
509 1054 641 1132 paribus:
674 1052 730 1130 Ut,
752 1055 806 1131 qui
826 1057 970 1133 occipere
983 1057 1015 1116 irs
1034 1051 1147 1133 Campo
1162 1075 1289 1117 consue·

288 1146 380 1216 mut,
414 1138 456 1199 iis
483 1138 677 1214 candidatis,
706 1155 835 1216 quorum
863 1157 999 1199 nummos
1019 1156 1203 1216 suppressos
1222 1159 1289 1201 esse

285 1230 416 1304 putam,
436 1221 637 1283 inimicissimi
655 1222 752 1283 solerti
772 1240 858 1282 esse:
879 1223 925 1283 sic
946 1223 1094 1283 eiusmodi
1107 1222 1226 1283 iudices
1239 1225 1287 1284 irs-

287 1306 363 1387 festi
383 1314 448 1367 tum
460 1322 515 1367 reo
528 1310 685 1368 verterunt.
729 1304 802 1364 Nam
816 1297 986 1385 παραβολὴ,
1010 1323 1092 1383 quam
1108 1302 1212 1365 Cicero
1229 1308 1331 1371 col-23

290 1390 430 1451 lationem
449 1397 552 1465 vocat,
580 1389 695 1467 longius
712 1407 760 1448 res
776 1406 850 1467 quae
869 1398 1070 1466 comparentur
1089 1398 1224 1467 repetere
1240 1408 1287 1450 so·

292 1473 346 1534 let.
374 1472 478 1552 Neque
493 1472 636 1532 hominurn
651 1472 736 1533 modo
752 1474 827 1531 inter
842 1490 875 1531 se
891 1489 981 1551 opera
997 1473 1097 1531 similia
1110 1482 1287 1550 spectantur,

292 1564 326 1617 ιιι
345 1553 451 1617 cicero
472 1572 526 1636 pro
548 1554 667 1616 Murena
691 1558 774 1616 iacit:
809 1553 926 1628 Quodsi
948 1563 1077 1634 eportet
1093 1557 1287 1636 solventibus,

292 1642 347 1720 qui
359 1640 423 1703 iam
442 1642 476 1703 im
495 1648 616 1720 portum
637 1658 677 1701 es
691 1642 753 1702 olto
765 1641 957 1716 inceduntur,
977 1640 1161 1718 praedicere
1174 1660 1289 1704 summo

291 1726 394 1787 static
404 1725 502 1787 solent
515 1730 545 1786 et
560 1730 769 1804 tempestatum
789 1726 936 1785 rationem
953 1733 982 1785 et
995 1726 1187 1802 praedonum
1202 1734 1231 1788 et
1244 1728 1288 1789 lo

294 1826 419 1878 coms
440 1810 523 1888 qaod
541 1816 657 1870 catere
677 1808 781 1890 offert,
803 1815 837 1869 ot
857 1808 897 1868 iit
909 1808 1089 1886 foveamus,
1114 1811 1167 1887 qui
1181 1812 1289 1872 eodem

290 1892 449 1972 periendo,
473 1893 582 1971 quibus
595 1910 650 1952 mos
661 1892 819 1970 perfuncti
832 1910 956 1967 sumus,
977 1893 1208 1969 improdioutur:
1231 1911 1289 1972 quo

292 1995 340 2039 me
361 1976 486 2039 tardem
507 1977 608 2038 animo
628 1994 695 2036 esse
717 1984 849 2055 oportet,
867 1994 966 2054 prope
980 1976 1042 2035 ium
1057 1995 1097 2036 eto
1114 1980 1289 2054 mopso-ia-

293 2060 426 2123 ctatione
446 2065 562 2121 terrem
582 2060 749 2135 videntem,
776 2061 809 2121 tc
830 2060 930 2135 tone,
961 2059 1012 2121 cui
1029 2060 1118 2121 video
1138 2062 1290 2122 mucimus

293 2150 486 2226 tempestates
507 2162 574 2206 esse
596 2144 794 2203 subeundas?
823 2141 876 2201 sed
899 2151 928 2202 et
949 2160 965 2202 a
987 2145 1069 2201 mutis
1096 2152 1181 2220 atque
1204 2146 1288 2203 etiam

293 2228 425 2289 inanimis
449 2228 564 2287 interim
588 2226 748 2286 huiusmodi
773 2226 894 2286 ducitur.
940 2225 977 2285 ldt
1003 2227 1135 2304 quoniam
1157 2227 1330 2294 similiumnt

293 2312 349 2373 slis
379 2312 474 2371 iacies
498 2314 527 2371 in
553 2311 608 2371 alia
630 2312 757 2369 ratione:
785 2308 993 2369 admonendum
1014 2319 1078 2385 est,
1105 2311 1195 2369 rarius
1222 2329 1289 2370 esse

293 2397 321 2455 in
342 2395 478 2456 oratione
494 2394 565 2455 illud
586 2412 699 2470 genus,
730 2393 808 2471 quod
831 2389 930 2453 εἰκόνα
952 2386 1055 2453 Graeci
1077 2402 1192 2469 vocant,
1216 2394 1289 2472 (quo

295 2480 467 2559 exprimitur
486 2496 582 2539 rerum
603 2486 651 2536 aut
671 2495 859 2555 personarum
876 2480 988 2554 imago,
1010 2486 1041 2536 nt
1059 2476 1190 2538 Cassius:
1215 2475 1291 2551 Quis

293 2564 383 2627 istem
391 2562 508 2644 sociem
523 2562 676 2640 lanipendio
688 2563 771 2622 serris
785 2562 966 2640 torquenti)
987 2578 1070 2638 quam
1087 2563 1131 2638 id,
1149 2579 1204 2640 quo
1222 2578 1289 2640 pro·

294 2646 419 2709 habilius
440 2646 488 2721 dt,
510 2645 587 2725 qnod
603 2645 788 2705 intendimus:
812 2654 859 2720 nt,
880 2647 905 2703 si
922 2647 1041 2705 animum
1057 2643 1135 2704 dicas
1154 2647 1289 2706 excolen-

295 2730 376 2809 dum,
399 2730 584 2791 similitudine
598 2729 687 2789 utaris
704 2738 818 2806 terrae,
842 2746 916 2806 quae
931 2728 1066 2805 neglecta
1081 2730 1178 2807 spinas
1194 2747 1228 2788 ac
1239 2730 1289 2789 du·

246 2832 248 2839 ·
295 2830 371 2893 mot,
394 2815 474 2875 culta
493 2814 603 2874 fructus
625 2821 719 2881 creat;
745 2822 792 2873 aut
809 2813 834 2871 si
849 2813 885 2872 ad
901 2830 996 2871 curam
1013 2813 1056 2871 rei
1073 2812 1206 2890 publicae
1223 2812 1289 2872 hor·

296 2900 380 2977 toris,
408 2898 564 2973 ostendas,
593 2914 664 2975 apes
692 2899 776 2956 etiam
800 2897 1011 2972 formicasque,
1032 2913 1090 2955 non
1109 2896 1193 2956 modo
1214 2905 1290 2956 muta

296 2982 347 3043 md
361 2976 451 3043 stiam
465 2999 555 3061 parva
570 2980 719 3056 animalia,
741 2983 770 3039 in
786 2997 935 3039 commune
952 2989 1048 3039 tamen
1060 2979 1203 3039 laborare.
1246 2979 1331 3041 Exit

297 3064 353 3127 ltoc
371 3066 486 3145 genere
509 3066 614 3126 dictum
635 3063 706 3123 illud
729 3072 773 3123 est
796 3062 962 3123 Ciceronis:
988 3061 1025 3125 Ut
1039 3082 1171 3144 corpora
1185 3070 1290 3125 nostro

297 3152 360 3213 siste
375 3158 477 3213 mente
490 3150 536 3211 ita
551 3150 660 3210 civitas
673 3149 739 3209 siue
753 3149 820 3226 lepe
833 3150 899 3208 suis
909 3150 1067 3226 partibus,
1088 3155 1122 3207 ut
1135 3148 1236 3208 neroir
1251 3165 1290 3207 cc

298 3234 447 3316 respuisse
464 3240 493 3295 et
510 3232 667 3306 membris,
688 3233 734 3293 uti
748 3252 808 3293 nort
821 3240 928 3309 potest.
972 3230 1030 3291 Sed
1044 3240 1075 3290 nt
1089 3231 1144 3290 hac
1158 3232 1289 3308 corporis

298 3316 408 3381 hnmani
428 3335 483 3398 pro
500 3315 633 3377 Cluentio
654 3317 693 3375 ita
712 3333 766 3394 pro
783 3312 920 3375 Cornelio
939 3332 1094 3393 equorum,
1117 3331 1169 3392 pro
1185 3314 1291 3374 Archia

300 3418 431 3463 saxorum
453 3419 570 3486 quoque
594 3417 663 3459 usus
683 3409 728 3459 est
751 3399 944 3460 similitudine.
988 3398 1048 3457 llla.
1063 3398 1109 3475 (ut
1130 3398 1204 3478 dixi)
1227 3407 1332 3476 pro-26

300 3486 394 3563 plora:
410 3495 445 3548 stt
460 3488 591 3564 remipes
605 3484 672 3545 sine
684 3484 890 3563 pudermctore
904 3483 951 3542 sic
965 3483 1072 3542 milites
1082 3483 1148 3543 sine
1157 3485 1291 3560 impero-

302 3574 361 3633 iore
372 3571 449 3633 rtiitii
460 3572 575 3631 eadere.
599 3567 701 3627 Solent
715 3576 810 3626 tamen
827 3567 930 3627 iallere
943 3566 1152 3626 similitudinum
1163 3567 1289 3644 species,

303 3651 423 3734 ideoque
441 3652 632 3715 adhibendum
653 3660 699 3710 est
713 3651 757 3710 lris
771 3651 913 3711 indicium.
957 3648 1060 3728 Neque
1079 3650 1151 3709 enim
1166 3658 1196 3707 ut
1210 3649 1290 3707 naris

304 3737 395 3799 utilior
408 3754 484 3799 nova
499 3754 584 3816 quam
598 3743 682 3799 vetus
696 3735 739 3795 sio
754 3736 892 3804 amicitia;
910 3733 975 3813 rel,
997 3743 1028 3795 ut
1043 3732 1199 3808 laudanda,
1217 3748 1291 3810 quae

342 3842 373 3881 ιι.
391 3844 416 3883 ι.
439 3842 552 3893 oumrrr.
1093 3815 1135 3878 l'a
