3184 4409
373 444 413 507 30
688 455 1047 516 u.ma.oumu11.1au1

330 624 364 676 55
453 611 517 671 lloo
537 610 676 690 amplius,
694 619 725 670 ut
742 613 898 671 institutum
916 609 1044 671 ordinem
1061 626 1184 689 sequar,
1205 610 1298 672 verba
1318 631 1354 673 au

372 696 469 755 latina
488 703 535 754 aut
553 697 707 773 peregrina
726 704 800 754 sunt.
839 694 1043 771 Peregrina
1065 711 1153 773 porro
1173 712 1211 753 ex
1232 696 1355 756 omnibu

371 796 465 858 prope
493 780 613 839 dixerim
633 776 767 855 gentibus
792 787 823 838 ut
846 780 974 838 instituta
997 780 1082 837 etiam
1102 778 1190 839 multa
1210 789 1355 840 venerunt

330 873 364 927 56
372 863 469 923 Taceo
488 863 524 922 de
539 862 640 922 Tuscis
662 872 691 922 et
706 862 820 923 Sabinis
840 871 870 922 ct
886 861 1079 922 Praenestinis
1094 879 1224 940 quoque;
1248 881 1315 923 nam
1336 883 1354 923 u

372 964 472 1007 eorum
492 963 624 1007 sermone
643 956 769 1006 utentem
785 945 917 1005 Vectium
931 945 1056 1005 Lucilius
1077 947 1249 1022 insectatur,
1267 965 1353 1025 quern

372 1032 520 1092 admodum
545 1030 637 1090 Pollio
668 1030 858 1109 deprehendit
880 1031 909 1088 in
931 1028 1011 1090 Livio
1037 1029 1267 1106 Patavinitatem,
1294 1031 1354 1092 lice

330 1126 363 1180 57
372 1117 464 1174 omnia
482 1114 581 1175 ltalioa
601 1132 654 1194 pro
669 1115 804 1175 Romanis
826 1113 955 1189 habeam.
990 1112 1113 1174 Plurima
1131 1112 1242 1175 Gallica
1264 1115 1354 1175 value

371 1208 436 1258 runt
459 1207 489 1258 ut
511 1200 589 1261 redo
611 1217 647 1260 ao
663 1200 860 1277 petorritam,
883 1215 1003 1275 quorum
1025 1198 1117 1257 altero
1140 1206 1234 1257 tamen
1258 1196 1355 1259 Cicer<

372 1283 463 1343 altero
482 1282 616 1343 Horatius
636 1286 734 1343 utitur.
773 1281 811 1341 Et
829 1300 973 1360 mappam
992 1283 1070 1340 circo
1093 1299 1208 1361 quoque
1229 1284 1355 1342 usitatun

283 1395 285 1399 >
371 1385 474 1427 nomeu
495 1366 584 1426 Poeni
607 1366 661 1426 sibi
679 1366 841 1441 uindicant,
865 1374 893 1425 et
916 1367 1050 1443 pardos,
1079 1383 1151 1443 quos
1173 1382 1227 1444 pro
1249 1366 1355 1427 stolidi

330 1452 477 1528 58aocipit
498 1451 620 1530 vulgus,
644 1469 681 1510 ex
701 1450 836 1528 Hispania
858 1449 977 1510 duxisse
998 1451 1138 1526 originem
1160 1450 1265 1510 audivi.
1305 1452 1355 1510 Ser

372 1536 445 1594 haeo
467 1534 568 1594 divisio
590 1553 654 1594 mea
677 1534 712 1594 ad
733 1534 910 1594 Graecum
932 1550 1093 1592 sermonem
1114 1535 1272 1612 praecipue
1294 1552 1355 1611 per·

372 1622 457 1691 tinet,
479 1636 542 1676 nam
558 1627 587 1676 ct
601 1620 720 1677 maxima
741 1636 777 1677 ex
793 1627 875 1696 parte
889 1617 1033 1676 Romanus
1049 1617 1115 1677 inde
1131 1635 1290 1677 conversus
1307 1613 1354 1678 eal

372 1711 401 1762 et
422 1701 564 1760 confessis
587 1720 703 1780 quoque
726 1701 845 1761 Graecis
866 1703 969 1761 utimur
990 1700 1172 1776 verbis,‚ubi
1194 1709 1293 1762 nostra
1314 1703 1355 1762 de

372 1793 453 1859 sunt,
484 1787 557 1844 sicut
578 1785 619 1844 illi
640 1803 842 1863 nonnunquam
866 1805 882 1844 a
906 1784 989 1844 nohis
1010 1793 1180 1844 mutuantur.
1221 1784 1292 1845 Inde
1314 1786 1355 1845 itu

373 1871 503 1948 quaestio
522 1872 666 1944 exoritur,
689 1887 723 1928 an
742 1870 843 1929 eadem
857 1871 968 1929 ratione
984 1888 1038 1947 per
1057 1887 1141 1928 casus
1159 1869 1224 1928 duci
1243 1879 1355 1930 externa

330 1956 427 2030 59qua
445 1963 544 2012 nostra
562 1956 722 2013 conveniat.
754 1953 800 2013 Ao
818 1955 842 2013 si
857 1955 988 2031 reperias
1003 1954 1214 2030 grammaticum
1230 1963 1355 2014 veteruu

372 2047 542 2097 amatorem:
571 2047 659 2114 neget
687 2039 841 2116 quidquam
864 2056 901 2097 ex
928 2036 1026 2097 Latina
1051 2038 1163 2096 ratione
1183 2037 1348 2097 mutandum

372 2124 452 2200 quia,
476 2140 540 2181 cum
560 2123 597 2182 sit
618 2122 692 2200 apud
710 2138 763 2182 nos
785 2140 869 2182 casus
891 2120 1048 2195 ablativus,
1071 2138 1155 2198 quem
1173 2121 1217 2181 illi
1236 2139 1295 2180 non
1315 2121 1355 2181 ha·

371 2207 454 2283 bent,
477 2224 576 2284 parum
602 2208 770 2282 conveniat,
796 2223 854 2266 uno
877 2223 946 2266 casu
972 2213 1072 2264 nostro
1095 2206 1220 2282 quinque
1244 2203 1355 2265 Graeci

329 2291 426 2358 douti3
449 2292 516 2367 quin
538 2293 622 2351 etiam
643 2290 740 2350 laudet
754 2292 888 2350 virtutem
907 2306 1023 2364 eorum,
1046 2290 1094 2366 qui
1109 2290 1304 2367 potentiorem
1323 2288 1355 2348 ia·

371 2392 439 2434 cere
459 2373 583 2450 linguam
600 2372 727 2433 Latinam
743 2374 911 2449 studebant,
930 2391 986 2432 neo
1003 2373 1104 2432 alienis
1122 2390 1211 2450 egere
1228 2373 1355 2432 institutit

371 2455 540 2516 fatebantur.
579 2455 648 2515 Inde
666 2455 822 2518 Castorem
836 2458 928 2517 media
950 2456 1062 2532 syllaba
1078 2457 1217 2535 producta
1238 2474 1355 2541 propun

371 2543 490 2612 darunt,
511 2538 647 2616 quiahoc
663 2540 792 2599 omuibus
807 2543 914 2604 nostris
929 2540 1088 2600 nominibus
1104 2539 1271 2616 accidebat,
1293 2557 1355 2619 quo·

371 2642 432 2682 rum
454 2625 544 2700 prima
561 2624 667 2700 positio
687 2627 716 2684 in
738 2623 855 2684 easdem
876 2642 947 2702 quas
970 2621 1081 2686 Castor
1102 2626 1212 2685 litteras
1234 2626 1311 2692 exit;
1336 2641 1352 2683 c

370 2715 401 2766 ut
417 2705 560 2768 Palaemo
582 2724 616 2766 ac
635 2706 756 2769 Telamo
771 2717 801 2768 et
814 2706 901 2770 Plato
920 2708 997 2785 (narn
1016 2710 1060 2768 sic
1083 2727 1147 2769 eum
1167 2706 1273 2767 Cicera
1293 2724 1355 2786 quo

372 2809 428 2868 quc
450 2790 593 2869 appellat)
615 2791 796 2867 dicerentur,
816 2794 1008 2866 retinuerunt,
1031 2795 1096 2870 quia
1118 2792 1262 2868 Latinum,
1286 2808 1355 2869 quor

330 2869 358 2922 6¹
371 2896 388 2935 o
403 2884 432 2934 et
449 2894 470 2935 a
487 2874 591 2933 litteris
612 2874 837 2951 liniretur,=non
859 2875 1054 2954 reperiebant.
1090 2875 1135 2936 Ne
1157 2878 1185 2935 in
1206 2894 1226 2936 a
1249 2877 1355 2953 quiden

371 2967 457 3036 atque
471 2978 487 3019 s
502 2959 612 3019 litteras
630 2961 710 3019 exire
726 2969 836 3019 temere
850 2958 1006 3019 masculina
1025 2959 1135 3020 Graeca
1152 2961 1265 3019 nomina
1280 2967 1355 3019 rect(

371 3059 440 3102 casu
460 3041 656 3120 patiebantur,
682 3044 808 3121 ideoque
831 3052 860 3104 et
882 3042 957 3122 apud
980 3042 1108 3103 Caelium
1130 3044 1253 3119 legimus
1276 3042 1355 3104 Pelia

372 3124 570 3188 Cincinnatos
591 3134 619 3186 et
641 3128 716 3205 apud
735 3126 889 3188 Messalam
908 3126 991 3187 Bene
1006 3129 1081 3207 feeit
1103 3125 1216 3188 Eatltia
1238 3136 1268 3186 et
1288 3144 1355 3205 apuu

327 3258 330 3261 .
371 3207 543 3271 Ciceronem
560 3209 768 3289 Hermagora,
795 3230 831 3270 ue
852 3213 1000 3286 miremur,
1027 3211 1104 3289 quod
1123 3211 1159 3270 ab
1183 3212 1355 3288 antiquoruu

328 3297 362 3352 62
371 3294 518 3373 plerisque
533 3293 637 3356 Aeaea
653 3304 682 3354 ct
695 3291 833 3357 dacbisa
848 3296 885 3354 sit
901 3294 1008 3361 dictus:
1025 3313 1088 3354 nam
1105 3297 1129 3354 si
1144 3303 1173 3353 ut
1185 3292 1354 3356 Maecenas

370 3375 519 3456 Sufenas,
541 3382 703 3458 Asprenas
718 3379 897 3452 dicerentur,
918 3380 1046 3454 genitivo
1068 3397 1136 3438 casu
1153 3395 1211 3437 non
1230 3397 1247 3439 e
1268 3378 1355 3438 littera

261 3529 263 3533 ¹
371 3461 423 3521 sed
440 3464 478 3523 lis
493 3461 603 3537 syllaba
618 3464 846 3522 terminarentur.
878 3461 948 3521 lude
965 3460 1090 3541 Olympo
1106 3472 1134 3522 et
1151 3470 1283 3542 tyraarro
1297 3480 1355 3523 acu

370 3554 427 3605 tam
448 3545 587 3620 syllabam
614 3546 734 3605 mediam
754 3545 912 3621 dederunt,
943 3547 1008 3623 quia
1032 3546 1140 3606 duabus
1169 3546 1265 3622 longis
1287 3548 1355 3605 inse

372 3629 523 3708 quentibus
550 3631 668 3706 primam
688 3628 808 3689 brevem
829 3631 891 3689 acui
913 3637 1013 3688 noster
1038 3646 1133 3690 sermo
1161 3648 1219 3689 non
1246 3631 1354 3711 patitur

329 3714 421 3775 tasio
442 3715 583 3793 genitivus
602 3709 684 3773 Ulisi
705 3722 734 3772 et
749 3709 860 3776 Aetati
881 3712 967 3789 iecit,
988 3716 1031 3774 sic
1045 3714 1101 3773 alia
1117 3714 1246 3792 plurima.
1280 3712 1355 3775 llum
