3184 4409
349 499 408 561 122
666 515 702 563 ιι.
715 515 793 562 uns.
807 513 1026 576 numeramur

346 687 403 750 quo
418 665 553 729 modoi'
544 687 572 728 m
583 668 671 728 rebus
688 671 898 768 coniecturam,
916 669 993 745 qnod
1010 690 1065 728 κατ
1062 658 1225 770 'ulqoqmv
1239 679 1337 746 vocat,

345 764 375 815 et
390 755 574 832 qualitatem
594 762 622 812 et
637 753 811 827 linitionem,
836 755 881 812 cui
896 769 999 810 nomeu
1015 753 1062 812 dat
1077 775 1132 812 κατ
1130 742 1287 830 ’iocosam
1309 763 1339 813 et

345 839 380 899 ad
400 837 516 915 aliquid.
553 836 635 897 Unde
658 846 687 896 et
707 838 757 896 illa
779 835 882 896 divisio
906 844 967 910 est,
992 836 1047 896 alia
1068 854 1136 896 esse
1156 838 1265 914 scripta
1281 838 1337 898 alia

303 924 354 982 38
346 923 492 999 inscripta
530 918 635 980 Celsus
653 918 805 980 Cornelius
828 920 900 979 duos
920 921 1033 997 etipse
1054 920 1125 980 fecit
1141 928 1232 979 status
1247 938 1336 996 gene·

344 1005 441 1079 rales,
468 1023 503 1063 an
528 1002 585 1064 sit?
614 1005 699 1082 quale
726 1000 782 1064 sit‘l
810 1003 901 1064 Priori
926 1001 1050 1062 subiecit
1071 1004 1243 1080 linitionem,
1272 1008 1338 1082 quia

344 1107 438 1167 aeque
459 1097 628 1165 quaeratur,
652 1106 687 1148 an
707 1081 746 1147 sit
766 1088 943 1164 sacrilegus,
967 1089 1014 1164 qui
1038 1088 1106 1147 nihil
1127 1105 1160 1146 se
1183 1088 1337 1148 sustulisse

344 1175 380 1234 de
397 1172 505 1251 templo
527 1171 611 1248 dicit,
636 1173 729 1250 etqui
749 1173 888 1249 privatam
907 1173 1057 1249 pecuniam
1075 1172 1228 1231 confitetur
1242 1182 1337 1232 sustu·

344 1256 424 1317 iisse.
463 1255 663 1328 Qualitatem
654 1273 759 1315 mrem
777 1263 806 1314 et
823 1256 960 1332 scriptum
975 1254 1085 1314 dividit.
1122 1255 1237 1333 Scripto
1255 1266 1336 1333 quat·

343 1350 409 1400 tuor
433 1349 532 1418 partes
555 1339 686 1416 legales,
715 1339 834 1399 exclusa
858 1339 1062 1407 translatione;
1096 1342 1282 1418 quantitatem
1307 1349 1337 1399 et

300 1438 335 1494 39
343 1425 444 1486 mentis
467 1425 664 1501 quaestionem
685 1424 870 1482 coniecturae
892 1422 1025 1482 subiecit.
1062 1422 1116 1482 Est
1131 1425 1215 1482 etiam
1230 1424 1288 1483 alia
1308 1426 1337 1483 in

343 1512 415 1570 duos
438 1505 581 1566 dividendi
604 1514 694 1566 status
715 1509 806 1581 ratic,
830 1524 903 1584 quae
926 1507 1029 1582 docet,
1052 1516 1100 1569 aut
1120 1507 1157 1567 de
1177 1507 1336 1567 substantia

344 1593 570 1654 controversiam
584 1609 661 1666 esse,
679 1599 726 1650 aut
739 1591 775 1650 de
792 1591 943 1668 qualitate;
960 1593 1052 1669 ipsam
1066 1608 1155 1669 porro
1172 1591 1337 1669 qualitatem

300 1688 390 1744 40aut
410 1680 438 1736 in
459 1691 568 1735 summo
588 1692 699 1751 genere
722 1676 883 1734 consistere
904 1683 952 1733 aut
971 1676 999 1734 in
1016 1674 1253 1734 succedentibus.
1289 1675 1337 1735 De

342 1760 500 1820 substantia
523 1766 569 1818 cst
589 1760 764 1818 coniectura.
804 1758 944 1832 Quaestio
970 1760 1044 1817 enim
1066 1767 1203 1825 tractatur
1222 1759 1280 1833 rei,
1299 1778 1336 1819 an

342 1844 418 1903 iacta
441 1841 497 1902 sit?
524 1860 561 1904 an
581 1839 650 1902 tart
677 1860 713 1902 an
737 1843 832 1903 lutura
858 1839 916 1901 sit?
942 1843 1082 1902 interdum
1109 1845 1194 1903 etiam
1213 1844 1335 1911 meutis;

342 1928 429 2005 idque
453 1928 572 2004 melius,
602 1943 685 2004 quam
707 1927 783 2004 quod
806 1929 841 1986 iis
864 1927 989 2005 placuit,
1013 1929 1062 2004 qui
1087 1936 1190 1986 statum
1212 1926 1336 1986 eundem

342 2011 410 2070 lacti
425 2014 658 2087 nominaverunt,
680 2020 813 2088 tanquam
832 2009 868 2070 tle
882 2012 1041 2088 praeterito
1057 2019 1164 2070 tantum
1184 2019 1213 2071 et
1227 2018 1336 2070 tautum

300 2107 332 2161 41
343 2095 379 2154 de
398 2095 476 2155 facto
498 2105 695 2173 quaereretur.
733 2095 803 2154 Pars
821 2090 983 2173 qualitatis,
1007 2111 1082 2172 quae
1103 2103 1149 2154 est
1167 2095 1204 2155 de
1224 2111 1335 2154 summo

341 2198 461 2257 genere,
479 2198 545 2239 raro
561 2182 590 2239 in
604 2180 737 2240 iudicium
748 2181 837 2254 venit,
855 2177 940 2256 quale
957 2187 1012 2254 est,
1029 2180 1102 2239 idne
1115 2181 1156 2239 cit
1168 2180 1334 2254 locutum,

342 2265 425 2341 quod
445 2265 534 2340 uolgo
554 2265 721 2332 laudatum·
748 2263 964 2323 succedentium
986 2267 1081 2321 autem
1102 2263 1176 2322 aliae
1197 2262 1235 2322 de
1256 2279 1334 2322 com·

341 2349 416 2406 muni
433 2347 644 2425 appellatione,
666 2357 697 2406 ut
718 2349 795 2408 sitne
816 2348 1001 2423 sacrilegat,
1023 2348 1076 2423 qui
1090 2347 1254 2424 pecuniam
1268 2348 1337 2424 pri·

340 2440 444 2492 cotom
465 2449 504 2491 cc
525 2433 634 2511 templo
652 2431 776 2509 furatos
797 2433 865 2491 est?
890 2439 938 2489 aut
958 2429 995 2489 de
1015 2449 1048 2489 re
1068 2430 1263 2504 denominata,
1285 2428 1334 2488 ubi

343 2513 491 2574 etlactum
506 2531 573 2573 esse
591 2522 699 2574 certum
715 2523 830 2574 estnec
849 2513 1007 2588 dubitatur,
1032 2514 1099 2592 quid
1119 2516 1172 2589 sit,
1195 2514 1272 2592 quod
1292 2514 1333 2572 ia·

343 2605 418 2657 ctum
434 2605 487 2655 est.
523 2595 575 2657 Cui
593 2596 741 2657 subiacent
758 2615 857 2657 omnes
874 2598 910 2657 de
924 2597 1070 2673 honestis,
1093 2599 1191 2672 iustis,
1214 2597 1332 2656 utilibus

299 2681 538 2758 42quaestiones.
576 2681 627 2742 llis
643 2684 728 2741 etiarn
744 2683 835 2741 ceteri
849 2691 941 2741 status
956 2683 1096 2741 contineri
1110 2681 1250 2755 dicuntur,
1267 2683 1333 2759 quia

342 2772 372 2824 et
387 2766 527 2841 quantitas
543 2765 629 2824 modo
647 2765 682 2824 ad
697 2768 892 2825 coniecturam
905 2765 1064 2842 referatur,
1086 2773 1116 2824 ut
1130 2763 1270 2826 Maiores
1287 2766 1335 2825 sol

341 2864 432 2926 qoam
447 2851 553 2909 terro?
571 2849 656 2909 modo
672 2849 706 2909 ad
722 2850 895 2927 qualitatem,
913 2847 1036 2922 Quanto
1047 2868 1147 2928 poeno
1161 2849 1334 2926 quempiam

341 2940 491 3010 quantove
507 2936 646 3010 proemio
664 2936 703 2994 sit
723 2934 809 3012 affici
828 2935 963 2995 iustum?
986 2943 1015 2993 et
1032 2933 1180 2993 translatio
1198 2940 1334 2991 versetur

300 3027 335 3083 43
343 3018 420 3076 circa
437 3015 619 3095 qualitatem,
643 3027 672 3077 et
693 3017 821 3078 delinitio
842 3035 909 3097 pars
932 3019 970 3076 sit
989 3018 1197 3085 translationis;
1219 3017 1285 3094 quin
1302 3024 1334 3074 ct

340 3102 504 3161 contrariae
520 3101 604 3178 leges
625 3111 654 3161 et
670 3104 883 3162 ratiocinativus
898 3110 1004 3177 status,
1024 3101 1053 3160 id
1074 3110 1118 3160 est
1132 3101 1332 3176 syllogismos,

343 3193 373 3244 et
387 3184 556 3284 plerqmque
571 3187 671 3265 scripti
685 3195 714 3245 et
728 3187 884 3247 voluntatis
904 3202 998 3285 aequo
1014 3187 1150 3254 nitantnr;
1169 3185 1239 3262 (nisi
1253 3183 1333 3261 quod

341 3267 389 3327 hic
404 3270 505 3328 tertius
520 3269 673 3347 aliquando
689 3260 884 3330 coniecturam
897 3271 1018 3348 accipit,
1036 3269 1103 3347 quid
1117 3269 1241 3327 senserit
1255 3267 1333 3344 legis

343 3353 534 3432 constitutor)
564 3354 777 3453 ambiguitatem
802 3370 874 3413 vero
901 3372 1017 3432 semper
1046 3354 1211 3412 coniectura
1238 3351 1332 3429 expli·

343 3435 403 3494 cari
417 3449 541 3495 necesse
557 3438 609 3512 sit,
630 3440 711 3516 quia,
730 3456 793 3497 cum
810 3440 847 3497 sit
860 3438 1057 3511 manifestum,
1078 3435 1233 3497 verborum
1246 3435 1332 3495 intel·

341 3518 448 3580 lectum
464 3537 530 3579 esse
546 3521 705 3599 duplicem,
726 3521 762 3581 de
779 3521 843 3580 sola
860 3525 1006 3599 quaeritur
1021 3521 1179 3581 voluntate.

298 3607 336 3665 44
399 3601 595 3703 Aplurimis
614 3613 688 3665 tres
710 3613 774 3664 sunt
789 3605 858 3664 iacti
873 3605 1027 3681 generales
1050 3613 1158 3703 statqs,
1182 3603 1285 3683 quihus
1302 3610 1333 3663 ct

313 3668 471 3746 Cicero'
463 3705 491 3745 m
507 3686 629 3748 Oratore
647 3690 749 3764 utitur,
771 3697 801 3748 et
822 3691 930 3765 omnia,
953 3707 1026 3767 quae
1046 3690 1141 3748 autin
1161 3698 1331 3749 controver-

318 3771 408 3831 siam
427 3780 480 3832 aut
496 3772 526 3832 in
544 3773 759 3835 contentionem
775 3774 906 3853 veniant,
930 3775 1071 3834 contineri
1085 3782 1196 3854 putat,
1193 3768 1331 3834 Sitne?
