3184 4409
543 508 1002 575 uusu.oouuon.c1n.X‚5.o.
1194 495 1247 557 181
1334 548 1339 568 ,

256 677 325 745 pter
340 664 417 743 quod
438 663 556 739 accidit,
571 673 602 724 ut
615 682 670 724 nec
684 680 737 724 suo
752 663 820 722 loco
836 663 961 741 quidque
979 675 1114 741 ponatur,
1135 684 1189 724 nec
1204 665 1254 724 illa

256 768 331 828 quae
360 750 449 826 prima
474 756 539 806 sunt
561 757 678 807 servent
705 764 784 806 suam
811 747 921 824 legem,
943 748 1091 807 iuvenibus
1117 749 1255 809 flosculos

256 836 380 893 omniurn
395 832 516 909 partium
537 832 565 889 in
590 850 624 891 ea
640 849 714 911 quae
729 839 794 890 sunt
816 830 917 890 dicturi
933 832 1172 907 congerentibus;
1197 849 1254 909 quo

257 919 300 992 tit,
318 927 346 975 ut
361 918 505 991 timentes,
521 933 557 974 ne
577 917 727 993 sequentia
739 912 877 994 perdant,
893 915 990 993 priora
1008 915 1191 975 confundant.

536 1036 537 1041 ’
615 1067 659 1117 on
679 1064 903 1118 coctsurtouu.

343 1161 393 1221 vl.
423 1161 555 1223 Proxima
578 1164 644 1224 stilo
668 1165 849 1240 cogitatio
872 1171 933 1238 est,
956 1181 1030 1240 quae
1057 1165 1162 1240 etipsa
1177 1163 1255 1219 vires

257 1246 295 1307 ab
308 1246 364 1306 hoc
376 1247 491 1323 accipit,
513 1256 615 1326 estque
627 1249 701 1308 inter
712 1246 856 1306 scribendi
871 1246 1001 1306 laborem
1016 1244 1256 1324 extemporalem·

258 1349 317 1408 que
332 1329 473 1389 fortunato
488 1330 581 1391 media
604 1331 744 1410 quaedam
765 1340 795 1390 et
821 1332 920 1390 nescio
942 1349 978 1389 an
1001 1349 1069 1389 usus
1084 1330 1256 1407 frequentis·

257 1416 332 1473 simi.
362 1412 432 1472 Nato
453 1414 582 1474 scribere
597 1434 652 1475 nec
669 1415 775 1492 ubique
790 1433 846 1474 nec
861 1432 977 1492 semper
993 1431 1160 1493 possumus;
1178 1413 1257 1488 cogi·

256 1499 360 1557 tationi
375 1499 511 1574 temporis
529 1517 564 1558 ac
578 1499 637 1559 ioci
652 1499 801 1577 plurimum
819 1507 872 1557 est.
902 1497 981 1557 Haec
994 1500 1093 1575 paucis
1109 1495 1257 1556 admodum

257 1582 339 1641 horis
361 1598 478 1656 magnas
504 1583 587 1643 etiam
610 1586 712 1642 causas
729 1582 943 1660 commentitum
957 1581 1046 1655 haec,
1065 1583 1197 1658 quotiens
1216 1581 1257 1636 in·

258 1665 409 1724 termissus
428 1673 473 1722 est
487 1682 619 1742 somnus,
641 1668 712 1745 ipsis
734 1668 828 1727 noctis
849 1665 976 1724 tenebris
997 1665 1159 1731 adiuratum
1184 1663 1257 1722 haec

261 1750 337 1807 inter
350 1747 460 1806 medios
476 1766 572 1809 rerum
587 1758 667 1809 actus
684 1749 791 1828 aliquid
807 1751 914 1808 invenit
930 1750 1012 1808 vacui
1034 1766 1089 1806 nec
1106 1749 1192 1807 otium
1207 1764 1256 1824 pa·

259 1835 337 1891 titur.
384 1830 487 1908 Neque
508 1851 578 1892 vero
597 1850 693 1892 rerum
715 1833 843 1892 ordinem
859 1832 964 1907 modo,
987 1832 1064 1909 quod
1080 1834 1173 1910 ipsum
1188 1831 1286 1892 satist

262 1924 342 1989 erat,
364 1916 436 1974 intra
452 1933 484 1974 se
500 1917 562 1993 ipsa
580 1917 719 1994 disponit,
738 1916 791 1975 sed
812 1915 902 1975 verba
920 1918 1004 1975 etiarn
1022 1915 1140 1993 copulat
1157 1923 1257 1973 totam-

259 2018 318 2078 que
334 2002 373 2059 ita
389 2001 515 2058 contexit
531 2002 707 2076 orationem,
728 2009 758 2060 ut
781 2001 809 2058 ei
825 1999 895 2059 nihil
911 2007 1029 2077 praeter
1044 2016 1156 2056 manum
1172 1998 1256 2057 desit.

257 2083 332 2142 Nam
353 2085 508 2141 memoriae
528 2100 643 2163 quoque
668 2084 839 2162 plerumque
866 2082 1015 2142 inhaerent
1034 2081 1163 2156 iidelius,
1184 2098 1258 2159 quac

258 2167 340 2226 nulla
358 2166 502 2225 scribendi
518 2169 672 2226 securitate
693 2167 833 2227 laxantur.

347 2251 405 2310 Sed
425 2269 461 2308 ne
486 2250 521 2309 ad
542 2250 615 2311 hauc
636 2251 751 2328 quidem
770 2252 827 2310 vim
841 2248 985 2326 cogitandi
1001 2249 1145 2326 perveniri
1162 2255 1259 2325 potest

261 2342 310 2393 aut
325 2334 418 2394 subito
436 2343 484 2403 aut
500 2335 566 2392 cito.
601 2333 673 2393 Nam
692 2336 812 2413 primum
829 2333 960 2394 iacienda
976 2332 1065 2391 multo
1081 2331 1148 2390 stilo
1166 2331 1283 2393 formati

262 2426 324 2493 est,
348 2435 420 2496 quae
438 2434 490 2475 nos
512 2419 596 2477 etiarn
621 2420 782 2495 cogitantes
812 2426 964 2495 sequutum
988 2424 1046 2474 tum
1073 2415 1258 2474 assumendus

262 2519 331 2559 usus
348 2501 498 2579 paulatim,
516 2510 547 2559 ut
564 2519 656 2578 pauca
672 2504 790 2580 primum
808 2500 1034 2578 complectamur
1049 2500 1159 2572 animo,
1185 2515 1257 2576 quae

260 2584 343 2644 reddi
361 2585 484 2643 fideliter
498 2587 627 2662 possint;
650 2602 717 2649 mox
741 2603 794 2663 per
817 2587 991 2643 incrementa
1006 2591 1062 2642 tam
1077 2582 1206 2656 modica,
1228 2591 1258 2641 ut

262 2669 377 2728 onerari
393 2687 425 2727 se
442 2667 524 2727 labor
538 2669 589 2728 ille
600 2678 658 2729 non
672 2670 788 2744 sentiat,
805 2667 934 2745 augenda
945 2668 988 2727 vis
1005 2675 1034 2726 et
1050 2668 1258 2725 exercitatione

261 2752 350 2811 multa
372 2750 541 2825 continenda
558 2761 612 2828 est,
630 2770 703 2830 quae
716 2753 833 2830 quidem
843 2753 963 2811 maxima
975 2759 1104 2827 exparte
1121 2751 1258 2809 memorie

263 2844 384 2894 constat.
416 2835 545 2913 Ideoque
562 2837 656 2914 aliqua
670 2835 737 2896 rnihi
752 2837 781 2895 in
801 2835 881 2895 illurn
896 2835 991 2894 locum
1008 2833 1165 2906 differenda
1183 2841 1257 2892 sunt.

262 2918 306 2977 Eo
321 2928 414 2978 tamen
428 2921 579 2997 pervenit,
595 2930 626 2979 ut
642 2921 686 2996 is,
701 2920 747 2980 cui
765 2937 823 2979 non
837 2918 1003 2995 refragetur
1018 2918 1180 2994 ingenium,
1198 2917 1286 2976 acris

263 3001 357 3059 studio
373 3004 483 3062 adiutus
509 3012 615 3063 tanturn
631 3013 843 3083 consequatur,
866 3011 897 3061 ut
918 3003 945 3061 ei
965 3010 1021 3061 tam
1037 3017 1111 3078 quae
1127 3001 1260 3077 cogitarit

264 3101 347 3162 quam
369 3104 441 3163 quae
463 3088 613 3164 scripserit
635 3096 721 3165 atque
741 3087 892 3147 edidicerit
910 3087 940 3144 iu
962 3084 1084 3144 dicendo
1099 3083 1183 3142 fidem
1199 3095 1259 3141 ser·

263 3176 341 3225 vent.
374 3167 478 3229 Cicero
495 3179 576 3230 certe
593 3168 767 3230 Graecorum
778 3169 973 3230 Metrodorum
986 3169 1138 3244 Scepsium
1156 3166 1259 3226 etEm·

264 3249 361 3329 pylum
376 3251 518 3313 Rhodium
532 3261 753 3331 nostrorumque
767 3252 950 3312 Hortensium
971 3250 1100 3327 tradidit,
1121 3268 1195 3328 quae
1210 3267 1258 3329 oo·

265 3336 437 3411 gitaverant,
457 3337 492 3396 ad
508 3336 626 3395 verbum
643 3336 671 3395 in
687 3335 799 3413 agendo
815 3335 960 3396 retulisse.

350 3419 408 3478 Sed
424 3420 448 3477 si
462 3420 539 3478 forte
554 3419 656 3498 aliquis
668 3422 743 3479 inter
758 3419 907 3480 dicendum
920 3416 1067 3478 effulserit
1080 3426 1287 3496 extempora·5

267 3503 302 3562 lis
320 3501 413 3576 color,
431 3519 488 3561 non
504 3504 705 3581 superstitiose
718 3504 852 3580 cogitatis
866 3503 978 3563 demum
992 3511 1038 3562 est
1048 3502 1258 3562 inhaerendum.

266 3584 370 3663 Neque
386 3587 461 3644 eninr
478 3595 584 3646 tantum
599 3586 705 3647 habent
719 3604 817 3662 curae,
833 3596 936 3646 utnon
952 3587 989 3645 sit
1004 3586 1111 3647 dandus
1126 3594 1155 3645 et
1170 3585 1259 3645 fortu-

265 3687 321 3728 nae
341 3670 435 3745 locus,
455 3688 517 3740 cum
532 3687 621 3748 saepe
641 3673 725 3731 etiam
741 3671 856 3749 scriptis
872 3687 907 3730 ιι
921 3686 995 3748 quae
1010 3669 1104 3729 subito
1116 3678 1181 3729 nata
1196 3678 1260 3727 sunt

266 3755 437 3814 inserantur.
474 3753 604 3832 Ideoque
626 3762 717 3816 totum
737 3753 795 3814 hoc
818 3755 1033 3814 exercitationis
1053 3771 1145 3830 genus
1160 3755 1199 3812 ite
1218 3754 1257 3809 in·
