3184 4409
365 462 427 527 tto
674 479 1033 540 meramnum

362 651 424 693 rum
434 633 490 693 dici
502 632 626 693 celerius
640 640 749 711 potest,
765 633 817 693 sed
832 633 937 693 suflicit
952 630 1050 695 dicere
1064 639 1183 712 epona
1193 634 1349 712 coequat.

362 717 400 776 Et
423 718 553 794 quotiens
574 718 668 775 exitus
691 717 733 774 rei
754 717 824 776 satis
847 717 972 776 ostendit
993 718 1104 795 priora,
1132 716 1269 776 debemus
1292 717 1351 778 boc

320 802 430 860 laesae
446 802 588 875 contenti,
604 816 661 877 quo
677 799 788 878 reliqua
803 800 1009 877 intelliguntur.
1040 798 1153 875 Quare,
1170 818 1233 860 cunr
1250 800 1350 861 dicere

363 886 463 959 liceat,
484 881 539 945 Est
552 885 623 944 mitt
636 882 719 960 filias
732 885 868 960 lavania,
892 884 985 943 omnia
1004 884 1054 943 illa
1071 901 1265 962 supervacua:
1287 883 1350 946 Oa-

360 970 453 1048 pidaa
474 987 528 1046 epo
548 969 711 1029 liberorum
730 985 856 1028 acorem
876 967 968 1044 daci,
989 975 1095 1028 catam
1114 967 1209 1045 filium
1229 971 1349 1046 metali,

361 1051 509 1124 educavi,
536 1052 569 1112 ia
587 1052 822 1112 adolescentiam
839 1052 984 1130 perduci.
1023 1050 1153 1128 ldaoque
1174 1049 1349 1111 Graecorum

361 1135 448 1212 aliqui
463 1135 538 1195 aliud
551 1135 745 1194 circumcisam
762 1135 972 1213 expositionem
986 1134 1014 1193 id
1030 1143 1075 1193 est
1089 1128 1247 1211 σύντομον,
1270 1135 1348 1195 aliud

361 1218 478 1278 brevem
505 1225 688 1296 putaverunt;
719 1217 795 1295 quod
819 1217 870 1277 illa
896 1219 1083 1295 supervacuis
1110 1226 1243 1292 careret,
1274 1217 1349 1278 baec

320 1304 463 1380 43·posset
478 1301 584 1379 aliquid
605 1318 642 1359 en
656 1302 831 1361 necessariis
847 1301 1024 1360 desiderare.
1057 1299 1118 1359 Nos
1138 1310 1232 1360 autem
1251 1301 1348 1361 brevi·

360 1394 448 1446 tatem
467 1386 495 1443 in
516 1384 573 1443 hoc
593 1385 740 1462 ponimus,
766 1401 824 1443 non
849 1393 879 1443 ut
900 1386 991 1442 minus
1012 1385 1064 1444 sed
1090 1401 1127 1443 ne
1150 1385 1215 1462 plus
1236 1385 1349 1445 dicatur

361 1486 444 1546 quam
466 1476 609 1545 oporteat.
646 1467 718 1526 Nam
737 1470 907 1527 iterationes
929 1468 1042 1546 quidem
1064 1477 1093 1526 et
1111 1468 1297 1546 ταυτολογίας
1319 1478 1348 1527 et

359 1551 591 1630 περισσολογίας,
614 1568 684 1628 quas
698 1551 727 1609 in
741 1552 904 1612 narratione
917 1551 1053 1610 vitandas·
1061 1551 1174 1627 quidam
1186 1553 1348 1628 scriptores

361 1634 470 1694 Artium
484 1633 670 1709 tradiderunt,
687 1643 819 1703 transeo;
835 1643 900 1693 sunt
915 1635 988 1693 enim
1002 1634 1076 1694 haec
1087 1637 1154 1695 vitia
1168 1651 1225 1693 non
1239 1643 1348 1694 tantum

319 1727 353 1781 tt
361 1717 508 1778 brevitatis
524 1719 616 1794 gratia
632 1717 812 1794 refugienda.
845 1717 911 1776 Non
924 1719 1014 1776 minus
1030 1726 1124 1778 autem
1138 1719 1265 1778 cavenda
1281 1721 1346 1794 erit,

360 1818 434 1880 quac
448 1802 560 1859 nimium
578 1801 766 1879 corripientes
782 1803 874 1860 omnia
891 1803 1029 1878 sequitur,
1048 1801 1224 1875 obscuritas,
1241 1804 1347 1861 satius·

361 1902 417 1963 que
437 1892 482 1942 est
499 1884 605 1961 aliquid
620 1886 773 1944 narrationi
794 1902 950 1963 superesse
968 1901 1051 1961 quam
1066 1885 1180 1944 deesse.
1208 1883 1283 1944 Nam
1299 1905 1345 1944 su·

358 1967 504 2045 pervacua
519 1986 582 2026 cunr
596 1967 692 2026 taedio
710 1969 856 2044 dicuntur,
873 1969 1038 2027 necessaria
1054 1987 1117 2028 cum
1131 1969 1263 2047 periculo
1279 1968 1346 2028 sub-

319 2050 515 2116 45trabuntur.
553 2049 649 2130 Quare
669 2052 783 2112 vitanda
804 2060 850 2111 est
868 2053 952 2112 etiam
975 2051 1025 2111 illa
1047 2051 1237 2127 Sallustiana,
1258 2070 1345 2130 qnan-

361 2153 443 2213 quam
464 2136 492 2193 in
513 2137 577 2212 ipso
600 2137 712 2194 virtutis
733 2136 828 2195 locum
848 2136 972 2211 obtinet,
995 2134 1124 2195 brevitas
1145 2144 1176 2195 et
1196 2135 1346 2214 abruptum

359 2219 498 2278 sermonis
510 2237 612 2295 genus,
627 2219 702 2296 qnod
712 2213 839 2279 'otiosum
853 2219 978 2278 fortasse
992 2218 1132 2279 lectorem
1147 2219 1237 2278 minus
1253 2219 1344 2294 fallat,

360 2303 519 2362 audientem
534 2302 701 2381 transvolat,
716 2320 771 2362 nec
783 2303 848 2362 dum
859 2310 1007 2380 repetatur
1018 2311 1167 2380 expectat:
1184 2320 1348 2380 cumprae-¹

359 2386 458 2444 sertim
477 2386 570 2444 lector
590 2402 647 2444 non
668 2386 787 2445 leresit
808 2386 862 2444 nisi
885 2385 1030 2460 eruditus,
1050 2386 1171 2445 iudicem
1194 2404 1261 2444 rura
1282 2386 1343 2464 ple-

359 2486 477 2544 rumque
498 2470 526 2526 in
542 2468 672 2526 decurias
691 2470 801 2528 mittant
816 2469 853 2528 de
868 2487 905 2529 eo
925 2470 1187 2548 pronuntiaturum,
1212 2469 1290 2546 quod
1303 2471 1343 2529 in·

359 2550 520 2616 tellexerit;
540 2559 570 2608 nt
585 2551 709 2611 fortasse
729 2551 913 2630 ubicunque,
933 2554 961 2611 in
974 2553 1137 2612 narratione
1153 2561 1247 2613 tamen
1261 2570 1344 2631 prae·

361 2635 460 2712 cipue,
475 2633 568 2692 media
584 2633 656 2693 haec
671 2635 792 2695 tenenda
808 2637 845 2694 sit
858 2638 904 2696 via
920 2635 1048 2711 dicendi,
1065 2645 1236 2712 quantum
1255 2653 1344 2713 opus

319 2721 432 2792 adest,
454 2726 623 2794 qnantum
640 2727 695 2778 sat
715 2727 781 2777 est.
813 2717 954 2791 Quantum
969 2735 1042 2797 opus
1064 2728 1217 2779 astantem
1234 2737 1291 2778 non
1306 2721 1344 2778 ita

360 2801 453 2877 accipi
473 2799 564 2859 solum
579 2800 664 2875 volo,
684 2810 816 2879 quantum
837 2801 1067 2863 adiudicandum
1087 2803 1207 2877 suflicit,
1227 2805 1293 2880 quia
1317 2811 1345 2861 et

359 2901 416 2943 non
437 2884 564 2942 inornata
584 2883 671 2944 debet
692 2903 758 2944 esse
778 2884 922 2961 brevitas,
943 2885 1051 2962 alioqui
1071 2887 1109 2945 sit
1127 2886 1256 2951 indocta;
1281 2904 1345 2945 nam

361 2975 391 3026 et
405 2967 479 3025 lallit
494 2967 628 3045 voluptas
645 2977 673 3026 et
689 2970 780 3029 minus
795 2968 883 3045 longa
898 2987 972 3048 quae
990 2968 1134 3029 delectant
1149 2968 1297 3042 videntur,
1315 2977 1345 3027 ut

360 3068 508 3110 amoenum
523 3069 558 3110 aa
575 3050 662 3112 molle
679 3054 750 3127 iter,
771 3054 881 3112 etiamsi
902 3061 947 3112 est
963 3053 1047 3130 spatii
1069 3051 1233 3130 amplioris,
1252 3053 1345 3111 minus

319 3135 458 3211 aluvigus
474 3152 556 3211 quam
572 3134 669 3195 durum
684 3136 849 3214 aridumque
865 3136 1071 3213 compendium.
1097 3135 1199 3213 Neque
1212 3134 1280 3194 mibi
1295 3154 1344 3194 un·

361 3235 444 3295 quarn
460 3227 537 3278 tanta
552 3218 637 3278 luerit
653 3236 719 3279 cura
735 3219 894 3294 brevitatis,
910 3228 1012 3278 utnon
1027 3236 1072 3293 ea,
1089 3237 1162 3296 quae
1178 3218 1346 3278 credibilem

360 3301 466 3360 iaciunt
481 3304 700 3379 expositionem,
718 3304 807 3362 inseri
820 3303 916 3362 velim.
944 3302 1073 3380 Simplex
1088 3305 1162 3362 enim
1177 3311 1206 3362 et
1220 3303 1345 3380 undique

360 3385 491 3462 praecisa
518 3402 575 3443 non
601 3394 657 3445 tam
678 3389 802 3445 narratio
831 3387 930 3444 vocari
952 3383 1051 3464 potest
1080 3404 1162 3464 quam
1186 3387 1343 3446 consessio.

361 3467 431 3527 Sunt
453 3484 541 3544 porro
564 3468 668 3528 multae
689 3469 858 3531 condicione
879 3470 943 3546 ipsa
962 3472 1007 3528 rei
1029 3469 1134 3547 longae
1154 3471 1343 3542 narrationes,

361 3549 462 3627 quibus
479 3559 605 3612 extrema
623 3551 669 3628 (ut
682 3553 836 3630 praecepi)
855 3554 995 3629 prooemii
1008 3553 1145 3630 vparte'ad
1160 3555 1343 3613 intentionem

359 3631 572 3712 praeparandus
588 3643 633 3693 est
647 3636 746 3702 iudex:
769 3635 872 3695 deinde
889 3636 1058 3710 curandum,
1077 3645 1108 3694 ut
1122 3639 1200 3696 omni
1217 3646 1279 3696 arte
1294 3633 1342 3692 vel

314 3726 395 3780 seen
414 3719 508 3798 spatio
530 3719 591 3778 eius
611 3717 790 3780 detrahamus
812 3718 917 3798 aliquid
931 3719 981 3779 vel
1001 3736 1038 3780 ax
1053 3719 1159 3783 taedio.
1198 3719 1236 3780 Ut
1252 3721 1342 3781 ninus
