3184 4409
338 475 383 552 26,
659 491 696 538 u.
707 490 785 538 uno.
802 490 1020 550 autumnum

339 646 401 706 ciri
429 645 550 721 debent,
583 646 616 707 in
648 647 756 723 quidus
786 647 888 706 cannia
912 654 982 706 auat
1007 645 1179 707 tarnadae
1204 653 1327 726 prodar

339 731 482 790 monum?
1263 727 1267 733 '

297 819 331 875 ³5
423 812 475 872 Est
490 814 601 873 interim
622 824 701 872 certa
718 813 823 886 linitio,
845 812 881 872 de
896 830 951 891 qua
966 814 1040 872 inter
1056 821 1324 893 utramquepartem

341 898 487 955 convenit:
513 906 543 956 ut
564 895 667 957 Cicero
693 896 778 972 dicit,
794 894 953 971 ,Maiestas
972 904 1017 957 est
1036 899 1079 957 in·
1091 899 1220 976 imperio
1242 906 1325 975 ctqoc

297 983 370 1041 doio
384 982 464 1041 omni
475 982 580 1058 populi
590 980 719 1041 Romani
733 981 886 1058 dignitate.
913 979 1066 1053 Quaeritur
1080 989 1190 1056 tamen,
1206 999 1250 1042 aa
1265 998 1321 1041 mu

338 1067 432 1125 destos
453 1067 569 1125 minuto
587 1067 641 1140 eit,
665 1072 695 1123 ut
711 1064 740 1122 in
761 1081 846 1122 causa
863 1062 991 1123 Cornelii
1005 1066 1165 1142 quaesitum
1185 1073 1241 1124 est.
1273 1063 1323 1124 Sed

338 1149 385 1207 hic
401 1149 510 1206 etiamsi
526 1148 623 1206 similis
640 1147 731 1207 videri
747 1155 844 1225 potest
862 1148 982 1206 linitiva:
1006 1157 1116 1223 tamen,
1135 1149 1202 1226 quia
1221 1150 1257 1209 de
1272 1148 1322 1207 fini

338 1234 415 1290 tione
436 1240 497 1290 non'
517 1231 684 1307 ambigitur,
705 1231 839 1290 iudicatio
862 1240 906 1289 est
932 1231 1076 1308 qualitatis
1100 1241 1187 1310 atque
1209 1233 1245 1292 ad
1269 1249 1322 1290 eun

338 1316 432 1393 potins
457 1325 561 1374 statum
586 1315 765 1389 reducenda,
794 1315 830 1374 ad
854 1317 934 1374 cuius
960 1315 1037 1375 iorte
1066 1317 1180 1395 quidem
1203 1317 1321 1375 venimus
1358 1332 1359 1363 ι

337 1401 527 1473 mentionem,
543 1399 595 1458 sed
611 1406 673 1457 erat
687 1398 787 1456 ordine
804 1399 951 1476 proximus
967 1398 1059 1458 locut.

594 1567 596 1572 ·
673 1551 716 1600 DE
748 1550 941 1610 QUALITATE.

423 1653 471 1712 lV.
507 1653 560 1712 list
573 1662 667 1712 autem
688 1654 853 1731 qualitas
874 1652 929 1712 alia
944 1653 980 1712 de
996 1669 1103 1713 summo
1118 1671 1229 1730 genere
1246 1665 1323 1735 atque

339 1754 373 1795 ea
392 1738 505 1814 quidem
524 1754 581 1796 non
602 1737 734 1814 simplex.
764 1736 835 1796 Nam
857 1747 885 1796 et
900 1736 992 1814 qualis
1015 1738 1052 1795 sit
1067 1739 1206 1816 cuiusque
1223 1741 1266 1799 rei
1282 1757 1323 1798 na·

338 1828 400 1878 tura
421 1829 450 1878 et
472 1838 545 1897 quae
561 1820 666 1895 forma,
691 1823 850 1898 quaeritur:
870 1818 919 1880 An
938 1821 1116 1882 immortalis
1135 1824 1260 1883 aalma?
1283 1819 1324 1882 Aa

338 1905 471 1965 humana
485 1907 587 1982 specie
603 1906 702 1965 deus?
725 1914 753 1963 et
771 1905 807 1964 de
822 1905 1012 1981 magnitudine
1028 1923 1063 1963 ac
1077 1923 1211 1982 numero,
1230 1905 1323 1980 Quare

305 2064 312 2073 ἱ
338 1997 386 2048 tos
407 1988 474 2049 sol?
495 1998 523 2046 et
543 1985 591 2048 Aa
608 2007 687 2048 unce
707 1990 859 2049 rutundus?
880 1987 961 2061 Quae
982 1990 1074 2047 omnia
1090 1990 1255 2050 coniectura
1271 1991 1322 2068 qui·

339 2071 401 2130 dem
419 2071 608 2148 colliguntur,
636 2074 833 2149 quaestionem
850 2081 944 2130 tamen
963 2070 1068 2131 habent
1084 2074 1112 2131 in
1129 2090 1185 2149 eo,
1212 2074 1323 2152 qualia

310 2153 435 2221 asint?
461 2155 540 2214 Haec
569 2165 597 2214 et
626 2157 653 2213 in
679 2158 817 2215 suasoriis
839 2157 956 2214 tractari
977 2156 1087 2231 solent,
1108 2165 1154 2231 nt,
1172 2158 1202 2216 si
1224 2155 1324 2218 Caesar

338 2239 495 2313 deliberet,
512 2258 546 2298 an
560 2240 729 2299 Britanniam
743 2242 905 2318 impugnet:
927 2255 1006 2316 quac
1026 2242 1065 2300 sit
1079 2237 1194 2301 Oceani
1205 2250 1322 2315 notura,

338 2342 379 2384 cc
401 2322 564 2384 Britannia
590 2325 709 2398 insola,
738 2323 823 2400 (nam
850 2332 907 2382 tum
934 2323 1133 2402 ignorabatur)
1155 2334 1272 2402 quanto
1293 2341 1324 2385 ec

339 2414 440 2480 terro,
458 2424 515 2484 quc
525 2426 649 2468 nrtmero
660 2409 784 2468 militum
794 2408 1021 2485 aggredienda,
1037 2409 1065 2466 in
1077 2409 1226 2469 consilium
1238 2409 1324 2468 leren-

339 2491 403 2548 dum
419 2492 464 2548 sit.
497 2489 597 2549 Eidem
609 2491 736 2567 qualitati
750 2491 908 2550 succedunt
924 2490 1053 2551 iacienda
1069 2510 1102 2550 ac
1115 2492 1324 2556 nonfacienda:

339 2574 516 2649 appetenda,
529 2575 657 2641 vitanda;
677 2593 749 2652 quae
765 2575 793 2632 in
808 2577 953 2632 suasorias
965 2575 1078 2651 quidem
1093 2577 1214 2634 maxime
1230 2579 1326 2637 cadunt

338 2648 390 2714 sed
412 2658 440 2714 in
457 2658 662 2716 controversiis
685 2676 800 2736 quoquc
820 2667 885 2716 sunt
905 2657 1082 2735 frequentia,
1105 2659 1158 2719 hac
1173 2660 1237 2720 sola
1252 2659 1327 2720 diue·

310 2741 446 2815 drentia,
469 2741 545 2818 quod
567 2741 627 2800 illic
650 2741 686 2800 de
710 2742 811 2800 futuris
834 2741 882 2800 hic
904 2742 940 2801 de
962 2741 1045 2801 lactis
1061 2744 1163 2818 agitur.
1196 2742 1267 2803 ltem
1282 2744 1327 2803 de·

338 2826 540 2883 monstrativae
567 2827 655 2902 partis
681 2827 772 2885 omnia
798 2827 914 2883 suntin
940 2826 996 2885 hoc
1020 2835 1110 2885 statu:
1136 2827 1243 2887 lactum
1266 2844 1328 2886 esse

340 2917 466 2982 constat,
495 2906 578 2985 quale
606 2910 642 2966 sit
666 2909 771 2968 factum
793 2911 948 2986 quaeritur.
979 2910 1026 2967 Lis
1048 2918 1093 2968 est
1115 2912 1204 2970 omnis
1226 2920 1274 2971 aut
1296 2910 1329 2969 de

338 2994 466 3070 praemio
483 3000 529 3050 aut
545 2991 580 3050 de
597 3009 690 3069 poena
705 3001 753 3051 aut
768 2994 804 3053 de
820 2993 986 3071 quantitate.
1014 2991 1105 3069 Igitur
1118 3013 1211 3070 genus
1228 3011 1330 3054 causae

338 3086 385 3136 aut
401 3076 524 3154 simplex
538 3084 586 3134 aut
598 3079 827 3154 comparativum.
859 3076 938 3151 lllic,
953 3077 1019 3154 quid
1033 3095 1170 3154 aequum,
1186 3078 1250 3154 hic,
1267 3077 1330 3156 quid

338 3161 457 3239 aequius
473 3169 520 3219 aut
540 3160 606 3238 quid
623 3161 825 3237 aequissimum
840 3161 895 3235 sit,
911 3161 1063 3219 excutitur.

422 3241 490 3302 Cum
505 3244 541 3303 de
564 3261 679 3321 poena
696 3245 829 3303 iudicium
844 3252 904 3302 est:
927 3253 1040 3322 aparte
1056 3245 1137 3320 eius,
1155 3246 1203 3323 qui
1219 3263 1331 3305 causam

338 3325 422 3400 dicit,
445 3335 493 3385 aut
508 3327 638 3386 defensio
655 3336 700 3386 est
716 3328 839 3386 criminis
858 3336 905 3386 aut
922 3328 1095 3388 dimmiuutio
1111 3337 1159 3387 ant
1182 3330 1330 3389 excusatio

339 3417 402 3482 aut,
421 3418 451 3467 ut
467 3411 578 3487 quidam
593 3421 708 3489 putant,
727 3410 904 3488 deprecatio.

308 3498 326 3551 4
418 3490 602 3553 Defensio
626 3496 714 3571 longe
735 3496 933 3571 potentissima
953 3504 1014 3571 est,
1036 3513 1091 3574 qua
1106 3497 1200 3574 ipsum
1216 3497 1330 3570 lactum,

338 3575 415 3652 quod
431 3575 579 3652 obiicitur,
601 3578 717 3638 dicimus
734 3578 884 3637 honestum
901 3596 976 3638 esse.
1014 3575 1188 3640 Addicctnr
1208 3581 1329 3658 aliquis,

338 3661 419 3736 quod
432 3661 523 3721 incito
531 3669 621 3738 putre
631 3663 781 3736 militarit,
798 3662 925 3723 honores
936 3664 1071 3741 petierit,
1093 3682 1221 3724 umorem
1236 3666 1331 3724 dccc-

332 3746 394 3806 rit:
419 3753 544 3824 tuemur,
565 3746 643 3824 quod
662 3745 792 3805 lecimus.
827 3744 939 3805 Partem
958 3745 1032 3806 hanc
1051 3756 1157 3806 vocant
1173 3745 1330 3825 Hermago-
