3184 4409
283 303 341 367 182
594 313 953 376 launomarum

280 473 450 534 stituendum
471 481 533 547 est,
552 481 583 531 ut
602 479 631 530 et
656 470 767 547 digredi
789 488 827 528 ex
847 487 885 530 eo
906 479 936 529 et
961 470 1084 547 regredi
1103 473 1136 531 in
1157 473 1188 533 id
1202 473 1278 534 facile

251 560 431 637 opossimns.
464 557 534 616 Nam
554 565 584 615 ut
599 557 718 634 primum
733 562 778 613 est
792 554 879 614 domo
898 554 1003 614 afferre
1019 566 1159 632 paratam
1176 557 1277 618 dicend'

279 644 393 720 copiam
414 649 442 700 et
466 650 586 700 certam:
609 641 648 697 ita
667 639 795 697 refutare
815 640 953 717 temporis
969 657 1088 698 munera
1105 641 1203 719 louge
1219 643 1276 701 stul·

279 728 415 785 tissimum
437 733 491 783 est.
537 722 632 796 Quare
654 723 791 798 cogitatio
817 724 845 780 in
868 721 925 783 hoc
944 734 1162 801 praeparetur,
1186 734 1217 785 ut
1235 743 1276 783 noc

279 811 392 869 iortuna
407 809 545 886 decipere
563 825 619 866 uon
634 808 744 883 possit,
765 805 900 865 adiuvare
915 808 1017 884 possit.
1063 806 1097 866 ld
1120 818 1221 869 autem
1239 810 1276 867 liet

276 895 433 952 memoriae
448 893 567 966 viribus,
582 900 613 949 ut
627 890 693 964 illa,
710 907 785 967 quae
801 889 945 968 complexi
959 892 1053 950 auimo
1067 900 1185 969 sumus,
1202 893 1276 952 lluaut

278 996 398 1044 secura;
415 994 471 1034 non
487 976 629 1035 sollicitos
652 983 681 1033 et
701 974 893 1052 respicientes
914 982 944 1033 et
963 992 1018 1034 uua
1044 993 1101 1052 spe
1123 993 1275 1055 suspensor

278 1062 487 1121 recordatiouis
503 1076 560 1119 non
576 1060 668 1117 sinant
684 1057 850 1135 providere.
883 1057 1000 1135 Alioqui
1023 1058 1073 1118 vel
1096 1069 1276 1140 extempora

278 1147 335 1204 lem
352 1147 542 1204 temeritatem
554 1143 629 1202 malo
647 1159 730 1220 quam
746 1141 822 1201 male
839 1142 1043 1202 cohaerentem
1061 1145 1275 1220 cogitationem

250 1230 362 1290 7Peius
379 1231 452 1287 enim
469 1228 614 1306 quaeritur
629 1235 792 1300 retrorsus,
813 1227 895 1302 quia,
916 1226 981 1286 dum
1000 1225 1052 1285 illa
1069 1227 1275 1299 desideramus,

277 1313 313 1372 ab
331 1313 394 1372 aliis
409 1315 577 1387 avertimur,
600 1319 629 1369 et
650 1329 688 1368 ex
704 1311 841 1370 memoria
855 1311 950 1389 potius
965 1311 1130 1388 repetimus
1148 1329 1276 1391 quanter

277 1399 405 1456 materia.
432 1396 516 1471 Plura
532 1403 596 1454 sunt
606 1403 710 1470 autem,
728 1395 753 1452 si
764 1402 914 1473 utrumque
926 1395 1127 1473 quaerendum
1140 1406 1199 1474 eet,
1213 1413 1276 1476 quae

277 1482 398 1540 inveniri
413 1488 535 1558 possunt
552 1495 636 1557 quam
652 1497 726 1557 quac
744 1478 859 1538 inventa
873 1487 948 1538 suut.

312 1631 565 1694 QUEMADMODUM
581 1628 832 1689 EXTEMPORALIS
848 1629 1016 1681 nocturnus
1031 1630 1195 1685 PARETUR
1210 1634 1249 1684 ltu

661 1713 900 1769 CONTINEATUR.

359 1807 423 1868 Vll.
455 1808 594 1868 Maximus
611 1826 682 1869 vero
696 1806 851 1868 studiorum
867 1808 977 1867 fructus
993 1816 1038 1867 est
1055 1817 1085 1869 et
1101 1811 1189 1871 velut
1202 1827 1273 1890 prae

277 1895 361 1952 mium
377 1893 519 1970 quoddam
535 1893 736 1972 amplissimum
753 1891 834 1969 longi
850 1890 957 1952 laboris
976 1910 1018 1952 ex
1035 1900 1213 1973 tempore
1232 1894 1271 1954 di·

279 1978 386 2037 cendi
403 1977 581 2051 facultas,
600 1995 683 2054 quam
694 1976 741 2054 qui
753 1993 811 2034 non
824 1978 878 2035 erit
889 1985 1076 2053 consecutus,
1089 1996 1159 2039 mea
1173 1978 1271 2057 quidem

277 2063 420 2121 sententia
442 2059 574 2120 civilibus
595 2061 699 2120 officiis
720 2060 893 2119 renuntiabit
916 2068 945 2120 et
964 2060 1057 2119 solam
1073 2063 1226 2124 scribendi
1239 2061 1270 2120 ia-

278 2146 415 2205 cultatem
437 2146 532 2223 potins
555 2145 591 2204 ad
613 2144 669 2203 alia
685 2141 780 2222 'opera
806 2153 965 2204 convertet.
1004 2142 1063 2203 Vix
1090 2149 1170 2207 euim
1191 2147 1271 2206 bonae

277 2229 343 2287 lidei
359 2232 421 2288 viro
438 2229 572 2287 convenit
590 2229 723 2288 auxilium
738 2229 767 2286 iu
781 2227 927 2306 publicum
941 2226 1088 2306 polliceri,
1106 2232 1188 2308 qnod
1201 2246 1270 2309 prae·

278 2314 448 2371 sentissimis
465 2312 625 2390 quibusque
642 2312 778 2391 periculis
795 2312 883 2379 desit;
899 2321 929 2371 ιιι
944 2315 1051 2372 intrare
1065 2324 1187 2391 portum
1203 2313 1271 2372 naris

250 2398 331 2462 anisi
348 2396 460 2455 lenibus
475 2398 569 2455 ventis
586 2405 670 2455 vecta
685 2413 742 2455 non
757 2397 860 2474 possit.
893 2397 1038 2473 Siquidem
1055 2396 1271 2458 innumerabiles

278 2479 409 2539 accidunt
418 2479 529 2538 subitae
541 2482 732 2540 necessitates
746 2480 797 2539 vel
814 2479 889 2557 apud
900 2482 1083 2556 magistratus
1097 2482 1150 2542 vel
1166 2497 1271 2560 reprae-

277 2565 396 2622 sentatis
418 2563 529 2622 iudiciis
546 2567 679 2623 contiuuo
696 2563 811 2640 agendi.
849 2562 975 2637 Quarum
992 2565 1016 2622 si
1032 2581 1108 2641 qua,
1135 2583 1195 2625 nou
1215 2564 1271 2623 dico

278 2649 438 2724 cuicunque
450 2648 642 2706 innocentium
655 2649 757 2706 civium
774 2646 827 2706 sed
839 2649 993 2707 amicorum
1002 2666 1037 2707 ac
1050 2652 1272 2729 propinquorum

277 2733 361 2792 alicui
376 2733 522 2790 evenerit:
539 2731 662 2790 stabitne
674 2741 767 2790 mutus
783 2740 812 2790 et
827 2731 980 2791 salutarem
993 2732 1163 2808 petentibus
1179 2748 1273 2792 vocem

277 2818 441 2893 statimque,
457 2817 482 2874 si
496 2832 553 2874 uon
569 2824 763 2890 succurratur,
779 2817 914 2893 perituris
928 2833 1024 2874 moras
1040 2825 1069 2874 et
1082 2834 1236 2876 secessum
1250 2821 1274 2872 et

277 2896 420 2959 silentium
444 2908 581 2978 quaeret,
603 2899 667 2958 dum
690 2899 740 2958 illa
761 2898 851 2958 verba
873 2898 1049 2958 fabricentur
1071 2909 1101 2959 et
1121 2900 1274 2960 memoriae

247 2986 397 3045 tinsidant
412 2993 441 3042 et
458 3002 516 3043 vox
533 3001 567 3042 ac
583 2983 657 3042 latus
679 2979 890 3060 praeparetur?
917 2981 998 3055 Quae
1013 3001 1085 3042 vero
1100 2987 1211 3062 patitur
1223 2983 1273 3043 boc

278 3071 381 3143 oratio,
397 3077 427 3127 nt
445 3070 592 3146 quisquam
607 3069 700 3146 possit
712 3076 810 3125 orator
827 3068 958 3126 omittere
975 3064 1080 3126 casus?
1111 3067 1201 3144 Quid,
1218 3083 1274 3127 cum

278 3151 442 3210 adversario
469 3152 701 3230 respondendum
725 3152 793 3226 erit,
819 3147 888 3209 fiet?
923 3149 995 3210 Nam
1016 3169 1107 3230 saepe
1130 3170 1184 3229 ea,
1207 3167 1274 3230 quae

278 3235 385 3311 opinati
408 3254 503 3294 sumus
534 3245 562 3294 et
586 3245 685 3295 contra
707 3251 780 3311 quae
804 3235 988 3312 scripsimus,
1017 3234 1140 3311 fallunt,
1164 3254 1200 3296 ac
1220 3243 1274 3294 tota

279 3317 374 3376 subito
395 3335 481 3377 causa
502 3328 638 3388 mutatum
656 3328 742 3395 atque
759 3326 789 3377 ιιι
806 3318 993 3393 gubernatori
1009 3318 1044 3377 ad
1058 3321 1196 3378 incursus
1210 3327 1274 3378 tem·

278 3410 420 3481 pestatum
442 3403 484 3460 sic
508 3405 604 3478 agenti
626 3402 662 3462 ad
677 3403 846 3460 varietatem
870 3419 1019 3460 causarum
1046 3404 1122 3462 ratio
1148 3400 1275 3463 mutanda

253 3494 337 3549 lest.
366 3483 439 3558 Quid
458 3503 546 3564 porro
563 3486 664 3545 multus
683 3486 764 3544 stilus
780 3494 809 3544 et
827 3485 942 3544 assidua
958 3485 1046 3545 lectio
1066 3495 1095 3545 et
1115 3485 1206 3564 longa
1221 3495 1275 3545 stu·

274 3572 386 3634 diorum
409 3579 490 3632 aetas
512 3569 598 3648 lacit,
622 3572 647 3629 si
669 3577 764 3629 manet
786 3569 888 3628 eadem
908 3587 983 3649 quae
1003 3569 1056 3629 fuit
1073 3568 1274 3650 incipientibus

284 3832 1317 4082 La.-
