3184 4409
570 505 660 554 lusu.
673 504 823 555 ouuuou.
836 503 1007 573 nru.11,16.
1246 495 1283 556 91

289 674 316 726 et
331 669 518 736 enumerant,
542 663 590 738 qui
611 662 776 739 perniciosa
792 679 849 720 non
870 661 990 737 singulis
1006 672 1112 722 tautum
1132 663 1185 722 sed
1200 664 1286 723 rebus

289 751 374 809 etiam
403 745 528 824 publicis
556 748 600 805 usi
629 746 795 822 eloquentia
809 745 993 805 turbaverint
1019 749 1175 807 civitatium
1196 757 1286 806 status

288 832 528 898 vel'everterint;
548 847 644 909 eoque
658 838 686 888 et
697 829 989 889 Lacedaemoniorum
1004 832 1120 891 civitate
1138 832 1286 908 expulsam

289 926 317 976 et
340 915 464 976 Athenis
492 932 624 992 quoque,
651 914 699 973 ubi
723 923 805 972 actor
829 931 948 974 movere
973 915 1095 974 affectus
1123 915 1286 991 vetabatur,

289 1000 369 1062 uelut
384 1002 508 1060 recisam
523 998 622 1058 orandi
637 1006 822 1076 potestatem.

246 1150 249 1155 ,
374 1085 440 1158 Quo
454 1083 567 1160 quidem
578 1084 665 1142 modo
677 1100 732 1141 nec
744 1083 834 1141 duces
847 1091 929 1141 erunt
942 1083 1028 1141 utiles
1040 1101 1096 1142 nec
1106 1085 1312 1159 magistratusd

246 1160 249 1171 ⁵
290 1189 344 1230 nec
358 1170 501 1228 medicina
517 1186 571 1226 nec
588 1167 711 1244 denique
727 1168 789 1243 ipsa
805 1169 954 1244 sapientia.
986 1166 1057 1226 Nam
1073 1177 1102 1225 et
1116 1167 1173 1226 dux
1184 1165 1287 1227 Flami-

290 1258 353 1314 nius
370 1262 401 1313 et
416 1251 553 1326 Gracchi,
579 1251 739 1325 Saturnini,
756 1250 892 1310 Glauciae
906 1269 1028 1328 gessere
1043 1252 1241 1327 magistratus,
1259 1262 1288 1311 et

290 1342 318 1398 in
331 1337 453 1397 medicis
468 1353 579 1415 venena
595 1344 623 1394 et
638 1337 665 1393 in
681 1334 741 1409 his,
764 1335 812 1412 qui
834 1335 1071 1413 philosophorum
1086 1337 1199 1394 nomine
1214 1336 1288 1397 male

291 1431 424 1496 utuntur,
448 1421 618 1496 gravissima
645 1436 844 1496 nonnunquam
871 1420 979 1494 flagitia
1005 1419 1187 1497 deprehensa
1212 1429 1285 1478 sunt.

293 1506 381 1566 Cibus
399 1522 599 1585 aspernemur;
616 1504 770 1562 attuleruut
785 1521 875 1581 saepe
891 1503 1063 1563 valetudinis
1077 1521 1188 1563 causas.
1211 1503 1313 1564 Nun-6

294 1608 377 1668 quam
399 1597 476 1647 tecta
498 1587 665 1654 subeamus;
688 1604 776 1664 snper
797 1587 959 1647 habitantes
980 1586 1134 1667 aliquando
1155 1605 1287 1666 procum-

293 1673 370 1733 bunt.
408 1671 473 1730 Non
494 1671 652 1730 fabricetur
666 1672 747 1743 militi
766 1670 894 1747 gladins;
917 1680 1014 1749 potest
1028 1675 1068 1731 uti
1090 1672 1193 1731 eodem
1208 1673 1287 1731 ferro

294 1758 377 1818 latro.
416 1755 487 1828 Quis
503 1757 612 1830 nescit,
631 1757 732 1831 ignes,
752 1765 859 1833 aquas,
878 1757 940 1815 sine
956 1756 1058 1833 quibus
1073 1755 1152 1816 nulla
1167 1757 1204 1814 sit
1218 1759 1287 1830 vita,

295 1851 321 1901 et
343 1842 398 1920 (ne
418 1842 541 1899 terrenis
560 1841 709 1918 immorer)
732 1840 825 1899 solem
846 1839 1014 1917 lunamque,
1033 1843 1189 1918 praecipua
1211 1841 1288 1901 side-

293 1944 371 2001 rum,
391 1923 545 2001 aliqnando
562 1932 591 1982 et
606 1920 736 1982 nocere?

376 2007 451 2068 Num
474 2010 560 2084 igitur
581 2007 733 2084 negabitur
753 2007 913 2067 deformem
938 2007 1039 2082 Pyrrhi
1059 2025 1161 2085 pacem
1185 2013 1313 2068 caecus?

293 2092 343 2153 ille
363 2091 478 2170 Appius
505 2091 617 2151 dicendi
642 2092 750 2151 viribus
777 2087 949 2150 diremisse?
976 2099 1024 2149 aut
1049 2108 1106 2149 non
1131 2091 1224 2150 diviua
1249 2090 1287 2150 Μ.

294 2177 381 2237 'lollii
403 2176 570 2252 eloquentia
593 2185 622 2236 et
645 2185 743 2235 contra
764 2175 848 2252 leges
872 2175 999 2250 agrarias
1021 2174 1170 2252 popularis
1190 2175 1242 2233 fuit
1260 2184 1289 2233 et

295 2260 437 2321 Catilinae
464 2260 552 2335 fregit
577 2253 722 2319 audaciam
749 2268 778 2319 et
804 2259 1050 2336 supplicationes,
1078 2260 1125 2336 qui
1151 2261 1288 2317 maximus

293 2345 388 2408 honor
401 2343 561 2403 victoribus
576 2343 656 2403 bello
675 2343 795 2403 duci-bus
811 2343 902 2418 datur,
918 2344 947 2401 iu
960 2351 1029 2418 toga
1042 2339 1166 2401 meruit?
1188 2341 1314 2404 Nonne8

293 2429 468 2508 perterritos
485 2428 602 2486 militnm
617 2430 725 2487 animos
737 2426 918 2505 *frequenter
936 2444 952 2485 a
968 2435 1045 2486 metu
1061 2435 1181 2485 revocat
1196 2428 1288 2485 oratio

295 2523 322 2574 et
346 2521 393 2573 tot
419 2511 563 2591 pugnandi
586 2512 716 2590 pericula
741 2511 902 2570 ineuntibus
927 2510 1041 2570 laudem
1064 2512 1122 2569 vita
1147 2513 1289 2588 potiorem

295 2616 360 2657 esse
378 2592 557 2675 persuadet?
593 2595 696 2673 Neque
711 2613 784 2655 vero
802 2614 847 2654 me
861 2595 1080 2654 Lacedaemonii
1097 2604 1182 2672 atque
1200 2594 1289 2654 Athe-

294 2684 412 2741 nienses
428 2681 519 2756 magis
536 2682 677 2739 moverint
693 2697 777 2758 quam
791 2679 916 2758 populus
929 2677 1090 2754 Rornauns,
1113 2679 1188 2757 apud
1205 2698 1288 2758 quem

297 2782 403 2826 summa
418 2781 534 2841 semper
550 2765 713 2823 oratoribus
728 2763 850 2840 dignitas
866 2764 927 2823 fuit.
958 2761 1098 2847 Equidem
1112 2781 1167 2822 nec
1182 2763 1316 2833 urbium9

299 2851 468 2910 conditores
489 2865 558 2906 reor
578 2847 662 2908 aliter
679 2848 836 2907 effecturos
857 2848 965 2923 fnisse,
987 2855 1018 2905 ut
1036 2864 1111 2923 uaga
1128 2847 1178 2906 illa
1198 2847 1289 2905 multi·

297 2935 361 2994 tudo
380 2934 476 2992 coiret
491 2933 519 2989 in
534 2933 674 3010 populos,
691 2934 745 2990 nisi
760 2931 845 3010 docta
860 2949 934 2990 voce
951 2940 1106 2998 commota;
1122 2949 1178 2990 nec
1194 2931 1290 3008 legum

297 3026 466 3097 repertores
487 3018 548 3074 siue
565 3034 671 3075 summa
691 3014 840 3075 vi'orandi
861 3023 1052 3089 consecutos,
1075 3023 1105 3072 ut
1120 3034 1152 3073 se
1168 3016 1222 3092 ipsi
1238 3015 1290 3074 ho·'

297 3105 386 3162 mines
399 3100 437 3160 ad
452 3101 619 3158 servitutem
636 3101 703 3159 iuris
719 3101 921 3176 astringerent.
949 3099 1023 3172 Quin
1037 3101 1099 3176 ipsa
1115 3101 1191 3157 vitae
1207 3111 1334 3176 prae-10

297 3196 400 3266 cepta,
424 3186 535 3242 etiamsi
555 3193 654 3243 natura
675 3192 739 3242 sunt
759 3183 898 3258 honesta,
921 3182 985 3261 plus
1002 3193 1096 3241 tamen
1116 3182 1151 3241 ad
1168 3182 1293 3242 forman·

297 3269 344 3330 das
367 3277 482 3328 mentes
503 3267 616 3344 valent,
641 3269 773 3345 quotiens
796 3267 1035 3346 pulchritudinem
1056 3284 1151 3324 rerum
1176 3267 1291 3326 claritas

297 3355 438 3414 orationis
460 3352 607 3410 illuminat.
645 3351 758 3428 Quare,
782 3353 892 3411 etiamsi
911 3352 940 3412 in
955 3359 1103 3428 utramque
1118 3360 1229 3428 partem
1243 3369 1293 3410 va·

296 3437 355 3498 lent
372 3455 451 3496 arma
466 3435 627 3511 facundiae,
644 3452 702 3494 non
719 3444 872 3496 esttamen
887 3453 1009 3513 aequum
1021 3434 1050 3493 id
1064 3433 1164 3494 haberi
1177 3435 1291 3510 malum,

298 3539 352 3600 quo
370 3521 448 3580 bene
466 3520 507 3579 uti
522 3519 600 3578 licet.

380 3605 490 3663 Verum
504 3601 577 3662 haec
591 3603 665 3681 apud
682 3620 734 3662 eos
749 3603 871 3663 forsitan
888 3611 1076 3679 quaerantur,
1097 3603 1144 3681 qni
1160 3619 1293 3661 summam
1301 3606 1333 3659 ll

297 3689 463 3750 rhetorices
479 3686 514 3746 ad
529 3687 722 3765 persuadendi
737 3689 793 3747 vim
814 3687 982 3746 retulerunt.
1018 3687 1048 3746 Si
1068 3702 1139 3744 vero
1158 3694 1203 3744 est
1218 3685 1292 3744 bene

299 3771 412 3834 dicendi
435 3772 571 3850 scientia,
599 3788 757 3874 quemlnos
784 3771 869 3834 linem
893 3771 1060 3853 sequimur,
1082 3779 1118 3832 ut
1137 3771 1179 3831 sit
1202 3777 1304 3831 orator
