3184 4409
264 521 267 527 .
334 469 355 529 2
648 445 1008 541 cannamomum

332 634 436 715 Neque
452 637 554 696 infitias
571 653 625 712 eo,
648 637 788 714 quaedam
805 653 889 711 esse,
910 653 986 713 quae
1002 635 1191 696 demonstrari
1206 637 1330 715 possint,

334 738 426 799 eaque
441 739 498 780 non
514 722 648 779 omittam.

416 804 439 863 l.
475 806 517 864 Sit
538 805 641 881 igitur,
661 813 692 864 ut
707 821 794 881 supra
810 803 980 880 significavi,
1002 803 1140 863 divisio
1155 821 1252 862 rerum
1269 803 1331 883 plu·

332 890 405 958 rium
420 889 448 948 in
470 889 614 965 singulas,
638 889 794 966 partitio
810 889 993 964 ,singularum
1012 890 1042 946 in
1060 895 1159 965 partes
1180 887 1330 963 discretio,

334 972 425 1032 ordo
452 982 533 1032 recta
556 972 696 1049 quaedam
724 971 880 1031 collocatio
902 971 1047 1050 prioribus
1073 973 1225 1048 sequentia
1244 989 1332 1031 aune·

334 1065 432 1132 ciens,
457 1057 661 1134 dispositio
683 1055 760 1115 utilis
781 1074 878 1114 rerum
899 1073 934 1115 ac
953 1057 1076 1134 partium
1090 1056 1119 1114 iu
1134 1055 1222 1114 locos'
1236 1055 1330 1116 distri·

303 1141 421 1202 abutio.
461 1141 520 1200 Sed
541 1141 766 1215 meminerimus,
799 1141 891 1218 ipsam
916 1140 1135 1217 dispositionem
1159 1138 1331 1218 plerumque

333 1224 455 1285 utilitate
471 1227 588 1301 mutari,
608 1243 663 1284 nec
679 1224 800 1283 eandem
814 1241 930 1302 semper
944 1226 1064 1306 primam
1079 1223 1281 1301 quaestionem
1297 1243 1332 1284 ex

333 1317 455 1387 utraque
475 1319 558 1387 parte
578 1309 763 1368 tractandam.
812 1305 899 1367 Cuius
923 1309 983 1384 rei,
1012 1316 1043 1367 ut
1074 1316 1174 1366 cetera
1196 1308 1332 1387 exempla

331 1402 529 1472 praeteream,
551 1392 763 1452 Demosthenes
787 1409 904 1472 quoque
925 1401 1011 1469 atque
1031 1390 1193 1450 Aeschines
1209 1400 1333 1469 possunt

320 1487 400 1537 'esse
421 1477 609 1552 documento,
634 1479 663 1538 in
677 1476 783 1535 iudicio
805 1473 1002 1554 Ctesiphontis
1017 1475 1161 1536 diversum
1176 1479 1272 1535 secuti
1288 1493 1332 1536 or·

333 1561 438 1637 dinem,
456 1579 519 1620 curn
535 1568 688 1620 accusator
703 1578 719 1619 a
734 1561 813 1635 iure,
830 1577 888 1639 quo
906 1560 1057 1620 videbatur
1076 1560 1238 1636 potentior,
1264 1578 1332 1620 coe·

332 1644 423 1723 perit,
444 1654 581 1723 patronus
604 1645 697 1704 omnia
717 1661 812 1721 paena
826 1654 892 1704 ante
907 1646 951 1704 ius
967 1646 1114 1722 posuerit,
1136 1643 1239 1722 quibus
1261 1645 1331 1706 iudi·

303 1740 398 1794 ocem
419 1730 581 1806 quaestioni
602 1729 699 1804 legum
714 1737 912 1806 praepararet.
949 1728 1036 1790 Aliud
1057 1729 1131 1786 enim
1152 1727 1200 1788 alii
1220 1728 1331 1788 docere

331 1813 410 1891 prius
438 1813 571 1890 expedit,
602 1812 709 1889 alioqui
730 1830 848 1891 semper
873 1813 1006 1892 petitoris
1027 1811 1144 1871 arbitrio
1167 1812 1330 1880 diceretur;

331 1895 455 1974 denique
481 1898 509 1956 in
537 1899 722 1956 accusatione
748 1906 860 1974 mutua,
883 1915 947 1956 curn
972 1896 1006 1954 'se
1033 1904 1154 1973 uterque
1180 1895 1331 1972 defendat,

330 1982 496 2058 priusquam
518 1982 713 2041 adversarium
735 1991 853 2059 arguat,
875 1982 999 2040 omnium
1019 1998 1114 2039 rerum
1136 1997 1263 2050 necesse
1288 1990 1331 2040 est

332 2065 462 2124 ordinem
478 2084 545 2125 esse
566 2066 719 2125 diversum.
754 2064 858 2142 Igitur,
874 2066 941 2144 quid
958 2067 1022 2144 ipse
1037 2065 1089 2123 sim
1105 2071 1234 2139 secutus,
1253 2065 1330 2143 quod

330 2152 432 2226 partim
460 2152 625 2228 praeceptis
652 2151 754 2228 partim
784 2159 950 2229 usurpatum
978 2149 1089 2209 ratione
1120 2165 1329 2224 cognoveram,

331 2249 459 2311 promam
474 2252 529 2293 nec
544 2253 667 2312 unquam
681 2235 867 2294 dissimulavi.

302 2324 320 2379 4
336 2334 342 2356 t
416 2316 486 2377 Erat
501 2318 567 2377 milri
583 2337 668 2378 curae
684 2321 712 2377 in
728 2319 934 2378 controversiis
948 2314 1111 2376 forensibus
1123 2332 1212 2374 nosse
1225 2318 1330 2391 omnia,

332 2419 406 2479 quae
429 2403 458 2460 in
485 2420 571 2462 causa
603 2410 797 2461 versarentur.
840 2402 912 2462 Nam
935 2403 964 2461 in
986 2400 1088 2461 schola
1109 2409 1189 2460 certa
1213 2409 1280 2459 sunt
1303 2409 1332 2459 et

331 2502 424 2563 pauca
440 2494 469 2544 et
481 2496 545 2545 ante
558 2486 796 2546 declamationem
809 2496 1000 2566 exponuntur,
1014 2502 1087 2563 quac
1099 2482 1215 2560 θέματα
1227 2483 1332 2544 Graeci

329 2577 446 2644 vocant,
461 2567 565 2628 Cicero
578 2572 746 2648 proposita.
785 2568 856 2630 Cum
877 2571 950 2630 haec'
968 2571 997 2629 in
1014 2576 1174 2646 conspectu
1192 2569 1331 2647 quodam-

331 2652 417 2711 modo
434 2653 663 2728 collocaveram,
688 2671 745 2712 non
760 2653 851 2714 minus
867 2672 921 2733 pro
937 2656 1059 2715 adversa
1076 2661 1158 2729 parte
1177 2671 1263 2730 quarn
1278 2669 1331 2730 pro

303 2748 394 2796 amsa
417 2736 588 2812 cogitabam.
630 2737 667 2797 Et
694 2738 943 2818 primumssquod
965 2756 1022 2797 non
1042 2737 1161 2797 difficile
1183 2737 1261 2796 dictu
1287 2745 1332 2795 est

264 2877 268 2885 ,
331 2820 383 2877 sed
403 2828 498 2879 tamen
512 2830 577 2880 ante
595 2824 687 2881 omnia
705 2823 891 2902 intuendum)
918 2821 1141 2896 constituebam,
1164 2821 1233 2899 quid
1255 2815 1332 2880 utrass

331 2922 387 2982 que
399 2922 466 2981 pars
481 2904 570 2964 vellet
589 2906 725 2982 efficere,
748 2916 808 2967 turn
827 2926 882 2987 per
905 2907 989 2985 quid,
1012 2907 1069 2966 lnoc
1083 2906 1178 2965 modo.
1213 2901 1330 2981 Cogita·

330 2987 406 3063 bam,
423 2989 489 3066 quid
501 2991 621 3067 primum
635 2992 744 3068 petitor
760 2991 881 3050 diceret.
913 2991 945 3051 ld
958 3000 1006 3050 aut
1021 2991 1188 3050 confessum
1204 2998 1268 3048 erat
1285 2997 1331 3048 aut

303 3082 559 3135 ficontroversum.
596 3076 626 3134 Si
643 3076 823 3134 confessum:
845 3093 902 3135 non
917 3084 1032 3154 poterat
1047 3074 1085 3134 ibi
1102 3091 1169 3132 esse
1186 3075 1329 3151 quaestio.

331 3156 497 3217 Transibam
513 3175 584 3235 ergo
601 3159 636 3218 ad
654 3176 825 3237 responsum
841 3161 929 3238 partis
945 3160 1075 3234 alterius,
1091 3156 1166 3217 idern
1181 3157 1329 3223 intuebar,

330 3258 529 3319 nonnunquam
545 3245 647 3319 etiam,
672 3244 750 3322 quod
765 3244 831 3303 inde
853 3243 1052 3319 obtinebatur,
1075 3242 1241 3301 confessum
1258 3250 1328 3300 erat.

330 3322 385 3383 Ubi
401 3329 520 3402 primum
536 3332 676 3405 coeperat
691 3344 748 3386 non
765 3331 936 3387 convenire:
961 3328 1092 3406 quaestio
1111 3324 1269 3386 oriebatur.
1299 3324 1330 3384 ld

329 3409 387 3466 tale
408 3418 468 3468 est:
497 3408 645 3472 Occidisti
664 3413 830 3483 bominem
853 3411 980 3479 Occidi.
1022 3409 1177 3477 Convenit;
1200 3419 1328 3469 transeo.

300 3491 479 3554 iRationem
494 3495 617 3554 reddere
636 3495 723 3555 debet
740 3515 823 3571 reus,
846 3515 935 3574 quare
955 3497 1104 3556 occiderit.
1135 3492 1329 3567 Adulterum,

330 3579 435 3653 inquit,
460 3597 529 3637 cum
550 3582 694 3641 adultera
715 3582 859 3642 occidere
879 3581 959 3644 licei.
996 3580 1106 3657 Legem
1127 3597 1194 3638 esse
1219 3587 1329 3638 certum

330 3670 385 3720 est.
426 3661 552 3721 Tertium
575 3666 629 3723 iarn
649 3663 755 3741 aliquid
775 3665 928 3724 videndum
944 3673 1003 3741 est,
1027 3667 1056 3724 in
1072 3682 1129 3743 quo
1144 3682 1242 3742 pugna
1261 3680 1329 3722 con·

320 3747 415 3809 sistat.
452 3744 523 3812 Nun
534 3747 663 3830 fueruat
679 3750 831 3820 adullam
848 3748 999 3827 Fuerunt,
1017 3751 1166 3829 quaestio;
1190 3747 1228 3807 de
1250 3748 1329 3811 iacto
