3184 4409
346 467 385 528 50
655 481 693 529 lt.
714 479 792 528 usu.
815 479 1035 540 cuminum

304 636 439 712 ascend,
462 633 647 695 monstrabat.
692 633 772 694 llaec
794 635 822 694 ei
844 652 913 694 cura
929 636 1004 694 inter
1022 635 1230 696 turbidissimas
1252 638 1343 697 actio·

345 739 397 779 ues
419 720 468 779 vel
489 720 609 778 terrenti
636 720 789 795 optimates
817 718 866 778 vel
888 720 944 778 iam
965 721 1075 779 timenti
1097 722 1214 799 profuit.
1259 719 1344 781 Libet

345 814 466 882 propter
488 803 627 882 quosdam
647 803 840 880 imperitiores
863 805 948 862 etiam
971 806 1145 877 macriora,
1172 813 1203 863 ut
1223 813 1342 880 vocant,

303 886 435 950 nohum
457 887 660 947 dubitationem
686 886 769 946 huius
796 886 927 948 utilitatis
956 889 1094 947 eximere.
1138 887 1210 948 Nam
1236 899 1342 966 poetas

342 981 426 1031 certe
448 971 589 1048 legendos
616 972 724 1030 oratori
745 970 842 1030 futuro
870 973 1087 1032 concesserint:
1115 990 1181 1031 num
1204 972 1292 1050 igitur
1313 973 1342 1032 hi

346 1058 407 1115 sine
431 1051 561 1114 musice?
585 1073 620 1115 ac
642 1055 751 1132 siquis
773 1063 830 1114 tam
853 1072 958 1114 caecus
977 1058 1060 1114 animi
1084 1065 1140 1132 est,
1165 1065 1197 1115 ut
1217 1056 1255 1115 de
1277 1056 1341 1116 aliis

345 1139 469 1199 dubitet:
496 1140 565 1198 illos
588 1147 686 1213 certe,
718 1139 765 1216 qui
788 1140 913 1198 carmina
934 1139 970 1197 ad
991 1140 1081 1214 lyram
1104 1149 1340 1217 composuerunt.

344 1223 423 1282 Haec
445 1211 548 1284 diutids
570 1224 665 1282 forent
685 1222 822 1297 dicenda,
852 1224 876 1280 si
906 1223 963 1283 hoc
986 1223 1109 1282 studium
1135 1223 1215 1284 velut
1236 1241 1341 1283 nouum

302 1309 552 1386 30praeciperem.
598 1305 668 1365 Cum
689 1323 761 1364 vero
785 1307 939 1383 antiquitus
964 1325 1055 1384 usque
1074 1326 1090 1367 a
1108 1305 1235 1367 Chirone
1253 1317 1340 1385 atque

298 1406 301 1411 ·
344 1390 459 1452 Achille
482 1390 517 1450 ad
539 1400 637 1450 nostra
660 1399 791 1467 tempora
814 1391 889 1467 apud
911 1408 1028 1466 omnes,
1059 1393 1108 1468 qui
1135 1391 1221 1451 modo
1244 1391 1339 1467 legiti-

343 1493 417 1533 mam
438 1474 617 1553 disciplinam
634 1491 690 1532 non
712 1475 767 1533 siut
789 1476 906 1552 perosi,
929 1473 1089 1534 duraverit:
1112 1493 1169 1534 non
1192 1484 1238 1534 cst
1263 1492 1338 1534 com·

343 1559 525 1632 mittendum,
548 1567 579 1617 ut
600 1558 650 1617 illa
673 1557 756 1617 dubia
779 1559 883 1617 faciam
905 1558 1083 1617 defensionis
1104 1560 1310 1620 sollicitudine.

301 1651 334 1702 31
428 1642 563 1714 Quamvis
586 1651 679 1701 autem
701 1643 770 1700 satis
791 1643 847 1700 iam
870 1660 909 1700 ex
930 1644 1018 1718 ipsis,
1042 1643 1144 1719 quibus
1169 1661 1231 1701 sum
1253 1643 1338 1702 modo

343 1744 423 1801 usus,
442 1727 583 1804 exemplis
600 1726 715 1785 credam
731 1743 798 1784 esse
816 1726 1012 1801 manifestum,
1032 1744 1106 1803 quae
1125 1727 1193 1786 mihi
1215 1736 1246 1786 et
1270 1745 1338 1804 qua·

343 1819 425 1868 tenus
444 1813 551 1868 musice
569 1810 700 1888 placeat:
721 1811 848 1887 apertius
865 1819 960 1868 tamen
978 1810 1169 1888 profitendum
1181 1819 1262 1888 puto,
1282 1828 1338 1869 non

343 1894 456 1953 hanua
485 1912 530 1952 me
552 1895 699 1972 praecipi,
729 1911 803 1971 quac
831 1911 906 1952 nunc
934 1896 963 1953 in
991 1896 1091 1953 scenis
1119 1895 1283 1962 effeminata
1310 1903 1338 1953 et

342 1978 492 2056 impudicis
513 1978 606 2037 modis
629 1978 721 2037 fracta
740 1995 797 2036 uon
815 1986 953 2056 exparte
971 1979 1094 2051 minima,
1112 1979 1137 2036 si
1157 1978 1224 2056 quid
1241 1980 1270 2036 in
1287 1995 1336 2037 no·

343 2062 386 2120 bis
414 2062 503 2121 virilis
532 2062 645 2121 roboris
672 2060 821 2136 manebat,
846 2061 966 2130 excidit;
994 2061 1047 2120 sed
1072 2079 1128 2140 qua
1155 2061 1256 2122 laudes
1280 2062 1336 2122 lor·

342 2147 410 2205 tium
434 2145 624 2222 canebantur,
651 2163 765 2223 quaque
786 2145 843 2223 ipsi
870 2146 962 2204 fortes
985 2145 1140 2212 canebant;
1175 2163 1232 2205 nec
1260 2145 1336 2224 psal·

342 2233 414 2289 teria
438 2239 467 2289 et
489 2232 639 2308 spadices,
667 2231 751 2290 etiam
769 2229 928 2306 virginibus
953 2229 1052 2306 probis
1081 2229 1262 2305 recusanda,
1285 2229 1336 2289 sed

343 2315 536 2390 cognitionem
557 2315 694 2387 rationis,
722 2331 797 2390 quae
823 2313 858 2388 ad
879 2313 1038 2373 movendos
1060 2313 1270 2391 leniendosque
1296 2313 1335 2374 ai·

300 2396 435 2456 tilectus
452 2399 603 2475 plurimum
624 2396 712 2456 valet.
752 2396 825 2455 Nam
844 2405 874 2455 et
890 2397 1073 2472 Pythagoran
1091 2399 1248 2475 accipimus
1268 2415 1335 2458 con·

343 2483 446 2539 citatos
474 2482 508 2540 ad
537 2484 592 2540 vim
621 2480 744 2558 pudicae
767 2479 863 2538 domui
892 2480 1066 2541 afferendam
1093 2484 1229 2556 iuvenes,
1259 2484 1336 2541 iussa

299 2597 301 2604 π
340 2573 450 2622 mutare
473 2566 500 2621 in
518 2565 676 2642 spondeum
693 2563 794 2622 modos
807 2562 941 2640 tibicina,
966 2567 1181 2642 composuisse;
1198 2575 1229 2627 et
1246 2564 1335 2640 cury·

341 2649 441 2725 sippus
465 2650 550 2707 etiam
569 2648 708 2707 nutricum
730 2647 787 2722 illi,
811 2665 884 2724 quae
907 2648 1057 2709 adhibetur
1075 2649 1246 2725 infantibus,
1264 2650 1335 2712 ulle·

299 2731 458 2790 testationi
486 2751 567 2791 suurn
593 2731 735 2809 quoddam
757 2748 873 2790 carmen
902 2734 1040 2808 assignat.
1082 2732 1136 2793 Est
1163 2734 1249 2793 etiam
1279 2751 1336 2793 non

339 2815 480 2874 inerudite
504 2816 538 2875 ad
561 2815 777 2875 declamandum
796 2816 864 2874 ficta
886 2817 1015 2891 materia,
1039 2817 1067 2875 in
1089 2835 1145 2895 qua
1166 2819 1284 2895 ponitur
1302 2819 1335 2877 ti·

339 2898 441 2974 biceu,
465 2901 512 2976 qui
532 2900 705 2960 sacrificanti
726 2899 880 2975 Phrygium
902 2900 1065 2974 cecinerat,
1088 2909 1154 2960 acto
1171 2901 1223 2961 illo
1246 2903 1276 2961 in
1295 2903 1335 2960 in·

340 2984 447 3041 sanium
466 2993 495 3042 et
513 3003 566 3061 per
584 2984 752 3062 praecipitia
770 2983 867 3042 delato
887 2984 1036 3058 accusari,
1060 2985 1137 3062 quod
1154 3003 1242 3044 causa
1259 3002 1335 3046 nror·

339 3067 375 3124 tis
400 3068 540 3136 extiterit;
571 3070 690 3146 quaesi
713 3067 769 3129 dici
790 3066 879 3126 debet
901 3066 937 3127 ab
960 3077 1078 3127 oratore
1104 3087 1160 3129 nec
1183 3068 1241 3130 dici
1264 3071 1337 3130 citra

339 3152 486 3210 scientiam
508 3154 632 3210 musices
655 3160 767 3229 potest:
793 3151 939 3229 quomodo
969 3169 1027 3210 non
1054 3153 1127 3213 hanc
1150 3169 1268 3231 quoque
1291 3171 1336 3214 ar-

339 3241 396 3291 tem
416 3237 610 3297 necessariam
632 3254 698 3294 esse
722 3235 806 3314 operi
826 3244 926 3296 nostro
947 3236 995 3296 vel
1017 3237 1106 3314 iniqui
1130 3234 1336 3297 consentient?

705 3391 748 3440 DE
768 3389 968 3440 oromatum.
1019 3442 1022 3447 .

296 3488 331 3540 34
422 3483 685 3563 Ingeumetria
711 3497 823 3565 partem
851 3489 976 3548 fatentur
1003 3508 1071 3548 esse
1097 3489 1197 3548 utilem
1226 3489 1334 3549 teneris

338 3567 489 3626 aetatibus.
534 3569 646 3645 Agitari
667 3589 789 3649 namque
820 3573 928 3631 animos
958 3583 987 3632 ct
1018 3574 1083 3633 acui
1105 3573 1221 3649 ingenia
1233 3581 1263 3630 et
1286 3587 1335 3632 ote-¹

338 3650 479 3710 leritatem
500 3654 678 3730 percipiendi
699 3656 799 3714 venire
819 3655 885 3725 inde
909 3659 1086 3725 concedunt;
1116 3656 1168 3716 sed
1190 3656 1334 3733 prodesse

338 3754 401 3801 eam
425 3753 482 3794 nou
506 3746 536 3796 ut
557 3747 672 3797 ceteras
695 3748 789 3815 artes,
819 3758 884 3799 cum
911 3751 1072 3820 perceptae
1103 3741 1159 3800 siut
1187 3740 1240 3799 sed
1271 3756 1334 3801 cunr
