3184 4409
508 483 917 557 rusn.oanron.n1n.1,6.
1172 478 1213 541 33

272 651 388 712 retorna
409 645 560 706 dicendum
581 647 618 704 sit
640 663 675 704 an
700 645 760 707 boc
782 647 870 707 domo
890 655 919 705 et
941 647 1082 709 domuum
1104 665 1139 706 an
1159 648 1213 709 dc-

272 748 351 794 ·om:
374 731 478 790 similia
503 732 558 787 sint
579 732 701 805 domae,
724 749 820 806 caca,
847 749 965 790 monas.
1005 730 1237 795 Deminutioli

272 837 307 875 ,us
329 815 417 875 modo
442 814 568 889 detegit,
593 823 649 888 et,
666 831 703 871 ue
724 813 759 872 ab
784 813 887 872 eodem
910 815 1044 891 exemplo
1066 815 1237 892 recedam,¹

272 920 317 960 em
332 898 520 958 masculinum
536 914 602 955 esse
611 898 770 976 funiculos
785 898 919 957 ostendit.
949 897 1058 957 Eadem
1073 900 1101 956 in
1116 899 1238 963 verbis?

272 1003 334 1062 tque
364 973 438 1041 ratio
466 984 705 1058 comparationis,
736 991 782 1056 ut,
807 983 831 1040 si
856 984 918 1057 quis
942 983 1073 1058 antiquos
1095 991 1212 1050 secutus

272 1088 338 1129 cere
360 1067 443 1125 brevi
470 1064 563 1124 media
589 1065 700 1140 syllaba
728 1065 819 1139 dicat,
850 1064 1084 1142 deprehendatur
1108 1068 1213 1127 vitiose

272 1154 313 1226 ui,
340 1150 416 1228 quod
436 1151 546 1224 omnia,
571 1167 645 1226 quae
667 1170 683 1210 e
705 1157 734 1207 et
755 1169 772 1209 c
795 1150 898 1208 litteris
921 1149 1028 1208 latendi
1048 1150 1133 1208 modo
1155 1159 1212 1208 ter·

272 1245 374 1309 antur,
401 1233 519 1307 eadem,
548 1235 573 1291 si
594 1235 708 1292 infinitis
731 1253 748 1293 e
771 1233 894 1292 litteram
915 1233 1008 1291 media
1032 1232 1144 1307 syllaba
1166 1251 1212 1292 ac-

272 1327 369 1393 ·erunt,
386 1319 485 1394 utique
499 1317 666 1394 productam
678 1316 797 1375 habent:
811 1319 964 1394 prandeo,
977 1319 1107 1395 pendeo,
1124 1336 1212 1394 epon-

272 1423 292 1481 t,
322 1403 497 1481 prandere,
525 1404 678 1479 pendere,
709 1403 871 1478 spondere.
914 1400 953 1458 m
980 1418 1053 1478 quae
1079 1419 1097 1461 c
1121 1401 1236 1463 solam8

272 1496 339 1561 tent,
369 1485 531 1543 dnmmodo
548 1502 600 1561 per
623 1485 741 1543 eandem
765 1485 888 1543 litteram
915 1485 942 1542 in
965 1484 1072 1544 inlicito
1096 1493 1211 1558 exeant,

273 1573 317 1629 via
335 1571 418 1628 liunt:
442 1571 523 1646 lepc,
547 1571 632 1642 dico,
653 1588 762 1645 carre,
782 1570 900 1647 tepere,
923 1564 1048 1645 dicere,
1066 1588 1212 1638 currere,·

272 1657 328 1713 imsi
358 1661 403 1711 est
432 1653 506 1730 apud
528 1652 665 1711 Lucilium
687 1651 789 1713 Fercit
816 1667 899 1730 aqua
926 1661 955 1712 et
979 1652 1092 1730 fervet,
1120 1654 1214 1731 servit

272 1758 299 1798 rc
318 1739 418 1816 fervet
436 1738 480 1797 od
500 1755 622 1800 canam,
658 1737 731 1811 Sed,
755 1755 827 1814 pace
854 1737 952 1796 dicere
973 1737 1094 1796 hominis
1117 1739 1235 1798 erudi-9

272 1819 318 1881 imi
338 1822 434 1896 liceat,
453 1822 478 1878 si
492 1821 585 1898 feroit
603 1829 682 1898 putat
699 1820 741 1879 illi
758 1820 849 1880 simile
867 1823 966 1882 crtrrit
981 1830 1009 1880 et
1023 1824 1112 1900 lepti:
1125 1823 1228 1900 servo·

272 1915 296 1964 et
315 1914 346 1964 ut
366 1909 433 1982 leqc
449 1913 477 1962 et
495 1924 599 1979 carro,
620 1905 696 1981 quod
712 1905 795 1963 nobis
814 1905 967 1965 inauditum
990 1914 1058 1963 est·
1078 1906 1136 1965 Sed
1155 1923 1212 1963 nou

286 1989 359 2049 baec
381 2007 450 2048 vera
470 1990 660 2066 comparatio;
683 2007 747 2047 nam
761 1989 854 2066 feroit
869 1998 914 2047 est
935 1989 976 2048 illi
994 1989 1085 2048 simile
1106 1991 1210 2063 serait,

272 2093 302 2132 m
320 2075 539 2152 proportionem
561 2075 693 2149 sequenti
716 2073 814 2131 dicere
834 2090 958 2131 necesse
982 2082 1027 2132 est
1045 2074 1161 2151 servire
1181 2081 1212 2130 ut

272 2159 345 2220 circ.
377 2157 469 2216 Prima
490 2174 605 2234 quoque
627 2157 779 2233 aliquando
802 2158 908 2233 positio
930 2173 967 2214 ex
989 2157 1113 2233 obliquis
1133 2159 1255 2217 inve-10

272 2260 308 2317 rr,
328 2250 360 2299 ut
380 2244 516 2300 memoria
534 2249 637 2317 repeto
661 2243 811 2298 convictos
831 2259 847 2298 a
866 2258 927 2314 me,
952 2241 999 2316 qui
1017 2239 1211 2318 reprehende·

272 2335 295 2400 t,
318 2325 396 2402 quod
418 2325 474 2383 hoc
494 2325 584 2383 verbo
604 2343 672 2382 usus
689 2342 800 2400 essem,
821 2326 945 2404 pepipi,·
965 2342 1028 2382 nam
1046 2325 1077 2384 id
1100 2324 1212 2402 quidem

272 2413 325 2468 isse
346 2426 470 2467 summos
491 2418 625 2467 auctores
648 2408 870 2483 confitebantur,
893 2411 1032 2467 rationem
1049 2417 1142 2467 tamen
1162 2425 1212 2465 ne-

272 2501 323 2552 ant
340 2495 517 2570 permittere,
536 2495 601 2569 quia
617 2494 705 2570 prima
721 2493 828 2570 positio
840 2495 996 2572 paciscor,
1014 2510 1077 2551 cum
1092 2491 1213 2552 haberet

272 2595 346 2636 uram
373 2576 515 2654 patiendi,
543 2577 654 2635 faceret
675 2585 808 2654 tempore
829 2579 986 2654 praeterito
1006 2584 1116 2652 pactos
1135 2595 1211 2639 eunt.

272 2680 277 2720 ι
296 2669 415 2740 praeter
435 2663 634 2719 auctoritatem
652 2669 796 2718 oratorum
816 2670 902 2739 atque
923 2661 1124 2719 historicorum
1146 2668 1252 2719 ana-ll

272 2747 293 2804 la
315 2761 433 2822 quoque
456 2744 560 2803 dictum
582 2745 638 2803 boc
652 2743 810 2802 tuebamur.
848 2745 919 2803 Nam
935 2764 997 2803 cum
1019 2747 1046 2803 in
1062 2743 1116 2802 Xll
1133 2743 1212 2803 tabu·
1265 2757 1267 2760 ·

272 2829 435 2906 legeremus
453 2831 487 2888 ιη’
506 2831 550 2888 ita
566 2838 704 2906 payttttt:
723 2828 937 2887 inveniebamus
958 2829 1051 2888 simile
1073 2828 1140 2888 huic
1161 2847 1213 2888 ca·

272 2923 302 2989 rt,
318 2912 387 2971 inde
404 2915 493 2990 prima
509 2915 626 2990 positio,
644 2914 753 2971 etiamsi
767 2921 912 2971 vetustate
929 2913 1108 2987 exoleverat,
1124 2929 1212 2990 appa·

272 3006 297 3056 at
315 3015 401 3075 popo
421 3005 451 3054 ut
472 2999 567 3072 ccdc,
589 2996 662 3054 nude
681 3013 738 3054 non
760 3005 823 3055 erat
842 2997 955 3055 dubium
976 2999 1019 3055 sic
1039 2998 1141 3074 pepini
1159 3013 1212 3053 nos
1243 3041 1245 3043 .

272 3099 313 3140 ne
330 3088 360 3138 ut
377 3082 487 3140 cecidi.
521 3081 579 3139 Sed
594 3081 803 3139 meminerimus
818 3097 875 3138 uon
889 3099 943 3158 per
960 3082 1051 3139 omnia
1067 3080 1132 3138 duci
1147 3081 1253 3138 ana-12

272 3165 312 3224 lae
339 3182 429 3242 posse
452 3165 606 3237 rationem,
637 3182 699 3222 cum
721 3172 750 3222 et
771 3162 826 3222 sibi
851 3166 913 3242 ipsa
940 3164 1067 3242 plurimis
1089 3165 1117 3221 ln
1139 3165 1212 3222 locis

272 3258 370 3326 ugnet.
406 3247 552 3320 Quaedam
573 3250 634 3307 sinc
657 3246 742 3307 dubio
760 3256 898 3306 conantur
919 3248 1021 3306 eruditi
1043 3247 1211 3322 defendere,

286 3351 352 3392 cum
374 3332 584 3408 deprehensum
601 3341 661 3406 est,
684 3332 771 3408 lepus
790 3341 818 3390 et
835 3333 924 3410 lupus
945 3332 1046 3390 similia
1068 3334 1212 3409 positione

273 3426 351 3475 ntum
365 3416 479 3476 casibus
494 3418 677 3493 numerisque
697 3416 880 3475 dissentiant:
898 3418 936 3475 ita
951 3415 1138 3493 respondent,
1156 3433 1213 3474 non

272 3519 284 3560 e
305 3502 405 3579 paria,
438 3502 503 3578 qnia
527 3498 798 3578 lepas'epicoenon
820 3501 871 3574 sit,
900 3503 991 3578 lapus
1012 3500 1211 3565 masculinum;

273 3602 378 3663 nquam
391 3584 484 3642 Varro
502 3587 529 3643 in
546 3602 581 3643 eo
597 3583 689 3656 libro,
712 3601 769 3661 qno
788 3585 866 3642 initia
877 3583 1022 3642 Romanae
1036 3583 1115 3643 urbis
1130 3602 1211 3642 euar-

272 3716 274 3738 .
297 3670 404 3747 lupam
422 3669 566 3745 feminam
587 3669 654 3727 dicit
676 3667 794 3725 Ennium
813 3667 1012 3744 Pictoremque
1028 3665 1146 3727 Fabium
1165 3685 1210 3724 se-

272 3772 308 3811 1s.
342 3751 388 3811 llli
403 3754 497 3811 autem
518 3753 619 3831 iidem,
642 3770 705 3811 cnm
725 3753 958 3834 interrogantur,
980 3770 1031 3814 our
1051 3768 1131 3833 oper
1148 3750 1268 3830 aprina

272 3858 287 3895 ι.
299 3859 324 3896 r.
335 3856 445 3903 aarum.
1039 3837 1064 3902 ⁴3
