3184 4409
554 448 643 496 msa.
667 448 815 498 onnron.
838 450 907 495 ma.
928 450 981 514 1x,
1004 446 1030 498 3.
1228 437 1285 497 119

658 636 699 648 —-
716 601 896 678 Tectumque
914 603 1069 680 laremque

334 686 489 764 Armaque
496 682 749 765 Amyclaeumque
760 705 866 746 canem
878 683 1077 762 Cressamque
1089 686 1284 764 pharetram

294 771 341 831 vel
362 771 499 830 diversis:
523 767 619 830 Arma
636 771 792 847 oleumque
812 802 854 812 —
869 766 995 829 Multum
1014 771 1065 829 llle
1085 778 1113 829 et
1132 773 1226 830 term's
1247 781 1327 833 -52

293 854 389 915 Multa
414 870 541 932 quoque.
585 851 730 912 Aduerbio
755 869 871 930 quoque
894 861 923 910 et
941 853 1108 929 pronomina
1129 855 1327 929 variantur,53

293 937 352 1001 Hic
367 940 451 999 illum
470 936 535 997 utut
552 938 705 1011 luoeuem,
727 968 770 979 —
789 934 847 996 Bis
860 954 947 996 scuos
962 937 1012 995 cm
1022 943 1127 996 uoslra
1144 938 1225 1012 dies,
1243 971 1286 982 -

293 1021 351 1082 Hic
361 1022 433 1082 num
443 1038 619 1098 responsum
627 1021 745 1098 pm‘mus
757 1020 841 1080 dedu
855 1020 905 1080 illc
915 1022 1036 1096 petenti.
1065 1020 1123 1078 Sed
1135 1030 1283 1098 utrumque

294 1105 477 1165 coacervatio
490 1113 518 1163 et
529 1113 635 1163 tantum
646 1105 741 1163 iuncta
752 1112 800 1161 ant
811 1102 959 1162 dissoluta.
980 1101 1114 1161 Omnibus
1127 1105 1285 1180 scriptores
1292 1112 1327 1164 54

294 1205 346 1246 sua
364 1190 475 1247 nomina
492 1187 631 1248 dederunt
652 1186 704 1246 sed
718 1187 796 1246 varia
816 1195 844 1245 et
859 1195 889 1244 ut
912 1187 1015 1263 cuique
1030 1187 1147 1262 fingenti
1167 1187 1283 1265 placuit.

293 1270 372 1331 Fons
395 1272 508 1350 quidem
533 1290 622 1346 unus,
648 1272 713 1349 quia
733 1271 846 1329 acriora
866 1270 934 1328 iacit
956 1279 985 1328 et
1004 1271 1189 1346 instantiora,
1212 1288 1284 1348 qnae

294 1354 428 1430 dicimus,
445 1364 474 1414 et
484 1357 540 1414 vim
555 1355 692 1432 quandam
706 1371 776 1433 prae
791 1354 957 1412 celerantia
971 1353 1177 1433 velutsaepius
1193 1371 1284 1414 erum·

293 1440 389 1516 pontis
407 1438 538 1499 adiectus.

378 1564 569 1641 Gradatio,
591 1583 664 1643 quae
685 1565 788 1625 dicitur
808 1567 928 1642 κλῖμαξ,
951 1565 1124 1644 apertiorem
1139 1565 1226 1625 hahet
1241 1582 1285 1625 ar·

293 1658 351 1708 tem
373 1658 403 1708 et
422 1651 512 1726 magis
530 1650 706 1725 affectatam,
739 1649 863 1726 ideoque
892 1667 959 1708 esse
985 1650 1078 1709 rarior
1098 1648 1194 1708 debet.
1233 1647 1326 1712 ustas

294 1742 389 1792 autem
401 1734 464 1812 ipsa
480 1751 595 1812 quoque
613 1732 796 1799 adiectionis:
815 1736 921 1810 repetit
932 1735 1016 1809 enim,
1033 1750 1107 1810 quae
1121 1733 1284 1808 dictasunt,

295 1825 325 1875 et
339 1818 502 1895 priusquam
517 1817 552 1876 ad
571 1816 646 1876 aliud
662 1816 834 1891 descendat,
857 1817 885 1874 in
906 1816 1051 1893 prioribus
1066 1817 1184 1875 resistit.
1214 1815 1284 1876 Eius

294 1901 456 1978 exemplum
472 1918 509 1960 ex
524 1899 636 1960 Graeco
651 1901 800 1959 notissimo
816 1899 1018 1959 transferatur:
1038 1898 1106 1961 Nom
1117 1894 1202 1960 xcrum
1218 1902 1286 1961 utut

293 1984 415 2061 quidem
427 1986 485 2046 sed
499 2003 559 2046 acm
573 1985 702 2062 scripsi,
722 2002 780 2044 uec
800 1984 912 2060 scripsi
931 1984 1052 2061 quidem
1074 1984 1132 2044 sed
1149 2003 1209 2045 uou
1227 1985 1288 2046 otti

293 2069 490 2144 lequtlonem,
511 2087 568 2128 uec
589 2068 650 2129 oott
665 2069 786 2145 qulclem
807 2068 864 2126 scd
881 2085 941 2127 uon
957 2068 1103 2144 parnasi
1125 2064 1284 2128 Thebanis.

293 2151 355 2210 Sint
373 2159 466 2211 tamen
481 2152 583 2212 tradita
604 2160 633 2210 et
654 2150 768 2211 Latina:
789 2146 940 2230 Africano
960 2152 1101 2211 uirtutem
1122 2150 1328 2226 iudustriam

290 2235 388 2295 cirtae
400 2237 542 2313 plocium,
555 2236 657 2313 qlnrla
671 2234 806 2296 aemulos
824 2235 1022 2312 comparauit.
1054 2231 1092 2292 Et
1108 2230 1204 2292 Calvi:
1219 2230 1288 2293 Non

291 2337 366 2394 erqo
388 2321 486 2397 muqis
505 2321 707 2399 pecuniarum
726 2318 967 2396 repetundarum
996 2333 1087 2394 quam
1108 2317 1286 2391 malestatis,

290 2418 390 2478 neque
402 2404 569 2465 malestatis
579 2405 679 2480 muqls
692 2417 784 2480 quum
794 2399 935 2462 Plautiae
944 2401 1030 2480 lepis,
1042 2416 1138 2476 aeque
1148 2398 1288 2462 Plautiae

292 2485 371 2562 lepis
396 2488 494 2565 maqls
522 2501 614 2564 quam
637 2486 783 2561 ambitus,
805 2501 904 2561 neque
926 2485 1058 2547 ambitus
1074 2485 1174 2561 moqis
1196 2499 1287 2561 quom

292 2570 424 2630 omm'um
438 2571 536 2649 lequm
551 2579 602 2632 est.
635 2570 779 2639 Invenitur
794 2568 869 2646 apud
889 2577 992 2646 poetas
1010 2585 1143 2646 quoque,
1165 2575 1196 2626 ut
1211 2566 1327 2646 apudol

290 2650 446 2711 Homerum
461 2654 497 2714 de
516 2663 649 2732 sceptro,
666 2653 742 2731 quod
758 2669 774 2712 a
790 2651 862 2711 love
878 2652 912 2711 ad
930 2650 1175 2728 Agamemnonem
1193 2668 1286 2729 usque

293 2733 419 2810 deducit,
436 2746 464 2796 et
480 2738 553 2814 apud
569 2747 697 2797 nostrum
713 2739 797 2796 etiam
815 2737 969 2812 tragicum:

374 2818 446 2881 loce
458 2829 647 2900 propaqatuo
660 2829 714 2896 est,
730 2829 764 2881 ut
776 2822 945 2900 pertinent,
964 2816 1121 2895 Tantalus,

380 2900 427 2962 lla
445 2903 570 2967 Tantalo
585 2913 669 2967 ortus
683 2903 800 2982 Pelops,
815 2922 854 2965 ea
870 2902 979 2982 Pelope
992 2913 1094 2964 autem
1107 2910 1194 2964 sutus

375 2982 497 3057 Atreus,
513 2990 566 3066 qul
578 2996 713 3050 nostrum
725 3007 820 3066 porro
832 2995 986 3067 propaqat
999 3005 1105 3066 qeuus.

377 3099 416 3156 At
438 3117 512 3176 quae
537 3117 590 3177 per
612 3100 882 3160 detractionem
904 3098 972 3160 liunt
992 3098 1118 3175 figurae,
1136 3094 1328 3154 brevitatis58

292 3180 487 3259 novitatisque
512 3185 632 3242 maxime
653 3184 773 3259 gratiam
793 3191 908 3262 petuam
937 3200 1055 3260 quarum
1084 3196 1139 3238 una
1166 3185 1212 3236 est
1240 3194 1285 3252 ea,

293 3282 376 3342 quam
392 3263 465 3324 libro
481 3268 612 3344 proximo
628 3268 656 3324 in
671 3266 776 3342 figuras
792 3283 830 3325 ex
845 3266 1003 3345 συνεκδοχῇ
1018 3262 1125 3337 distuli,
1143 3279 1205 3320 cum
1219 3260 1286 3320 sub·

292 3355 414 3407 tractum
427 3349 545 3409 verbum
560 3349 678 3428 aliquodv
693 3352 762 3408 satis
778 3368 817 3408 ex
836 3349 941 3408 ceteris
954 3346 1138 3423 intelligitur:
1160 3352 1191 3403 ut
1213 3341 1285 3404 Cae·

292 3432 357 3490 lius
374 3432 401 3489 in
422 3432 591 3508 Antonium,
617 3431 747 3511 Stupere
769 3434 885 3511 quudlo
908 3429 1055 3492 Graectu.
1099 3430 1188 3490 Simul
1211 3429 1285 3488 enim

291 3514 404 3574 auditur
419 3517 525 3596 coepit.
552 3514 657 3578 Cicero
672 3515 707 3575 ad
719 3515 848 3575 Brutum:
864 3513 971 3576 Sermo
979 3514 1080 3574 mullus
1092 3514 1211 3575 scillcet
1223 3512 1285 3573 atet

292 3601 333 3658 de
348 3604 396 3668 te,·
411 3601 486 3677 quta
500 3601 578 3661 mira
588 3601 713 3678 potitus?
749 3596 823 3659 Tum
837 3596 980 3672 Flauius,
997 3594 1093 3673 Cras,
1107 3597 1219 3674 iuquit,
1234 3603 1282 3656 ta·

291 3680 415 3743 bellaria·
420 3725 429 3760 ,
454 3691 482 3746 et
496 3701 551 3762 eqo
564 3683 676 3746 ididem
690 3682 749 3745 ltus
762 3681 844 3744 luter
863 3700 986 3744 coenam
1002 3681 1141 3742 euocari.
1172 3677 1225 3738 Coi
1245 3679 1325 3738 aiau
