3184 4409
562 496 1022 566 uusu.0asuoa.me·.vur‚6.
1255 489 1292 552 81

379 653 484 715 Cetera
496 657 551 714 iam
567 671 624 712 uon
639 653 819 730 significandi
830 655 922 730 gratia
936 654 987 712 sed
1004 655 1040 715 ad
1052 659 1221 733 ornandam,
1238 676 1295 719 uon

293 739 455 818 augendam
481 739 639 799 orationem
665 747 853 796 assumuntur.
895 736 983 796 Ornat
1006 740 1079 798 euim
1103 739 1338 820 irritatorum

294 825 372 902 quod
388 834 468 883 reate
487 823 605 883 dicimus
625 823 851 900 appositum
876 822 1050 890 aunuuullis
1071 842 1234 903 sequeus
1254 826 1295 886 di·

294 911 377 968 eitur.
416 907 460 967 Eo
476 916 583 986 poetae
599 915 628 965 et
643 906 822 983 frequentius
838 915 867 965 et
882 905 1000 968 liberius
1013 915 1136 967 utuntur.
1166 909 1296 988 Namque

293 994 352 1056 illis
372 993 441 1052 satis
465 1001 510 1052 est
532 992 687 1050 convenire
710 990 739 1050 id
754 989 862 1066 verbo,
888 991 933 1048 eui
957 992 1126 1068 apponitur
1149 994 1246 1070 itaque
1268 1003 1296 1053 et

293 1079 400 1138 dentes
425 1077 512 1138 uldos
538 1084 566 1134 et
592 1074 719 1134 humido
740 1076 814 1134 uino
835 1076 862 1132 in
889 1075 923 1132 iis
951 1092 1007 1132 nou
1035 1076 1295 1153 reprehendemus;

293 1161 370 1237 apud
387 1170 449 1220 ora
451 1177 549 1234 orem
565 1157 742 1250 uisialiquid
760 1158 900 1233 efficitur,
917 1158 1066 1217 redundat.
1111 1159 1182 1218 'ium
1201 1172 1295 1221 autem

294 1245 433 1320 eflicitur,
457 1245 480 1303 si
501 1245 562 1302 siue
583 1243 650 1316 illo,
672 1231 749 1319 qudd
773 1242 892 1317 dicitur,
914 1243 1006 1300 miuus
1028 1252 1087 1301 est:
1115 1245 1209 1320 qualia
1231 1254 1296 1304 suut

296 1327 322 1388 0
337 1329 437 1389 scelus
452 1325 706 1401 abominandum,
723 1345 740 1386 o
757 1327 923 1404 deformem
934 1327 1099 1388 libidinem
1132 1327 1296 1388 Exornatur
1303 1340 1336 1394 41

294 1422 389 1473 autem
410 1430 458 1471 res
480 1421 539 1472 tota
555 1412 676 1470 maxime
692 1410 940 1469 translationibus:
970 1408 1132 1489 Cupiditas
1146 1411 1296 1512 effrenato

294 1506 323 1556 et
339 1494 475 1558 insonae
488 1495 738 1558 substructiones
770 1493 808 1553 Et
824 1495 901 1553 solet
919 1494 981 1553 lieri
997 1496 1060 1554 aliis
1077 1495 1216 1556 adiunctis
1234 1499 1295 1575 epi·

292 1582 393 1641 theton
410 1590 529 1660 tropus,
553 1589 582 1639 ut
600 1578 675 1657 apud
690 1578 850 1654 Vergilium
871 1578 982 1658 Turpis
997 1588 1117 1658 epestos
1136 1590 1165 1638 et
1188 1579 1297 1641 Tristis

284 1667 442 1728 seneclus.
484 1664 685 1725 Verumtamen
712 1662 777 1722 talis
800 1672 845 1723 est
871 1664 943 1724 ratio
969 1663 1088 1723 huiusce
1110 1666 1237 1741 virtutis,
1266 1675 1296 1724 ut

294 1751 357 1808 sine
373 1749 513 1827 appositis
529 1748 603 1807 uuda
620 1749 656 1806 sit
672 1757 701 1806 et
716 1747 796 1806 velut
811 1749 955 1826 incompta
972 1749 1081 1824 oratio,
1105 1758 1241 1807 oneretur
1255 1759 1296 1808 ta·

293 1851 360 1892 meu
375 1833 478 1892 multis.
515 1832 586 1892 Nam
604 1832 634 1892 iit
649 1831 736 1907 leuga
750 1839 779 1890 et
793 1831 947 1909 impedita,
967 1841 997 1890 ut
1015 1833 1054 1910 [in
1067 1832 1339 1912 quaestionibus142

295 1935 360 1976 eam
371 1917 481 1977 iudices
497 1917 617 1976 similem
632 1917 736 1992 agmini
748 1916 866 1975 totidem
883 1916 956 1974 lixas
969 1915 1085 1975 habenti
1099 1926 1167 1994 quot
1178 1918 1295 1992 milites,

294 2003 341 2060 eui
357 2009 386 2060 et
406 2019 539 2060 uumerus
558 2010 602 2060 est
614 1999 722 2077 duplex
737 2017 792 2058 nea
808 1999 924 2076 duplum
935 2002 1050 2067 virium;
1069 2018 1227 2078 quanquam
1239 2019 1296 2060 uon

294 2086 408 2163 singula
427 2086 512 2144 modo
528 2086 580 2144 sed
600 2085 683 2144 etiam
701 2084 784 2161 plura
799 2085 888 2143 verba
905 2085 1011 2162 apponi
1027 2085 1138 2157 solent:
1162 2094 1191 2143 ut

331 2183 343 2225 ἱ
401 2166 547 2248 Coninpio
561 2166 693 2230 Anchise
712 2165 839 2228 Veneris
859 2170 983 2245 dipnote
1002 2167 1143 2246 stipendii.

289 2253 354 2330 [Sed
370 2253 426 2313 hoa
439 2253 525 2312 modo
544 2254 600 2313 duo
616 2251 706 2311 verba
722 2252 770 2310 uui
786 2253 918 2330 apposita
935 2270 971 2310 ue
987 2271 1101 2312 versum
1116 2251 1231 2330 quidem
1246 2249 1295 2310 de·
1303 2252 1339 2307 43

294 2339 416 2398 suerint.
450 2338 521 2397 Sunt
535 2346 645 2412 autem,
662 2335 764 2414 quibus
776 2353 833 2395 uon
849 2335 981 2396 videatur
994 2336 1041 2396 hie
1056 2339 1170 2395 omniuo
1183 2345 1295 2414 tropus,

295 2423 362 2500 quia
381 2421 451 2481 nihil
474 2430 578 2481 vertat.
624 2419 756 2479 Necesse
774 2429 820 2479 est
840 2439 972 2498 semper,
997 2421 1155 2480 cumidem
1179 2420 1295 2497 apposi-

294 2515 368 2581 tum,
387 2507 412 2564 si
427 2522 443 2566 a
459 2508 578 2585 proprio
596 2505 745 2578 diviseris,
769 2522 871 2582 perse
887 2504 1030 2582 signifieat
1048 2513 1076 2564 et
1091 2505 1161 2564 lauit
1176 2513 1295 2563 autono-

292 2592 420 2650 masiam.
465 2588 577 2648 Nam
553 2608 577 2648 sr
595 2591 690 2663 dicas,
711 2586 785 2665 Ille,
804 2591 857 2666 qul
871 2587 1066 2649 Numantiam
1086 2597 1115 2650 el
1136 2586 1296 2666 Cortlopi·

293 2676 500 2735 nemeoertirt
516 2673 710 2733 antonomasia
723 2681 784 2739 est
801 2692 826 2731 sr
819 2672 1112 2770 adreeerrsSmpro
1123 2674 1296 2753 appositum

293 2757 360 2818 Non
374 2767 471 2857 potest
489 2774 561 2835 ergo
578 2776 645 2816 esse
660 2758 795 2816 iunctum.
1303 2756 1340 2810 44

379 2842 417 2901 At
435 2833 658 2921 altimontis,
683 2859 767 2919 quam
790 2841 1042 2901 inversionem
1063 2842 1296 2920 interpretantur,

294 2934 344 2984 aut
368 2926 445 2986 aliud
460 2926 557 2985 verbis
573 2925 650 2985 aliud
671 2944 757 2984 seusu
776 2925 901 2985 ostendit
922 2929 1075 2986 autetiam
1096 2927 1208 2985 iuterim
1229 2936 1297 2982 cou-

294 3011 421 3069 trarium.
462 3009 545 3070 Prius
565 3011 594 3070 lit
611 3028 703 3087 genus
721 3008 893 3088 plerumque
915 3011 1084 3070 continuatis
1105 3006 1296 3073 translationi·

294 3093 363 3153 bus:
382 3103 413 3152 ut

500 3176 525 3239 0
541 3179 630 3239 nouis
638 3177 826 3256 ‚referent
813 3198 846 3238 an
862 3198 950 3240 more
965 3187 994 3240 te
1008 3178 1079 3239 noni

499 3261 645 3332 Fluotns;
661 3280 678 3323 o
694 3263 769 3340 quid
783 3263 874 3342 opis?
887 3264 1008 3342 fortiter
1022 3279 1142 3342 oeeupo

499 3345 632 3422 Portum,

293 3440 431 3509 totusque
453 3432 504 3491 ille
521 3431 631 3490 Horatii
648 3428 748 3504 loeus,
770 3446 827 3507 quo
845 3447 947 3490 navem
967 3447 1020 3510 pro
1041 3447 1073 3489 re
1096 3395 1228 3508 publiea,
1246 3426 1298 3486 liu-

295 3523 358 3574 ctus
378 3525 407 3574 et
422 3524 609 3592 tempestates
630 3531 683 3592 pro
699 3512 785 3573 bellis
803 3515 950 3590 civilibus,
967 3522 1081 3594 portum
1097 3530 1151 3595 pro
1167 3530 1242 3594 paee
1256 3519 1297 3572 at·

295 3615 352 3676 que
370 3600 527 3659 eoncordia
544 3600 621 3658 dicit.
658 3596 870 3658 TaleLuoretii
1304 3603 1340 3658 45

546 3680 625 3743 Anio
646 3678 803 3743 Pieridum
812 3700 949 3762 perupro
965 3673 1046 3761 lo'eo,

295 3775 325 3825 et
341 3765 467 3843 Vergilii

338 3871 369 3909 u.
389 3872 413 3908 s.
437 3870 551 3918 nuruum.
569 3853 602 3908 11.
