3184 4409
579 465 1016 536 1nsu.oueron.n1n.v1,3.
1232 459 1293 520 277

296 621 345 683 dis
364 627 413 681 aut
427 620 533 679 nostris
555 628 603 680 aut
624 619 725 680 alienis
747 623 981 700 persuasionibus
996 632 1044 683 aut
1058 625 1196 700 dicendo,
1217 628 1294 704 quod

298 706 365 766 lieri
380 722 437 764 non
452 713 559 783 potest.
597 703 700 764 Aliena
721 704 800 763 linxit
820 705 908 781 lube,
932 708 980 783 qui
997 712 1144 784 querenti,
1169 711 1244 787 quod
1259 711 1336 774 ab90

299 806 378 868 equo
393 805 446 848 suo
463 796 543 847 esset
558 805 710 865 aspersus,
734 786 836 861 Quid?
856 789 917 865 Tu,
939 792 1042 868 inquit,
1065 811 1112 852 me
1127 792 1294 870 Hippocen-

299 883 425 936 murum
443 873 556 950 potos?
571 889 621 930 sua
642 868 674 930 C.
691 869 824 949 Cassius,
841 874 889 951 qui
904 874 983 933 militi
999 877 1060 933 sine
1075 876 1172 951 gladio
1192 878 1293 936 decur-

298 958 386 1032 renti,
403 954 497 1032 fleus,
514 957 681 1031 commilito,
694 975 796 1034 poppo
812 958 887 1018 dene
903 961 1007 1032 utens,
1025 961 1123 1036 inquit.
1153 959 1191 1019 Et
1204 959 1293 1021 Galba

300 1041 337 1101 de
352 1041 492 1119 piscibus,
510 1041 557 1118 qui
574 1057 637 1099 curn
648 1041 740 1117 pridie
759 1050 893 1118 exparte
910 1042 990 1100 adesi
1007 1051 1035 1100 et
1050 1045 1157 1102 versati
1175 1053 1292 1121 postera

299 1124 347 1184 die
372 1124 497 1202 appositi
521 1132 635 1198 essent,
663 1121 866 1200 Festinemos,
892 1127 947 1185 atti
964 1127 1163 1202 subruebant,
1192 1129 1291 1204 inquit.

299 1207 427 1268 Tertium
446 1207 516 1267 illud
539 1203 660 1282 Cicero,
682 1216 713 1265 ut
733 1207 808 1282 dixi,
832 1209 971 1268 adversus
990 1207 1117 1278 Curinm;
1141 1211 1202 1269 lieri
1219 1213 1293 1269 enirn

275 1320 278 1324 ·
301 1300 383 1352 certe
397 1308 455 1351 non
469 1299 594 1369 poterat,
612 1299 653 1365 ut,
671 1309 734 1349 cum
749 1291 933 1367 declamaret,
950 1302 1031 1352 natus
1045 1311 1103 1352 non
1118 1303 1208 1353 esset·
1239 1293 1331 1355 Esrsr

299 1385 330 1435 et
354 1375 404 1435 illa
424 1393 462 1435 ex
484 1376 574 1434 ironia
595 1375 689 1448 fictio,
711 1392 767 1451 qua
787 1394 856 1433 usus
880 1386 924 1435 est
940 1373 972 1435 G.
991 1374 1108 1436 Caesar.
1138 1377 1210 1436 Nam
1228 1396 1292 1437 curn

298 1461 382 1519 testis
396 1453 523 1535 diceret,
545 1477 561 1519 a
576 1475 629 1517 reo
650 1459 754 1518 lemina
770 1477 821 1518 sua
836 1459 915 1518 ferro
930 1462 1035 1536 petita,
1059 1471 1088 1520 et
1103 1470 1182 1520 esset
1197 1461 1290 1520 facilis

298 1543 500 1621 reprehensio,
517 1560 568 1601 cur
582 1542 660 1601 illam
675 1544 853 1621 potissimum
869 1552 978 1621 partem
991 1547 1122 1622 corporis
1138 1545 1290 1604 uulnerare

298 1626 454 1686 voluisset:
478 1623 560 1698 Quart
576 1627 653 1688 enim
664 1627 801 1704 faceret,
817 1627 916 1704 inqnit,
932 1647 1000 1688 com
1015 1636 1047 1689 to
1059 1630 1181 1706 poleam
1201 1637 1230 1689 et
1246 1629 1290 1689 lo·

297 1712 399 1772 ricem
408 1711 559 1772 haberes?
584 1709 640 1768 Vel
656 1711 762 1787 optima
777 1719 823 1768 est
834 1710 976 1770 simulatio
988 1720 1087 1771 contra
1100 1712 1331 1789 simulantemith

298 1794 392 1874 qualis
407 1794 456 1854 illa
471 1792 587 1853 Domitii
601 1793 665 1852 diri
680 1794 746 1853 luit:
771 1793 863 1853 Vetus
883 1794 1008 1854 habebat
1022 1805 1238 1871 testamentum,
1261 1805 1290 1855 et

297 1896 369 1937 unns
385 1896 423 1937 ex
438 1879 536 1937 amicis
552 1878 779 1952 recentioribus,
808 1896 929 1956 sperans
950 1879 1057 1956 aliquid
1080 1897 1117 1938 ex
1133 1881 1289 1939 mutatione
1354 1951 1357 1956 ,

296 1960 472 2037 tabularum,
488 1960 589 2021 falsam
604 1960 728 2020 fabulam
746 1961 894 2036 intulerat,
914 1963 1068 2022 consulens
1085 1981 1165 2039 eum,
1181 1981 1217 2023 an
1231 1965 1288 2041 pri·

296 2046 420 2124 rnipilari
440 2047 502 2104 seni
527 2046 581 2104 iarn
600 2054 706 2104 testato
729 2064 827 2104 rursus
848 2045 983 2105 suaderet
1003 2047 1134 2107 ordinare
1155 2064 1288 2125 suprema

297 2129 412 2189 indicia.
449 2127 527 2205 Noli,
545 2130 644 2206 inquit,
659 2130 785 2207 fecere,-
802 2129 931 2212 offendis
944 2131 1037 2191 illum.

378 2211 583 2273 Iucundissima
598 2222 662 2272 sunt
676 2221 770 2272 autern
785 2231 823 2272 ex
837 2213 881 2272 his
897 2214 1025 2273 omnibus
1043 2214 1119 2274 lenia
1134 2223 1178 2289 et,
1199 2222 1230 2272 ut
1245 2215 1329 2277 sic93

296 2295 434 2372 dixerim,
456 2295 523 2356 boni
538 2297 692 2356 stomachi:
715 2305 745 2355 ut
759 2296 832 2355 Afer
848 2296 922 2356 idem
937 2299 1050 2374 ingrato
1065 2298 1203 2374 litigatori
1219 2314 1286 2357 con·

296 2389 430 2459 spectum
451 2382 513 2439 eius
535 2381 563 2439 in
583 2382 647 2440 loro
668 2381 767 2439 vitanti
789 2398 842 2458 per
863 2381 1106 2440 nomenclatorem
1120 2382 1236 2439 missum
1250 2381 1287 2442 ad

296 2482 370 2541 eum,
386 2460 482 2526 Amos
496 2483 558 2540 me,
572 2466 677 2542 inquit,
694 2466 776 2542 qood
790 2475 819 2524 te
835 2484 895 2525 non
914 2467 1000 2525 vidi?
1024 2464 1062 2524 Et
1083 2465 1285 2542 dispensatori,

296 2548 354 2628 qui,
371 2565 436 2607 curn
452 2547 487 2607 ad
501 2548 611 2626 reliqua
628 2564 684 2607 non
702 2548 910 2626 responderet,
931 2547 1045 2608 dicebat
1062 2547 1197 2623 subinde,
1218 2545 1287 2610 Non

295 2632 415 2694 comedi
422 2649 534 2710 ponem
549 2640 578 2693 et
591 2645 705 2709 aquam
719 2632 804 2692 bibo:
828 2630 941 2693 Posuer
958 2633 1071 2707 redde,
1091 2633 1172 2709 quod
1182 2632 1284 2693 debes.

296 2714 378 2788 Quae
391 2707 451 2775 ὑπὸ
464 2705 496 2776 τὸ
510 2701 588 2794 ἦθος
600 2723 714 2775 vocant.
751 2713 805 2774 Est
824 2724 922 2791 gratus
943 2717 1039 2790 iocus,
1062 2717 1110 2794 qui
1126 2717 1217 2775 minus
1235 2722 1327 2778 err-94

295 2798 416 2877 probeat
431 2815 514 2876 quarn
529 2808 637 2876 potest,
652 2808 682 2858 ut
699 2798 773 2858 idern
788 2798 894 2857 dicenti
910 2799 1071 2873 candidato,
1088 2798 1217 2878 Semper
1229 2800 1284 2861 do·

295 2901 376 2944 mom
389 2891 473 2944 tuam
490 2883 587 2950 cotue·
605 2901 669 2942 cum
683 2891 785 2960 posset
800 2883 894 2960 palam
907 2900 1032 2959 negare,
1050 2881 1166 2959 Credo,
1183 2882 1283 2959 inquit,

296 2973 441 3028 domm
458 2973 512 3028 cst.
545 2965 661 3026 Interim
686 2965 723 3024 de
745 2984 778 3025 se
801 2967 900 3025 dicere
919 2966 1067 3026 ridiculum
1091 2976 1134 3041 et,
1154 2967 1231 3042 qnod
1256 2967 1284 3023 in

295 3048 380 3109 aliurn
404 3050 429 3108 si
452 3048 600 3109 absentem
622 3050 779 3123 diceretur,
806 3049 942 3108 urbanum
967 3067 1024 3108 non
1046 3058 1124 3123 erat,
1152 3051 1284 3127 quoniam

295 3133 350 3210 ipsi
359 3132 455 3212 palam
471 3132 672 3212 exprobratur,
688 3142 784 3191 movet
795 3133 897 3192 risum:
912 3134 999 3211 quale
1010 3131 1132 3209 Augusti
1148 3141 1203 3207 est,
1220 3141 1324 3196 curn95

294 3214 329 3275 ab
344 3213 382 3276 'eo
401 3216 484 3276 miles
499 3219 598 3277 nescio
617 3216 684 3295 quid
705 3215 836 3293 improbe
856 3226 986 3295 peteret,
1008 3225 1037 3275 et
1056 3217 1168 3275 veniret
1183 3224 1283 3277 contra

294 3297 471 3374 Marcianus,
493 3318 578 3380 quem
594 3300 791 3378 suspicabatur
807 3309 836 3359 et
850 3301 942 3378 ipsum
957 3300 1063 3377 aliquid
1080 3301 1182 3359 iniuste
1197 3315 1282 3375 roga·

294 3390 401 3443 turum:
422 3380 490 3445 Non
505 3386 619 3463 moqis,
634 3385 740 3461 inquit,
759 3385 892 3462 fadum,
909 3385 1082 3461 commilito,
1101 3383 1281 3463 competis,

294 3481 385 3544 dcam
406 3468 487 3545 quod
502 3466 682 3530 Marcianos
695 3486 716 3529 a
731 3486 778 3530 me
790 3469 940 3546 petituros
958 3475 1012 3528 est.

375 3549 520 3612 Adiuvant
540 3551 726 3612 urbanitatem
750 3560 779 3610 et
796 3568 927 3610 versus
951 3550 1099 3610 commode
1115 3549 1212 3627 positi,
1229 3557 1322 3612 seu96

294 3634 346 3694 toti
360 3641 392 3695 ut
405 3643 480 3710 sunt,
497 3635 589 3714 (quod
605 3636 678 3696 adeo
694 3635 779 3695 lacile
792 3644 846 3709 est,
862 3643 893 3693 ut
908 3633 1025 3695 Ovidius
1041 3652 1078 3694 ex
1093 3631 1281 3693 tetrastichon

294 3714 385 3781 hren
403 3719 526 3780 carmine
543 3719 644 3781 librum
658 3722 686 3780 in
699 3719 791 3780 malos
808 3727 911 3798 poetas
928 3716 1144 3798 composuerit]
1157 3714 1237 3794 quod
1249 3713 1280 3773 ht
