3184 4409
553 450 961 533 rnsr.oanroa.o1a.1,4.
1213 455 1250 517 19

263 624 396 682 ιιιίοιιειιι
409 620 535 680 siderum
549 621 674 697 ignoret,
691 629 795 698 poetas
810 621 963 698 intelligat,
980 623 1027 698 qui
1044 621 1090 698 (ut
1102 621 1157 682 alia
1169 624 1249 683 omit·

264 709 326 785 ιιιιι)
343 707 451 765 ιοιίειιε
471 714 535 763 οιιιι
550 704 882 782 occasuques'ignorun
896 706 924 764 in
939 705 1119 765 declarandis
1139 716 1248 785 tempo·

263 789 332 849 ribus
345 796 477 856 utuntur;
492 806 548 846 neo
560 789 659 864 ignara
674 787 887 866 philosophiae,
904 806 966 847 cum
977 797 1097 866 propter
1110 790 1249 867 plurimos

263 871 284 932 in
299 871 431 932 omnibus
447 871 510 930 lere
526 871 696 931 carminibus
712 872 795 930 locos
812 890 849 930 ex
863 873 959 930 intima
975 873 1144 932 naturalium
1162 891 1249 951 quae·

263 959 380 1016 stionum
402 954 559 1015 subtilitate
579 957 738 1033 repetitos,
762 965 820 1014 tum
843 956 891 1014 vel
911 965 1032 1033 propter
1051 956 1249 1033 Empedoclen

260 1039 284 1098 in
298 1039 437 1113 Graecis,
452 1039 612 1098 Varronem
627 1055 661 1098 ao
676 1038 839 1098 Lucretium
854 1041 882 1097 in
896 1038 1012 1113 Latinis,
1029 1041 1076 1115 qui
1091 1051 1249 1119 praecepta

261 1125 418 1201 sapientiae
434 1122 566 1181 versibus
581 1122 767 1181 tradiderunt.
802 1121 975 1200 Eloquentia
990 1139 1106 1199 quoque
1121 1140 1177 1182 non
1191 1138 1274 1190 me·5

259 1205 347 1267 diocri
364 1216 410 1265 est
426 1223 517 1284 opus,
539 1215 569 1265 ut
584 1206 620 1265 de
635 1223 805 1285 unaquaque
820 1223 932 1281 earum,
952 1222 1023 1284 quas
1045 1205 1249 1267 demonstravi·

257 1306 334 1365 mus,
354 1308 452 1349 rerum
473 1289 548 1349 dicat
569 1291 687 1367 proprie
709 1298 738 1349 et
761 1292 893 1368 copiose.
932 1289 997 1363 Quo
1017 1291 1108 1348 minus
1129 1301 1193 1350 sunt
1207 1292 1249 1351 fe-

256 1375 354 1449 rendi,
376 1374 424 1451 qui
444 1373 518 1432 hanc
538 1383 628 1432 artem
648 1381 684 1432 ut.
697 1382 811 1433 tenuem
826 1382 912 1450 atque
932 1375 1055 1432 ieiunam
1071 1373 1250 1451 cavillantur,

258 1475 332 1536 quae
348 1458 403 1515 nisi
422 1459 545 1516 oratoris
565 1457 651 1516 loturi
671 1457 853 1517 fundamenta
867 1456 991 1516 fideliter
1007 1457 1091 1531 iecit,
1115 1458 1251 1536 quidquid

257 1541 503 1619 superstruxeris,
520 1549 650 1608 corruet;
672 1543 837 1601 necessaria
852 1543 968 1619 pueris,
985 1541 1107 1600 iucunda
1122 1541 1250 1618 senibus,

257 1625 350 1685 duleis
368 1633 547 1683 secretorum
563 1641 660 1683 comes
676 1634 705 1684 et
720 1643 793 1703 quae
808 1625 857 1683 vel
874 1624 937 1684 sola
954 1625 1074 1684 inomni
1094 1625 1250 1685 studiorum

256 1725 367 1784 genere
383 1707 447 1785 plus
462 1706 567 1767 habeat
583 1710 681 1785 operis
697 1726 780 1787 quam
796 1709 1005 1768 ostentationis.

342 1791 388 1850 Ne
405 1793 468 1868 quis
484 1793 571 1868 igitur
585 1800 716 1869 tanquam
731 1810 819 1870 parva
835 1792 959 1851 fastidiat
973 1792 1173 1868 grammatices
1189 1794 1277 1868 ele-6

257 1884 369 1949 menta,
389 1892 446 1933 non
470 1877 535 1952 quia
550 1893 670 1951 magnae
685 1877 722 1934 sit
737 1893 846 1953 operae
862 1884 1054 1936 consonantes
1070 1892 1086 1935 a
1100 1876 1251 1937 vocalibus

258 1961 427 2020 discernere
441 1961 578 2037 ipsasque
594 1977 643 2018 eas
659 1961 688 2017 in
703 1961 918 2019 semivocalium
937 1977 1082 2019 numerum
1102 1970 1251 2020 mutarum-

259 2062 316 2122 que
332 2044 450 2121 partiri‚
473 2043 525 2102 sed
548 2045 613 2121 quia
631 2044 768 2102 interiora
783 2044 862 2102 velut
883 2045 958 2103 sacri
978 2042 1062 2102 lruius
1084 2043 1251 2115 adeuntibus

258 2125 410 2205 apparebit
429 2125 517 2185 multa
532 2145 627 2185 rerum
645 2122 804 2201 subtilitas,
825 2144 900 2204 quae
914 2143 971 2185 non
988 2126 1073 2185 nrodo
1090 2144 1195 2185 acuere
1210 2128 1250 2185 in·

258 2212 344 2288 genia
359 2210 482 2288 puerilia
503 2210 554 2269 sed
579 2228 721 2268 exercere
742 2210 907 2269 altissimam
927 2214 1051 2288 quoque'
1063 2209 1252 2269 emditionem

258 2314 292 2357 ao
311 2295 462 2353 scientiam
476 2295 579 2371 possit.
615 2292 660 2352 An
670 2292 830 2353 cuiuslibet
849 2295 924 2352 auris
941 2302 986 2352 εει
1008 2292 1128 2368 exigere
1144 2293 1275 2360 littera-t

257 2397 321 2437 rum
339 2373 450 2437 sonos?
478 2393 535 2436 nou
551 2377 671 2436 hercule
690 2379 781 2454 magis
797 2395 881 2456 quam
895 2393 1057 2436 nervorum.
1085 2375 1143 2436 Αιιι
1158 2395 1250 2454 gram·

257 2463 354 2521 matici
378 2460 479 2520 saltem
498 2477 597 2531 omnes
617 2463 645 2520 in
665 2461 739 2521 hano
760 2461 938 2521 descendent
958 2478 1054 2520 rerum
1072 2463 1250 2536 tenuitatem,

257 2547 391 2607 desintne
403 2545 516 2623 aliquae
528 2544 611 2604 nobis
623 2547 807 2605 necessariae
819 2545 986 2621 litterarum,
999 2561 1056 2603 non
1068 2563 1131 2604 oum
1142 2543 1252 2605 Graeca

258 2629 411 2689 scribimus
427 2628 500 2706 (turn
515 2630 589 2688 enim
604 2629 639 2688 ab
653 2630 753 2689 iisdem
767 2630 837 2689 duas
850 2629 1022 2707 mutuamur)
1038 2628 1090 2687 sed
1104 2631 1251 2707 propriae,

257 2715 285 2772 in
305 2713 431 2787 Latinis,
451 2720 481 2770 ut
502 2714 530 2772 in
550 2712 595 2772 his
614 2731 726 2774 seruus
745 2721 775 2772 et
789 2714 900 2788 uulpes
919 2711 1071 2771 Aeolicum
1091 2713 1277 2788 digammonS

258 2797 457 2871 desideratur,
473 2805 504 2855 ut
519 2797 628 2856 medius
645 2795 814 2875 estquidam
829 2796 855 2856 U
871 2805 900 2856 et
915 2796 927 2856 l
942 2796 1057 2869 litterae
1071 2813 1174 2864 sonus;
1194 2812 1251 2854 non

259 2883 333 2940 enim
349 2881 394 2939 sic
412 2881 555 2958 optimum
570 2880 688 2939 dicimus
708 2889 738 2939 ut
759 2881 906 2959 opimum,
929 2888 958 2938 et
979 2882 1008 2939 in
1027 2880 1100 2940 ltere
1118 2879 1251 2958 nequeE

260 2965 345 3041 plane
364 2981 460 3041 neque
474 2963 486 3023 l
502 2963 628 3031 auditum
646 2982 681 3023 an
696 2982 794 3023 rursus
810 2963 884 3024 aliae
898 2964 1072 3038 redundent,
1088 2964 1277 3042 praeteribit

260 3048 314 3107 lam
325 3049 520 3126 aspirationis,
536 3047 626 3125 (quae
638 3050 662 3106 si
673 3049 839 3107 necessaria
851 3055 905 3124 est,
919 3049 1003 3107 etiam
1015 3050 1184 3109 contrariam
1197 3047 1251 3107 sibi

260 3134 372 3210 poscit)
392 3140 421 3190 et
436 3128 477 3205 ll,
498 3149 570 3210 quae
588 3140 616 3190 et
630 3133 693 3209 ipsa
709 3132 885 3209 quorundam
899 3134 1040 3191 nominum
1053 3140 1120 3190 nota
1135 3140 1196 3207 est,
1222 3141 1252 3191 ει

261 3215 296 3290 Q,
314 3217 394 3275 ouius
410 3214 509 3275 similis
526 3216 630 3274 ellectu
647 3218 815 3293 speoieque,
831 3216 884 3274 nisi
900 3215 976 3294 quod
990 3215 1104 3294 paulurn
1117 3233 1133 3274 a
1145 3217 1251 3276 nostris

260 3298 440 3377 obliquatur,
466 3297 570 3376 Koppa
596 3299 671 3376 apud
693 3298 821 3360 Graecos
846 3317 920 3358 nune
946 3307 1052 3358 tanturn
1076 3300 1105 3357 in
1133 3316 1250 3359 numero

259 3392 373 3458 manet,
395 3391 425 3441 et
438 3392 599 3441 nostrarum
613 3383 727 3457 ultima,
750 3401 806 3460 qua
822 3391 878 3442 tam
893 3400 994 3442 carere
1010 3384 1152 3460 potuimus
1168 3400 1251 3462 quarn

259 3479 353 3541 quon
369 3463 552 3545 quaerimus?
576 3464 672 3544 Atque
688 3469 772 3526 etiam
785 3467 813 3524 in
828 3468 899 3544 ipsis
914 3465 1063 3528 vocalibus
1078 3468 1253 3543 grammatici
1262 3477 1296 3528 10

261 3558 306 3609 est
319 3550 431 3626 videre,
448 3567 483 3610 an
499 3548 609 3627 aliquas
623 3552 676 3628 pro
693 3549 915 3610 consonantibus
930 3568 999 3609 usus
1014 3552 1171 3629 acceperit,
1188 3551 1253 3628 quia

260 3637 321 3696 ium
335 3636 412 3694 sieut
426 3643 489 3695 tum
503 3632 637 3693 scribitur
657 3644 687 3694 ει
699 3651 775 3713 quos
788 3641 819 3692 ut
834 3653 895 3695 cos.
930 3633 968 3692 At
991 3652 1064 3711 quae
1085 3643 1116 3693 ut
1132 3629 1283 3692 vocales*

262 3720 416 3797 iunguntur
436 3725 484 3777 aut
503 3734 586 3777 unam
607 3716 722 3796 longam
741 3718 864 3793 iaciunt,
886 3726 917 3796 ut
935 3726 1053 3778 veteres
1075 3718 1257 3796 seripserunt

1068 3799 1113 3863 ᾖ*
