3184 4409
590 502 1009 570 msr.onnuoa.nm.11,t.
1243 493 1282 555 69

293 661 318 720 si
336 660 401 738 quis
416 677 478 719 eam
490 676 544 736 per
558 658 663 734 gradus
676 667 790 735 augeat,
809 660 886 736 quod
899 660 957 733 lex,
974 660 1050 738 quod
1065 661 1189 739 publica,
1207 662 1283 739 quod

293 746 329 804 ad
346 744 519 820 religionem
542 741 626 800 deum
641 752 807 820 comparata
827 745 873 802 sit.
911 744 954 803 Ea
973 744 1103 821 quidem,
1127 745 1282 823 dequibus

294 829 395 907 quaeri
411 827 506 902 solet,
523 827 681 885 communia
699 826 838 885 omnibus.
870 827 926 886 dut
943 830 1016 887 eninr
1033 829 1069 888 de
1086 831 1147 889 iure
1163 829 1324 890 dubitaritt

294 920 394 990 potest
411 911 491 985 eius,
508 912 555 988 qui
571 919 671 986 rogat,
688 918 718 968 ut
736 909 770 968 de
787 909 816 968 P.
836 908 945 985 Clodii,
962 913 1008 989 qui
1025 930 1082 971 non
1096 915 1151 972 rite
1167 923 1281 973 creatus

293 995 425 1056 tribunus
446 993 635 1071 arguebatur;
661 1003 708 1052 aut
725 993 761 1053 de
777 995 866 1070 ipsius
882 996 1056 1071 rogationis,
1080 997 1155 1073 quod
1172 1006 1216 1056 est
1232 1014 1281 1055 va·

294 1081 384 1153 rium,
406 1078 468 1137 sive
484 1095 540 1136 non
557 1078 630 1136 trino
649 1078 724 1136 forte
740 1077 862 1135 nundino
878 1079 1057 1156 promulgata
1073 1083 1133 1139 sive
1150 1098 1205 1139 non
1221 1081 1281 1139 ido·

293 1180 349 1223 neo
377 1162 441 1237 die,
469 1163 531 1220 siue
557 1170 658 1220 contra
683 1161 920 1221 intercessionem
944 1164 992 1222 vel
1018 1166 1145 1242 auspicia
1170 1164 1282 1223 aliudve

294 1247 379 1325 quaid,
397 1245 474 1323 quod
490 1245 624 1323 legitimis
641 1244 752 1320 obstet,
777 1245 880 1305 dicitur
896 1246 953 1305 lata
972 1266 1038 1306 esse
1053 1248 1101 1306 vel
1117 1248 1202 1323 ferri,
1219 1248 1281 1306 sive

294 1331 380 1390 alicui
395 1332 565 1389 manentium
580 1328 677 1404 legum
692 1346 864 1406 repugnare.
889 1330 947 1390 Sed
963 1331 1036 1390 baec
1051 1333 1086 1392 ad
1097 1332 1162 1391 illas
1177 1332 1323 1409 primas3fi

294 1414 517 1474 exercitationes
535 1430 593 1487 non
607 1413 765 1490 pertinent,
784 1431 848 1472 nam
863 1422 927 1472 sunt
942 1414 996 1473 bae
1014 1417 1085 1475 citra
1101 1416 1282 1494 complexum

294 1514 492 1577 personarum,
508 1506 679 1575 temporum,
696 1515 855 1556 causarum.
879 1496 1001 1576 Reliqua
1017 1501 1117 1559 eadem
1132 1501 1194 1559 fere
1209 1515 1280 1558 vero

295 1583 421 1659 fictoque
437 1581 596 1640 huiusmodi
615 1581 770 1640 certamine
792 1589 957 1640 tractantur.
991 1581 1062 1642 Nam
1079 1585 1175 1646 vitium
1191 1594 1238 1643 aut
1253 1585 1322 1650 inat

294 1666 391 1725 verbis
407 1674 455 1725 aut
470 1665 497 1722 in
512 1664 598 1723 rebus
615 1673 668 1723 est
701 1663 733 1723 lu
747 1664 844 1723 verbis
860 1666 1020 1742 quaeritur,
1040 1686 1075 1727 an
1090 1668 1159 1727 satis
1175 1667 1280 1744 signiti-

295 1759 376 1824 cent,
399 1767 435 1808 an
451 1749 488 1807 nt
504 1767 533 1807 m
548 1767 582 1806 us
601 1748 708 1826 aliquid
723 1748 894 1825 ambiguum
928 1749 1080 1827 lnrebns,
1105 1770 1140 1811 an
1158 1751 1206 1811 lex
1227 1751 1281 1810 sibi

295 1835 354 1912 ipsa
373 1833 548 1908 consentiat,
568 1850 603 1891 an
618 1833 646 1891 in
661 1834 847 1910 praeteritum
862 1832 932 1891 ferri
948 1834 1067 1910 debeat,
1090 1836 1168 1895 auin
1185 1838 1280 1912 singu-

294 1917 337 1976 los
359 1916 500 1976 homines.
535 1877 658 1975 blaxime
680 1933 750 1975 vero
769 1910 918 1984 communie
941 1927 985 1976 est
1007 1937 1165 1996 quaerere,
1189 1921 1281 1977 ausit

293 2001 432 2074 honesta,
459 2018 495 2059 an
519 2000 606 2059 utilis.
646 1999 743 2059 Nec
735 2018 854 2076 ignoro,
882 2001 981 2078 plures
1007 2002 1069 2060 lieri
1095 2021 1111 2062 a
1134 2002 1323 2080 plerisquettt

293 2094 406 2163 partes:
424 2083 476 2143 sed
492 2101 545 2142 nos
563 2085 680 2158 iustum,
697 2085 788 2161 pium,
807 2084 991 2161 religiosum,
1011 2095 1165 2162 ceteraque
1183 2086 1267 2145 bis'
1243 2104 1280 2143 sr-

292 2169 368 2228 milia
385 2167 507 2226 honesto
524 2168 750 2246 complectimur.
779 2168 848 2227 lusti
864 2177 958 2227 tamen
973 2170 1087 2246 species
1103 2188 1160 2228 non
1174 2169 1281 2246 simpli-

293 2255 365 2312 citer
387 2251 484 2310 excuti
504 2251 608 2310 solent.
650 2253 707 2311 Aut
729 2253 803 2310 enim
818 2252 854 2311 de
875 2254 987 2329 reipsa
1011 2255 1174 2330 quaeritur,
1195 2262 1225 2311 ut
1240 2253 1280 2312 di·

292 2353 387 2413 gnane
398 2353 493 2413 poena
507 2336 556 2394 vel
571 2337 699 2414 praemio
712 2337 763 2403 sit;
781 2344 829 2395 aut
841 2338 876 2396 de
888 2338 973 2397 modo
985 2339 1104 2415 praemii
1119 2354 1280 2416 poenaeve,

293 2423 357 2498 quia
374 2428 432 2478 tam
449 2420 539 2479 maior
555 2438 638 2498 quam
659 2424 750 2479 minor
766 2420 875 2498 culpari
892 2430 999 2498 potest.
1031 2421 1147 2481 Utilitas
1165 2431 1323 2499 quoque39

292 2505 405 2565 interim
428 2512 528 2562 nature
552 2504 737 2579 discernitur,
761 2506 872 2563 interim
894 2513 1034 2583 tempore.
1078 2505 1224 2578 Quaedam
1246 2523 1282 2564 an

293 2588 417 2648 obtineri
441 2589 566 2665 possint,
594 2589 698 2665 ambigi
723 2588 809 2647 solet.
850 2587 894 2647 Ne
916 2589 986 2648 illud
1008 2589 1121 2667 quidem
1147 2591 1280 2666 ignorare

294 2681 427 2752 oportet,
444 2671 526 2748 leges
541 2671 693 2751 aliquando
709 2681 785 2731 totas
798 2669 949 2750 aliquando
963 2681 1093 2751 exparte
1108 2672 1281 2752 reprehendi

294 2758 407 2831 solere,
425 2774 489 2816 cum
505 2756 666 2834 exemplum
683 2757 726 2815 rei
741 2759 889 2834 utriusque
904 2756 987 2815 nobis
1003 2758 1088 2817 claris
1105 2757 1280 2816 orationibus

295 2800 476 2939 praebeatur
507 2838 569 2900 Nec
583 2858 629 2899 me
644 2831 728 2916 fallit,
745 2859 795 2899 eas
812 2857 927 2918 quoque
943 2841 1025 2918 leges
1038 2859 1120 2916 esse,
1137 2860 1210 2920 quae
1225 2850 1324 2903 nonio

295 2926 508 3005 inperpetuum
523 2933 661 3001 rogentur
676 2925 727 2984 sed
743 2924 779 2983 de
794 2923 950 2983 honoribus
966 2935 1013 2984 aut
1027 2927 1170 3001 imperiis,
1189 2926 1281 3003 qualis

294 3007 407 3069 llanilia
431 3007 499 3083 fuit,
523 3007 559 3067 de
582 3026 637 3086 qua
655 3005 804 3068 Ciceronis
825 3008 916 3067 oratio
934 3017 987 3067 est·
1021 3010 1078 3069 Sed
1096 3009 1131 3068 de
1147 3008 1191 3068 bis
1212 3009 1281 3068 nihil

293 3092 432 3153 hocloco
450 3092 580 3170 praecipi
595 3101 709 3170 potest,
732 3100 863 3152 constant
879 3093 952 3151 enim
968 3095 1084 3172 propria
1109 3111 1220 3168 rerum,
1245 3092 1280 3152 de

293 3177 395 3254 quibus
410 3176 521 3252 agitur,
539 3193 595 3234 uon
613 3177 753 3236 communi
769 3175 915 3254 qualitate,

373 3258 425 3321 llis
443 3258 506 3318 iere
523 3268 639 3318 veteres
654 3260 820 3320 facultatem
837 3259 949 3318 dicendi
967 3268 1158 3320 exercuerunt
1173 3266 1321 3320 assum-tl

290 3354 336 3422 pta
355 3354 454 3417 tamen
469 3360 486 3403 a
501 3340 660 3403 dialecticis
677 3343 890 3421 argumentandi
907 3344 1027 3402 ratione.
1061 3343 1132 3403 Nam
1148 3343 1230 3403 lictas
1246 3345 1280 3405 ud
1317 3363 1320 3368 ·

291 3428 477 3488 imitationem
501 3427 556 3486 lori
578 3428 819 3505 consiliorumque
842 3428 976 3486 materias
997 3428 1071 3505 apud
1088 3428 1215 3489 Graecos
1240 3428 1280 3488 di-

293 3531 359 3573 cere
383 3513 462 3572 circa
477 3510 654 3571 Demetrium
669 3512 809 3572 Phalerea
826 3512 979 3570 institutum
997 3511 1060 3571 fere
1082 3521 1203 3572 constat
1236 3513 1322 3572 Aust

294 3596 350 3656 ab
341 3613 410 3676 ipso
428 3594 457 3654 id
474 3613 566 3671 genus
582 3597 797 3655 exercitationis
813 3597 850 3655 sit
865 3596 1023 3670 inventum,
1044 3605 1075 3657 ut
1092 3597 1149 3656 alio
1166 3579 1282 3675 quoque

294 3677 363 3740 libro
383 3696 447 3739 sum
464 3679 632 3754 confessus,
648 3697 747 3757 parum
764 3680 906 3757 comperi:
924 3679 975 3738 sed
990 3698 1026 3738 ne
1042 3680 1071 3740 bi
1088 3681 1224 3760 quidem,
1235 3677 1290 3756 uui

296 3761 346 3826 loc
363 3762 525 3845 fortissime
546 3762 701 3842 affirmant,
725 3763 784 3825 ullo
800 3765 871 3826 satis
888 3763 997 3828 idoneo
1014 3775 1142 3830 auctore
1156 3767 1337 3825 nituntur..
