3184 4409
343 458 403 521 160
654 471 1015 531 cinnamomum

338 626 412 687 haec
425 642 536 703 genera
557 624 700 684 recidere.
730 623 802 685 Nam
816 626 841 684 si
854 625 977 686 iudicem
992 625 1167 703 benivolum,
1184 635 1335 705 attentum,

338 710 463 770 docilem
484 709 594 769 habeo:
618 709 685 787 quid
706 708 827 787 amplius
845 709 965 770 debeam
981 720 1099 788 optare,
1120 728 1178 770 nou
1200 714 1335 790 reperio;

339 812 403 854 oum
420 802 512 852 metus
527 795 608 871 ipsc,
631 794 678 870 qui
693 795 816 852 maxime
832 792 946 852 videtur
962 813 1028 853 esse
1044 805 1126 854 extra
1141 795 1230 872 baec,
1248 805 1278 854 et
1292 804 1336 855 at·

339 886 448 937 tentum
463 877 586 936 iudicem
600 875 687 936 iaciat
703 869 732 935 ει
747 876 782 935 ab
800 877 924 936 adverso
946 877 1047 936 favore
1063 879 1221 938 deterreat.

298 970 332 1023 52
420 961 528 1020 Verum
550 962 682 1038 quoniam
701 977 759 1019 non
783 969 828 1019 εει
841 962 910 1019 satis
926 961 1124 1021 demonstrare
1145 962 1336 1038 discentibus,

340 1063 414 1122 quae
429 1047 485 1103 sint
499 1046 528 1102 in
542 1045 653 1104 ratione
669 1045 821 1122 prooemii,
839 1044 893 1104 sed
909 1046 1059 1105 dicendum
1076 1047 1171 1122 etiam,
1188 1048 1344 1124 quomodo·

339 1125 441 1207 perlici
457 1128 593 1188 facillime
610 1129 738 1206 possint:
759 1127 817 1187 hoo
834 1129 955 1205 adiioio,
977 1139 1007 1188 ut
1028 1130 1155 1189 dicturus
1180 1132 1336 1205 intueatur,

340 1213 418 1290 quid,
435 1213 511 1291 apud
528 1230 623 1290 quem,
640 1229 693 1290 pro
715 1229 788 1289 quo,
808 1221 907 1271 contra
923 1231 1024 1290 quem,
1041 1231 1098 1291 quo
1116 1223 1259 1292 ternpore,
1278 1231 1337 1291 quo

339 1296 425 1372 loco,
447 1312 504 1375 quo
528 1305 623 1354 rerum
646 1304 739 1370 statu,
763 1313 820 1373 qua
840 1296 920 1372 vutgt
936 1297 1178 1358 fama—dicendum
1193 1299 1248 1372 sit,
1267 1297 1339 1376 quid

339 1381 463 1440 iudicem
479 1381 586 1439 sentire
603 1379 742 1438 credibile
759 1381 812 1455 sit,
836 1388 987 1458 antequam
1004 1383 1172 1460 incipimus,
1193 1390 1251 1440 tum
1267 1380 1339 1459 quid

340 1464 536 1524 desideremus
553 1471 600 1522 aut
619 1457 820 1541 deprecemur.
855 1463 921 1541 Ipsa
936 1465 1015 1524 illum
1030 1475 1129 1525 natura
1145 1482 1181 1524 eo
1194 1466 1291 1538 ducet,
1306 1472 1342 1524 ut·

299 1551 429 1623 53soiat,
453 1548 520 1626 quid
541 1549 661 1624 primum
677 1546 827 1606 dicendum
847 1549 894 1606 sit.
924 1547 964 1608 Αι
986 1567 1060 1607 nuno
1076 1567 1175 1623 omne,
1195 1565 1252 1626 quo
1268 1564 1339 1607 coe-

341 1640 461 1711 perunt,
479 1633 657 1708 prooemium
673 1639 787 1709 putant,
812 1638 857 1706 et,
877 1640 908 1690 ut
923 1633 1048 1710 quidque
1062 1634 1219 1706 succurrit,
1235 1634 1340 1708 utique

343 1717 367 1774 si
388 1715 483 1792 aliqua
505 1716 646 1774 sententia
661 1713 832 1790 blandiatur,
855 1717 1013 1776 exordium.
1049 1715 1137 1775 Multa
1158 1725 1252 1775 autern
1273 1716 1339 1773 sine

341 1797 428 1857 dubio
444 1807 509 1856 sunt
529 1807 558 1857 et
574 1798 637 1857 aliis
653 1798 781 1875 partibus
799 1816 903 1858 causae
919 1800 1092 1867 communia;
1115 1798 1182 1858 nibil
1198 1809 1294 1858 tamen
1310 1800 1341 1857 in

342 1900 456 1961 quaque
475 1881 577 1941 melius
593 1883 705 1957 dicitur,
724 1900 808 1960 quani
825 1883 903 1960 quod
919 1901 1012 1961 aequo
1028 1883 1104 1942 bene
1122 1882 1178 1942 dici
1193 1882 1262 1942 alibi
1279 1899 1339 1940 non

299 1967 443 2044 54possit.
481 1965 726 2109 Multumssratiae
743 1966 865 2025 exordio
882 1976 943 2041 est,
966 1967 1043 2044 quod
1059 1967 1094 2025 ab
1111 1968 1224 2026 actione
1240 1966 1339 2025 diver·

342 2069 393 2110 sae
409 2051 498 2128 partis
513 2059 613 2108 maten
633 2068 660 2108 m
675 2048 775 2116 trabit;
799 2049 856 2108 boc
873 2050 955 2128 ipso,
972 2050 1050 2129 quod
1072 2067 1129 2109 non
1145 2051 1340 2128 compositum

342 2134 418 2193 domi
438 2133 490 2193 sed
512 2133 551 2192 ibi
574 2143 659 2212 atque
682 2152 719 2192 ex
738 2141 882 2192 renatum
904 2143 933 2193 et
955 2134 1094 2194 facilitate
1110 2134 1213 2193 lamam
1229 2134 1339 2210 ingenii

343 2227 430 2294 auget
457 2226 486 2277 et
507 2218 582 2289 facie
610 2216 748 2295 simplicis
775 2220 939 2296 sumptique
967 2237 1004 2277 ex
1032 2220 1165 2296 proximo
1194 2218 1339 2276 sermonis

343 2301 428 2362 iidem
445 2318 561 2380 quoque
583 2303 720 2379 acquirit;
743 2301 817 2360 adeo
833 2310 879 2376 ut,
904 2303 1015 2361 etiamsi
1039 2302 1151 2381 reliqua
1168 2303 1278 2378 scripta
1296 2310 1338 2359 at·

343 2404 399 2464 que
416 2385 564 2444 elaborata
579 2387 651 2459 sint,
667 2395 762 2444 tamen
776 2384 947 2464 plerumque
965 2387 1095 2445 videatur
1110 2393 1170 2445 tota
1187 2394 1339 2462 extempo-

342 2470 412 2528 ralis
433 2470 542 2542 oratio,
568 2470 648 2527 cuius
670 2470 776 2527 initium
797 2468 867 2528 nibil
889 2471 1052 2547 praeparati
1069 2468 1205 2528 babuisse
1219 2469 1339 2528 manife-

302 2556 416 2611 55stum
436 2560 489 2610 est.
528 2551 772 2630 Frequentissime
794 2569 866 2611 vero
889 2555 1068 2630 prooemium
1089 2552 1207 2612 decebit
1228 2561 1257 2611 et
1272 2570 1339 2610 sen-

343 2638 493 2696 tentiarum
509 2645 538 2694 et
554 2637 769 2714 compositionis
787 2645 815 2694 et
831 2638 913 2696 vocis
931 2645 960 2695 et
976 2636 1071 2695 vultus
1088 2635 1247 2709 modestia,
1264 2636 1339 2694 adeo

343 2729 374 2779 ut
390 2721 419 2777 in
435 2737 544 2795 genere
562 2738 666 2780 causae
683 2722 768 2779 etiam
786 2719 963 2780 indubitabili
977 2719 1080 2779 liduoia
1096 2738 1128 2778 se
1146 2721 1208 2796 ipsa
1224 2721 1340 2778 nimium

345 2821 468 2862 exerere
485 2821 541 2861 non
557 2804 670 2863 debeat.
712 2803 778 2864 Odit
799 2805 873 2863 enim
897 2805 984 2864 iudex
997 2804 1060 2862 iere
1076 2804 1212 2879 litigantis
1228 2805 1339 2861 securi·

345 2895 449 2962 tatem,
475 2906 595 2965 cumque
611 2890 654 2947 ius
671 2906 752 2947 suum
766 2888 924 2964 intelligat,
947 2889 1052 2950 tacitus
1074 2887 1269 2946 reverentiam
1286 2903 1339 2962 po-

303 2973 336 3026 56
345 2971 441 3029 stulat.
479 2970 542 3030 Neo
557 2973 647 3031 minus
664 2973 835 3048 diligenter,
859 2991 896 3031 ne
911 2971 1040 3049 suspecti
1064 2973 1151 3029 simus
1168 2970 1227 3029 ulla
1243 2978 1340 3047 parte,

344 3056 501 3120 vitandum;
518 3064 638 3133 propter
658 3056 736 3133 quod
759 3057 872 3115 minime
887 3055 1025 3114 ostentari
1041 3055 1128 3114 debet
1144 3055 1172 3112 in
1189 3054 1340 3130 principiis

346 3157 430 3214 cura,
455 3141 520 3217 quia
544 3140 657 3199 videtur
677 3158 724 3198 ars
749 3141 839 3198 omnis
864 3139 985 3199 dicentis
1003 3148 1103 3197 contra
1118 3138 1241 3197 iudicem
1260 3136 1340 3196 adbi-

302 3223 417 3282 57beri.
457 3223 516 3282 Sed
540 3225 632 3301 ipsum
655 3223 730 3282 istud
752 3225 861 3282 evitare
884 3240 1010 3281 summae
1036 3224 1105 3281 artis
1123 3229 1176 3280 εει.
1216 3219 1290 3279 Nam
1312 3219 1341 3278 id

345 3308 407 3366 sine
430 3306 516 3366 dubio
540 3307 575 3367 ab
599 3306 728 3366 omnibus
752 3316 780 3366 et
805 3299 919 3385 quidem
941 3307 1049 3384 optime
1071 3311 1261 3383 praeceptum
1279 3311 1339 3369 est:

344 3409 444 3449 verum
466 3391 822 3468 aliquatenustemporum
845 3391 1016 3450 condicione
1032 3398 1171 3464 mutatur,
1195 3389 1261 3466 quia
1284 3390 1340 3446 iarn

345 3475 514 3553 quibusdam
536 3476 563 3532 in
589 3476 698 3534 iudiciis
719 3475 898 3552 maximeque
918 3474 1087 3551 capitalibus
1106 3480 1154 3531 aut
1175 3471 1252 3550 apud
1272 3489 1339 3530 oen·

345 3560 483 3618 tumviros
499 3559 554 3634 ipsi
570 3559 679 3617 iudices
698 3559 816 3635 exigunt
833 3558 972 3616 sollicitas
989 3567 1018 3617 ει
1033 3564 1184 3616 accuratas
1197 3557 1337 3627 actiones,

346 3642 548 3718 contemnique
570 3659 619 3716 se,
641 3643 694 3700 nisi
718 3644 744 3699 in
768 3641 890 3700 dicendo
917 3642 1001 3719 etiarn
1022 3640 1170 3716 diligentia
1188 3645 1337 3718 appareat,

299 3725 485 3801 secrodunt,
504 3743 558 3784 nec
580 3724 680 3785 doceri
704 3732 811 3784 tautum
832 3725 886 3785 sed
904 3725 988 3786 etiam
1005 3724 1146 3786 delectari
1159 3723 1270 3794 uolunt.
1301 3718 1339 3780 Et
