3184 4409
553 487 642 536 mss.
658 487 807 538 cassos.
823 489 892 536 ιιι.
907 489 954 555 ns,
972 489 998 540 1.
1237 479 1279 542 93

279 646 389 719 utitur,
410 651 480 704 sunt
499 645 551 720 qiti
562 650 683 721 putent,
705 642 825 703 idcirco
847 640 913 703 elas
933 647 1132 722 eloquentiam
1151 650 1282 708 momine

281 748 352 791 esse
372 727 566 789 laudabilem.
593 724 632 786 Et
646 745 718 788 uere
729 729 831 787 nullus
843 727 910 804 lere
921 729 960 788 ab
975 747 1010 789 eo
1024 731 1108 789 locus
1123 732 1189 789 sine
1205 749 1282 808 qua-

283 816 362 875 dum
377 811 613 889 conformatione
623 811 929 885 sententiaedicitur,
944 831 1000 872 neo
1016 814 1103 873 aliud
1121 816 1283 891 quicquam

284 904 333 959 est
350 897 473 970 dicere,
495 896 555 954 nisi
575 912 677 955 omnes
698 902 752 954 aut
771 901 854 954 certe
874 893 1042 972 plerasque
1060 897 1166 972 aliqua
1180 900 1283 977 specie

284 981 460 1040 illuminare
473 979 653 1038 sententias·
680 974 767 1048 Quas
782 995 851 1037 cum
869 986 900 1037 tu
911 981 1029 1056 optime,
1045 978 1151 1054 Brute,
1169 989 1321 1056 teneas,41

285 1064 363 1141 quid
388 1064 494 1122 attinet
519 1062 688 1124 nominibus
711 1062 756 1122 uti
779 1069 833 1121 aut
858 1064 1023 1140 exemplis?
1068 1062 1283 1125 Tantummodo

284 1146 520 1208 noteturtoous.
557 1142 612 1205 Sic
631 1145 725 1223 ipitur
744 1144 825 1204 dicet
844 1145 914 1220 ille,
943 1163 1032 1223 quem
1053 1148 1233 1224 expetimus,
1251 1157 1284 1208 ut
1343 1194 1345 1198 .

285 1237 388 1291 verset
410 1247 506 1306 saepe
525 1230 627 1289 multis
639 1229 737 1289 modis
751 1229 860 1289 eadem
879 1237 909 1289 et
928 1231 960 1289 in
975 1249 1038 1290 una
1058 1249 1093 1291 re
1108 1229 1236 1291 tuorem
1251 1232 1283 1290 in

286 1314 454 1389 eademque
469 1319 670 1374 commoretur
684 1313 842 1373 sententia.
874 1309 978 1391 Saepe
992 1315 1083 1374 eliam
1097 1321 1130 1372 ut
1144 1322 1325 1380 octennem

286 1397 423 1474 aliquid,
445 1414 540 1473 saepe
562 1404 595 1456 ut
615 1397 762 1471 irrideat,
784 1403 818 1455 ut
838 1397 968 1457 declinet
987 1416 1008 1457 a
1020 1398 1177 1474 proposito
1192 1396 1289 1475 defle·

286 1487 410 1558 ctatque
432 1481 631 1548 sententiam·
653 1487 686 1540 ut
709 1487 879 1558 proponat,
907 1482 981 1557 quid
1002 1483 1143 1541 dicturus
1163 1483 1202 1541 sit
1208 1503 1222 1551 ;
1240 1491 1284 1557 ut,

287 1583 357 1626 cium
371 1564 554 1641 transeperit
568 1565 630 1624 iam
645 1565 779 1640 aliquid,
798 1562 941 1640 definiat,
961 1572 995 1624 ut
1014 1583 1048 1626 se
1068 1565 1134 1643 ipse
1154 1575 1285 1638 revocet,

287 1656 331 1728 ut,
352 1648 435 1724 quod
450 1648 574 1723 dicerit,
589 1649 678 1708 iteret
682 1670 695 1716 ;
709 1656 742 1707 ut
756 1657 966 1725 arpumentum
980 1651 1099 1708 ratione
1111 1649 1285 1724 concludat,

287 1740 321 1792 ut
342 1732 564 1809 interropando
582 1739 706 1810 urpeat,
734 1738 767 1790 ut
787 1748 897 1791 rursus
918 1733 1008 1808 quasi
1034 1734 1079 1793 ad
1096 1733 1286 1810 interropata

286 1816 348 1876 silti
362 1817 428 1893 ipse
448 1815 651 1893 respondeat,·
665 1822 699 1875 ut
714 1822 839 1890 contra,
854 1832 894 1875 ac
911 1817 1005 1891 dicat,
1020 1817 1123 1894 accipi
1137 1824 1166 1876 et
1179 1817 1286 1875 sentiri
1291 1822 1326 1877 43

286 1899 378 1967 oelit‚·
392 1905 425 1958 ut
438 1899 607 1973 addubitet,
624 1899 699 1976 quid
709 1899 813 1976 potius
826 1906 880 1959 out
895 1915 954 1976 quo
971 1900 1060 1961 modo
1074 1901 1175 1975 dicat,
1188 1906 1222 1958 ut
1237 1899 1285 1957 di-

286 1983 375 2043 aidat
387 1977 419 2042 in
432 1991 554 2059 partes,
577 1983 609 2042 ul
624 1983 741 2059 aliquid
759 1982 913 2058 relinquat
933 2001 973 2042 ac
989 1983 1139 2061 neplipal,
1160 1989 1194 2043 ut
1216 1991 1287 2040 ante

285 2068 501 2146 praemuniam
521 2075 555 2126 ut
573 2067 605 2126 in
621 2086 657 2127 eo
672 2068 749 2141 ipso,
767 2067 800 2126 in
815 2082 874 2143 quo
888 2067 1148 2144 reprehendatur,
1165 2067 1287 2143 culpam

286 2153 320 2214 in
335 2151 551 2211 aduersarium
572 2151 730 2228 conseram·
752 2158 785 2210 ut
805 2167 900 2227 saepe
915 2168 983 2210 cum
998 2151 1055 2226 iis,
1077 2151 1130 2227 qui
1145 2149 1285 2222 audiunt,

285 2250 504 2311 nonnunquam
523 2235 614 2295 etiam
645 2252 712 2294 cum
737 2233 922 2294 aduersario
949 2235 1038 2309 qniasi
1064 2234 1231 2300 deliberet‚·
1254 2235 1332 2291 atii

288 2319 439 2378 lominum
450 2336 550 2378 mores
565 2333 780 2394 sermonesque
797 2317 973 2385 describam·
987 2324 1020 2377 ut
1034 2325 1117 2377 muta
1133 2317 1287 2392 quaedam

287 2402 441 2479 manentia
457 2401 602 2477 inducat,
629 2409 663 2461 ul
678 2400 717 2460 ab
738 2419 772 2462 eo
795 2402 877 2477 quod
893 2401 996 2477 apitur
1019 2409 1140 2460 aoertat
1159 2416 1286 2472 animos,

286 2495 321 2546 ut
336 2503 429 2562 saepe
442 2489 474 2545 in
490 2485 674 2545 hilaritatem
690 2486 824 2545 risumve
838 2491 1003 2559 concertat,
1018 2492 1051 2544 ut
1065 2493 1135 2544 ante
1149 2489 1286 2561 occupet,

288 2570 372 2647 quod
384 2571 527 2630 uideatur
543 2570 665 2647 opponi,
681 2576 714 2628 ut
730 2575 884 2646 comparet
897 2569 1120 2643 similitudines,
1136 2575 1169 2627 ut
1182 2573 1288 2627 utatur

288 2652 448 2730 exemplis,
466 2654 601 2725 ut-uliud
616 2652 670 2712 alii
689 2653 826 2713 tribuens
842 2652 1020 2729 dispertiat,
1035 2658 1068 2712 ut
1081 2651 1288 2728 interpellato-

287 2755 355 2814 rem
370 2745 525 2811 coerceat,
550 2744 584 2796 ut
607 2737 726 2813 aliquid
745 2737 877 2797 reticere
892 2755 926 2796 se
943 2736 1046 2810 dicat,
1067 2744 1101 2796 ut
1122 2735 1287 2808 denuntiet,

289 2822 365 2898 qiiid
380 2828 500 2894 caoeal,
517 2828 550 2880 ut
564 2817 689 2880 liberius
706 2821 782 2896 quid
802 2822 934 2895 audeat,
957 2827 990 2880 ut
1010 2821 1169 2880 irascatur
1187 2819 1288 2891 etiam,

288 2913 323 2964 ut
337 2905 478 2982 obiurpet
490 2904 668 2981 aliquando,
684 2912 718 2964 ut
733 2905 927 2981 deprecetur,
941 2912 974 2964 ut
988 2905 1155 2982 supplicet,
1176 2910 1210 2960 ut
1227 2919 1288 2959 mc-

290 2990 418 3063 deatur,
434 2995 467 3047 ut
480 3006 501 3047 a
516 2989 669 3086 proposito
684 2988 816 3048 declinet
831 2988 1071 3065 aliquantulum,
1091 2994 1125 3047 ut
1138 2991 1236 3062 optet,
1256 2989 1290 3042 ut

289 3081 471 3147 execretur,
493 3082 526 3131 ut
541 3071 624 3149 fiat'
612 3072 667 3146 iis,
683 3073 769 3147 apud
784 3088 861 3149 quos
875 3072 966 3147 dicet,
980 3071 1154 3150 familiaris.
1190 3062 1330 3141 Atque45

289 3154 372 3229 alias
395 3156 486 3216 etiam
507 3156 631 3215 dicendi
658 3156 749 3232 quasi
772 3157 899 3216 uirtutes
921 3164 1084 3232 sequetur,
1112 3151 1315 3213 breuitatem

285 3247 380 3317 petet,
395 3256 490 3317 saepe
506 3242 597 3299 etiam
613 3257 677 3299 rem
693 3239 823 3300 dicendo
843 3239 983 3300 subiiciet
999 3238 1111 3310 ortilis,
1127 3253 1223 3312 saepe
1236 3250 1290 3293 su·
1299 3252 1301 3256 ·

246 3345 249 3351 ·
288 3323 449 3401 proferet
472 3338 562 3398 quam
581 3322 651 3400 fieri
667 3324 781 3400 possit,-
801 3321 985 3400 sipnip'calio
1002 3339 1097 3398 saepe
1116 3319 1174 3378 erit
1193 3317 1291 3378 maior

290 3423 384 3484 quam
398 3408 514 3481 oratio,
536 3423 633 3485 saepe
652 3405 812 3482 hilaritas,
831 3424 926 3483 saepe
947 3407 1029 3465 oilae
1048 3410 1291 3480 naturarumque

288 3491 427 3552 imitatio.
460 3487 552 3551 Hoc
540 3510 572 3551 m
586 3509 700 3568 penore
720 3493 813 3566 (nam
834 3490 924 3566 quasi
944 3490 1052 3550 siloem
1068 3484 1172 3562 eides)
1194 3485 1291 3548 ammo

290 3575 413 3636 eluceat
426 3582 542 3651 oportet
555 3575 743 3652 eloquentiae
757 3573 945 3653 mapnitudo
