3184 4409
343 471 383 537 88
653 488 690 536 ιι.
704 487 783 535 ιιι.
801 485 1018 547 Qumrmmu

342 644 474 702 virtutem
489 635 668 720 putavemnt.
705 640 747 700 lta
767 641 843 700 enim
866 640 935 699 dicit
954 641 1008 718 (ut
1029 641 1100 720 ipsis
1116 658 1216 702 eorum
1232 642 1332 702 verbis

342 736 421 802 utar,
442 728 489 804 qui
508 726 581 786 haec
602 745 639 785 ex
662 724 771 786 Graeco
794 724 1030 803 transtulerum:
1052 722 1116 786 Ars
1131 728 1286 787 iaaeulria
1303 737 1334 788 cl

341 811 511 871 iudicatric
528 821 557 871 et
573 811 742 871 mundabis
757 809 874 870 decenti
891 817 1002 870 onata
1020 811 1187 871 secundum
1201 813 1332 872 meudo-

342 914 410 955 aem
424 896 498 970 eius,
513 896 595 972 quod
608 895 641 954 in
656 909 773 1036 quogue
791 899 889 971 potest
901 894 979 952 suasi
990 895 1204 971 persuasibile,
1218 895 1250 954 ia
1264 914 1331 954 ma-

301 981 419 1040 tnteria
434 980 524 1044 cicili.
563 978 692 1056 Itemque
747 976 913 1042 ornclius
930 972 1080 1052 Celsus,
1100 980 1148 1054 qui
1164 977 1249 1036 linem
1265 978 1331 1036 rhe-

286 1126 292 1137 ,
342 1064 447 1121 torices
470 1064 508 1122 ait
529 1065 633 1124 dicere
650 1061 895 1140 persuasibiliter
912 1061 945 1120 in
969 1062 1063 1122 dubia
1084 1063 1166 1122 cicili
1188 1064 1331 1123 materia.

342 1145 450 1218 Quibus
466 1156 530 1205 sunt
545 1163 601 1205 uon
617 1144 788 1225 dissimiles,
806 1145 852 1222 qui
870 1143 905 1203 ab
921 1143 984 1203 aliis
999 1145 1160 1214 traduntur;
1177 1145 1270 1223 qualis
1286 1155 1332 1206 est

340 1230 406 1306 ille,
432 1228 485 1291 Vis
504 1233 631 1292 uidendi
650 1237 679 1292 ct
692 1229 852 1307 eloquendi
872 1229 1019 1290 derebus
1032 1230 1329 1291 domumculam

340 1315 399 1375 sibi
413 1334 481 1375 cum
496 1316 630 1392 quadam
648 1314 850 1393 persuasione
869 1319 898 1372 ct
917 1314 1048 1389 quodam
1068 1315 1206 1392 corporis
1224 1313 1332 1374 babitu

298 1407 495 1474 nucleorum,
513 1400 705 1476 quaelicet,
724 1397 975 1475 pronuntiatione.
1008 1396 1087 1456 hille
1108 1398 1180 1473 alia,
1205 1396 1258 1455 sed
1281 1407 1331 1456 aut

342 1481 441 1541 eadem
455 1492 502 1541 aut
518 1501 555 1540 ex
569 1481 676 1540 eisdem
693 1482 867 1560 composita;
892 1480 998 1557 quibus
1014 1483 1092 1556 item,
1110 1498 1173 1541 cum
1188 1481 1224 1541 de
1238 1491 1329 1540 mate-

340 1567 382 1625 ria
397 1565 557 1625 rhetorices
572 1565 721 1625 dicendum
745 1567 814 1640 erit,
838 1564 1086 1642 respondebimus.
1122 1564 1242 1638 Quidam
1265 1583 1329 1624 eam

340 1667 433 1725 neque
455 1651 510 1708 vim
532 1667 626 1726 neque
650 1651 799 1708 scientiam
824 1666 918 1725 neque
943 1659 1032 1708 artem
1055 1657 1242 1726 putaverunt,
1275 1650 1329 1708 sed

341 1730 527 1791 Critolaus
544 1753 632 1794 asam
643 1734 767 1794 dicendi
783 1732 862 1810 (uam
875 1724 1200 1825 hocrptllipsignihcat),
1214 1732 1329 1792 Athe·

340 1833 450 1875 naeus
472 1817 723 1894 fallendiartem
780 1854 782 1859 ·

297 1909 332 1961 m
422 1899 555 1978 Plerique
582 1910 694 1976 autem,
721 1900 785 1959 dum
811 1917 903 1978 pauca
931 1918 968 1959 ex
988 1898 1094 1977 Gorgia
1115 1899 1289 1959 Platonis
1312 1917 1328 1958 a

339 1983 482 2062 prioribus
502 1987 633 2063 imperite
654 1993 792 2062 excerpta
815 1985 916 2061 legere
942 1986 1067 2043 contenti
1089 2001 1184 2060 neque
1205 1983 1263 2042 hoc
1284 1991 1329 2041 ta·

338 2076 396 2127 tum
412 2086 506 2145 neque
521 2070 576 2129 alia
592 2071 653 2129 eius
668 2069 811 2129 volumina
826 2068 973 2142 evolvunt,
989 2069 1017 2126 in
1034 2070 1183 2127 maximum
1198 2084 1329 2126 errorem

338 2152 511 2229 inciderunt,
535 2155 711 2232 creduntque
727 2172 791 2212 eum
807 2155 834 2212 in
849 2153 903 2212 hac
923 2170 989 2211 esse
1006 2153 1157 2231 opinione,
1179 2159 1211 2209 ut
1229 2150 1329 2210 rheto-

337 2238 418 2296 ricen
438 2255 494 2296 nou
516 2248 606 2299 artem
632 2238 685 2298 sed
703 2237 845 2316 peritiam
865 2238 1020 2315 quandam
1038 2237 1159 2315 gratiae
1179 2252 1219 2295 ac
1241 2238 1328 2296 oola·

298 2324 430 2398 raptatis
451 2325 609 2391 existimem
633 2331 662 2382 et
685 2323 742 2382 alio
759 2323 826 2381 loco
845 2323 998 2383 civilitatis
1009 2321 1185 2399 particulae
1198 2320 1326 2379 simula-

339 2424 424 2466 crum
454 2415 483 2464 et
509 2414 650 2482 quartam
672 2415 792 2485 partem
812 2406 1013 2481 adulationis,
1039 2405 1116 2481 quod
1137 2403 1207 2462 duas
1229 2412 1328 2480 partes

339 2487 484 2547 civilitatis
500 2492 616 2567 corpori
631 2492 776 2565 assignet,
796 2489 965 2549 medicinam
985 2498 1015 2548 et
1039 2507 1121 2566 quam
1135 2489 1326 2565 interpretan-

338 2581 383 2629 tur
405 2574 650 2647 exercitatricem,
681 2573 750 2632 duas
775 2574 885 2648 animo,
913 2572 1038 2649 legalem
1065 2581 1151 2648 atque
1177 2573 1325 2637 iustitiam:

339 2654 527 2714 adulationem
540 2666 632 2715 autem
644 2658 802 2716 medicinae
812 2665 900 2716 vocet
914 2673 1049 2716 cocorum
1065 2655 1223 2729 artificium,
1241 2673 1325 2713 exer-

339 2741 474 2798 citatricis
489 2757 671 2816 mangonum,
691 2742 737 2818 qui
754 2740 883 2799 colorem
905 2741 972 2800 luco
989 2749 1017 2800 et
1032 2757 1133 2798 verum
1147 2737 1236 2797 robur
1251 2739 1325 2797 inani

337 2824 436 2898 sagina
452 2825 633 2892 mentiantur;
649 2825 752 2900 legalis
769 2824 990 2899 cavillatricem,
1006 2825 1130 2882 iustitiae
1147 2822 1323 2881 rhetoricen.

296 2914 329 2968 26
337 2905 417 2978 Quae
435 2910 526 2966 omnia
543 2917 606 2967 sunt
623 2910 736 2985 quidem
757 2909 865 2986 scripta
884 2910 912 2967 in
926 2908 983 2967 hoc
997 2907 1072 2967 libro
1090 2908 1223 2983 dictaque
1239 2923 1254 2964 a
1271 2905 1324 2965 Se·

338 2999 431 3065 orate,
455 2993 534 3050 cuius
556 3009 680 3070 persona
698 2992 813 3063 videtur
835 2992 916 3052 Plato
939 2992 1101 3068 significare
1122 2990 1189 3067 quid
1205 2992 1324 3056 sentiam

336 3074 388 3133 sed
403 3075 450 3133 alii
467 3084 531 3135 sunt
548 3078 609 3134 eius
619 3093 768 3135 sermones
779 3078 815 3137 ad
828 3075 1039 3174 coarguendos,
1056 3077 1104 3152 qui
1117 3083 1216 3133 contra
1228 3074 1325 3173 dispu-

337 3167 406 3233 tant,
425 3162 587 3237 compositi,
606 3177 678 3238 quos
698 3151 879 3238 importuosis
892 3169 1012 3235 vocant,
1029 3160 1076 3218 alii
1092 3157 1128 3217 ad
1143 3159 1325 3235 praecipien-

295 3242 416 3317 nudum,
438 3245 486 3320 qul
502 3242 670 3323 δογματικοὶ
683 3245 874 3322 appellantur
910 3245 1048 3304 Socrates
1065 3250 1157 3302 autem
1173 3260 1224 3300 seu
1242 3241 1325 3301 Plato

336 3344 397 3386 eam
412 3328 538 3403 quidem,
564 3346 637 3406 quae
652 3336 710 3387 tum
732 3327 952 3426 exercebatur,
950 3327 1115 3386 rhetoricen
1127 3326 1214 3385 talem
1229 3335 1323 3424 putat,

335 3430 398 3469 narn
415 3419 444 3468 et
457 3412 525 3471 dicit
536 3412 579 3470 his
594 3412 691 3471 verbis
712 3415 815 3472 τοῦτον
834 3405 885 3471 τὸν
901 3403 1024 3490 τρόπον,
1044 3403 1079 3471 ὃν
1095 3402 1176 3487 ὑμεῖς
1192 3401 1325 3469 maltrea-

334 3499 413 3570 εσθε,
431 3512 527 3553 veram
546 3505 639 3554 autern
654 3505 682 3555 et
697 3496 847 3555 honestam
861 3496 1006 3595 intelligit.
1026 3494 1147 3592 ltaque
1164 3493 1323 3592 disputatio

334 3580 385 3640 illa
402 3587 500 3637 contra
517 3577 641 3655 Gorgian
656 3583 694 3639 ita
710 3579 866 3653 clauditur,
887 3570 997 3638 οὐκοῦν
1016 3569 1133 3655 ἀνάγκη
1143 3568 1194 3637 τὸν
1209 3575 1323 3674 ῥητορι-

334 3655 388 3724 uba
406 3663 520 3721 δίκαιον
537 3654 671 3736 εἶναι,
644 3685 694 3723 τον
712 3660 772 3722 blo
772 3663 869 3722 luascu
885 3654 1157 3740 pastionaticum
1171 3681 1323 3739 reparcam·

289 3748 377 3810 iibri
403 3747 482 3824 quod
505 3746 556 3805 ille
583 3747 696 3826 quidem
724 3749 909 3823 conticescit,
936 3746 989 3806 sed
1015 3761 1177 3804 sermonem
1202 3745 1323 3822 suscipit
