3184 4409
266 435 271 448 =
337 409 378 470 40
646 422 683 469 n.
701 420 779 470 uns.
796 420 1015 482 armemur

289 575 502 656 l5amphibolia
525 593 582 635 non
608 584 661 636 est.
704 573 907 655 nmpniholtae
927 586 1022 638 autem
1042 577 1132 638 omnis
1155 578 1212 639 erit
1231 580 1261 639 in
1280 577 1321 641 liis

331 663 478 740 quaestio;
498 660 666 739 aliquando,
680 668 746 719 uter
756 661 792 719 sit
804 660 959 721 secundum
973 669 1099 723 naturam
1110 665 1203 740 magis
1213 679 1320 729 sermo:

331 763 461 823 semper,
483 754 575 804 utrum
592 744 629 804 sit
646 744 780 822 aequius;
807 752 899 803 utrum
916 745 957 820 is,
979 747 1028 823 qui
1048 747 1165 824 scrIpsit
1187 765 1222 808 ac
1243 747 1319 821 dixit,

330 829 463 889 voluerit.
509 828 633 902 Quarum
653 829 681 886 in
694 836 842 904 utramque
857 836 968 906 partem
984 831 1053 889 satis
1069 847 1106 889 ex
1119 830 1182 908 lris,
1198 848 1273 910 quae
1290 829 1320 891 dc

331 914 496 973 coniectura
513 911 689 992 etqualitate
705 910 841 988 diximus,
859 922 1046 992 praeceptum
1063 922 1118 973 est.

481 1063 523 1113 DE
541 1062 793 1114 PRAEDIOTORUM
810 1061 963 1115 STATUUM
981 1061 1194 1116 cOGNnTIONs.

413 1159 449 1220 X.
480 1161 533 1221 Est
548 1169 642 1220 autem
660 1159 800 1238 quaedam
815 1160 889 1220 inter
902 1160 956 1220 hos
972 1170 1062 1221 status
1075 1163 1221 1238 coguatio.
1252 1161 1320 1224 Nan

332 1255 361 1305 et
381 1245 410 1304 in
431 1245 573 1320 finitione,
591 1262 664 1322 quae
688 1245 724 1303 sit
743 1243 877 1304 voluntas
898 1247 1033 1321 nominis,
1062 1246 1224 1322 quaeritur,
1247 1248 1321 1308 etio

331 1328 519 1406 syllogismo,
538 1329 586 1407 qui
602 1327 743 1387 secundus
761 1345 777 1387 a
792 1328 919 1387 linitione
934 1338 1024 1388 status
1041 1337 1105 1404 est,
1127 1330 1193 1406 quia
1209 1339 1319 1409 specte

331 1423 391 1487 tur,
421 1413 487 1491 quid
509 1414 633 1472 voluerit
653 1413 794 1490 scriptor;
826 1421 855 1472 ct
881 1414 1037 1472 contrarias
1058 1412 1142 1489 leges
1163 1412 1235 1473 dnos
1258 1431 1321 1475 esse

332 1498 431 1574 scripti
457 1505 485 1555 et
506 1497 660 1556 voluntatis
686 1504 776 1556 status
801 1505 931 1574 apparet.
976 1496 1084 1555 Rursus
1103 1506 1132 1556 ct
1149 1497 1236 1556 linitio
1254 1514 1320 1576 quo

333 1581 483 1641 dammodo
508 1591 552 1640 est
573 1579 762 1658 amphibolia,
788 1598 851 1640 cum
871 1581 898 1639 in
920 1580 989 1640 duas
1008 1588 1104 1659 partes
1120 1580 1270 1641 diducatur
1284 1583 1322 1641 in

304 1663 469 1725 trellanus
484 1665 614 1723 nominis.
654 1664 795 1741 Scriptum
812 1672 840 1723 et
855 1663 988 1724 voluntas
998 1663 1085 1724 habet
1099 1665 1127 1723 in
1142 1664 1239 1725 verbis
1254 1666 1322 1726 iuris

333 1749 546 1825 quaestionem,
572 1747 649 1826 quod
672 1747 746 1807 idem
762 1748 913 1808 antinomia
929 1749 1043 1827 petitur.
1079 1747 1210 1826 ideoque
1231 1751 1322 1809 omnia

331 1831 405 1891 haec
431 1832 544 1909 quidam
564 1834 701 1909 scriptum
727 1841 755 1891 et
776 1831 953 1908 voluntatem
967 1850 1034 1891 esse
1054 1831 1201 1907 dixerunt,
1227 1833 1277 1894 alii
1295 1833 1322 1893 in

332 1916 440 1993 scripto
462 1925 490 1975 et
504 1916 651 1977 uoluntate
673 1915 873 1994 amphiboliam
888 1933 972 1991 esse,
997 1934 1069 1995 quae
1088 1916 1156 1977 iacit
1178 1916 1322 1995 quaestio·

333 2018 407 2060 nem.
441 2000 499 2061 Sed
516 2001 646 2060 distincta
661 2009 733 2059 sunt.
772 1999 857 2059 Aliud
873 2009 918 2060 est
932 2002 1005 2060 enim
1021 1998 1173 2061 obscurum
1186 2003 1231 2061 ius
1247 2000 1323 2061 aliud

305 2081 503 2161 3ambiguum.
533 2084 623 2162 Igitur
637 2085 725 2143 finitio
742 2085 769 2142 in
790 2092 889 2143 natura
910 2086 972 2163 ipsa
988 2085 1108 2143 nominis
1123 2087 1322 2162 quaestionem

332 2168 418 2228 habet
432 2169 615 2247 generalem,
639 2179 667 2228 et
685 2186 757 2246 quae
780 2185 846 2227 esse
867 2169 951 2227 etiam
968 2170 1038 2228 citra
1058 2168 1240 2247 complexum
1259 2185 1322 2228 cau·

333 2270 383 2313 sae
401 2255 507 2331 possit;
526 2256 662 2331 scripturn
678 2262 706 2311 et
724 2251 856 2312 voluntas
874 2251 910 2312 de
929 2269 965 2313 eo
982 2252 1107 2330 disputat
1120 2252 1227 2326 verbo,
1247 2249 1324 2329 quod

334 2339 420 2396 estin
436 2338 518 2415 lege,
535 2338 719 2414 syllogismus
736 2336 772 2395 de
788 2353 840 2411 eo,
863 2336 940 2414 quod
954 2354 1011 2396 non
1028 2345 1082 2395 est.
1122 2335 1324 2414 Amphiboliae

333 2421 368 2481 lis
387 2423 415 2481 in
429 2422 573 2480 diversum
588 2421 687 2495 trahit,
710 2419 807 2497 legum
823 2421 1025 2480 contrariarum
1042 2438 1079 2479 en
1093 2419 1209 2479 diverso
1229 2435 1325 2497 pugna

305 2513 387 2567 lest.
423 2504 525 2583 Neque
548 2507 687 2564 immerito
713 2514 742 2562 et
764 2513 883 2583 recepta
899 2513 944 2564 est
960 2523 976 2564 a
992 2503 1164 2563 doctissimis
1181 2503 1255 2564 haec
1271 2502 1324 2564 dii·

334 2588 455 2648 ferentia
479 2599 507 2648 et
532 2588 606 2667 apud
624 2589 760 2667 plurimos
777 2606 812 2648 ac
827 2587 1063 2667 prudentissimos
1084 2587 1175 2648 durat.

650 2738 693 2788 DE
707 2739 742 2789 VI
759 2737 999 2789 DISPOSlTIONlS.

414 2835 451 2895 Et
473 2834 586 2894 dehoc
613 2836 726 2913 quidem
748 2855 857 2914 genere
885 2833 1096 2915 dispositionis,
1133 2833 1244 2894 etiamsi
1270 2851 1328 2894 non

307 2923 440 2996 somnia,
461 2920 534 2979 tradi
555 2928 648 2978 tamen
667 2921 761 2997 aliqua
782 2930 945 2999 potuerunt.
974 2920 1045 2981 Sunt
1065 2918 1139 2994 alia,
1162 2936 1252 2997 quae,
1273 2919 1328 2979 nisi

334 3007 498 3085 proposita,
519 3003 554 3063 de
572 3022 627 3081 qua
643 3005 791 3064 dicendum
808 3014 867 3081 est,
883 3006 1018 3079 materia,
1042 3003 1116 3062 viam
1132 3002 1254 3063 docendi
1269 3019 1327 3061 non

335 3089 501 3167 praebeant.
534 3086 599 3146 Non
615 3091 688 3146 enim
704 3107 790 3149 cansa
806 3091 938 3148 universa
953 3090 981 3148 in
996 3089 1179 3165 quaestiones
1194 3103 1229 3146 ac
1243 3085 1328 3145 locos

335 3173 493 3232 diducenda
515 3180 574 3248 est,
597 3173 649 3232 sed
670 3173 724 3235 hae
744 3175 825 3251 ipsae
845 3183 942 3250 partes
961 3171 1067 3231 habent
1083 3189 1181 3229 rursus
1199 3169 1329 3230 ordinem

335 3275 424 3315 suum.
469 3256 540 3316 Nam
558 3265 585 3314 et
601 3257 629 3315 in
645 3259 793 3334 prooemio
810 3258 928 3335 primum
949 3264 994 3315 est
1008 3254 1113 3332 aliquid
1129 3263 1158 3314 et
1173 3253 1330 3314 secundum

335 3357 369 3398 ac
389 3340 544 3418 deinceps,
571 3349 599 3399 et
615 3343 746 3420 quaestio
768 3341 858 3399 omnis
880 3358 915 3399 ac
929 3339 1012 3400 locus
1029 3338 1116 3398 habet
1132 3357 1210 3398 suam
1231 3338 1329 3416 dispo

307 3425 468 3488 ositionem
487 3433 518 3481 ut
533 3424 631 3483 theses
650 3426 734 3484 etiam
750 3424 906 3502 simplices.
947 3423 1008 3483 Nisi
1025 3423 1101 3482 iurte
1120 3424 1190 3482 satis
1214 3423 1269 3480 erit
1289 3421 1329 3482 di·

336 3507 449 3569 videndi
469 3509 594 3583 peritus,
621 3511 668 3585 qui
695 3508 919 3567 controversiam
945 3509 972 3566 in
997 3507 1071 3566 haec
1097 3506 1254 3581 diduxerit,
1284 3504 1331 3564 An

336 3608 419 3649 omne
443 3593 597 3669 praemium
622 3592 754 3653 viroiorti
780 3591 899 3651 dandum
925 3593 978 3668 sit,
1005 3609 1040 3650 an
1063 3608 1100 3649 en
1123 3591 1267 3668 privato;x
1284 3588 1331 3648 An

335 3676 466 3756 nuptiae,
483 3694 518 3735 an
531 3676 608 3754 eius,
625 3694 698 3754 quae
709 3685 796 3755 nupta
806 3677 859 3753 sit,
876 3671 1013 3736 auhaeci
1032 3673 1152 3751 deinde,
1169 3691 1232 3734 cum
1243 3673 1332 3734 luerit
