3184 4409
341 485 382 547 20
655 499 690 546 n.
707 499 784 546 rso.
801 498 1021 558 memoremur

342 656 414 714 certi
430 653 576 713 adulterii:
599 649 731 713 Munera
746 654 827 714 dorni
838 655 961 713 incentu
976 663 1064 724 soah·
1078 658 1229 733 peccunia,
1249 658 1333 717 enias

299 746 447 801 53ooctor
461 757 520 798 non
534 744 634 805 cotom
656 739 804 813 codicilli,
831 738 955 798 dubium
975 741 1019 798 od
1041 755 1129 816 qoem
1148 743 1268 818 scripti.
1302 738 1331 799 In

340 823 415 881 ialso
432 839 546 900 quoque
566 823 638 878 ratio
655 821 770 895 similis,
789 829 837 880 aut
855 821 928 879 enim
945 821 1043 899 plures
1057 824 1087 880 in
1102 823 1215 901 culpam
1230 824 1348 883 vocar?

341 917 386 965 tur
401 916 447 964 aut
469 924 548 963 unus.
587 904 625 963 Et
646 907 770 982 scriptor
792 905 906 983 quidem
927 923 1043 983 semper
1063 907 1137 965 tueri
1158 910 1329 984 signatorem

340 1008 462 1048 necesse
479 989 580 1063 habet,
597 991 725 1065 signator
742 991 913 1066 scriptorem
932 1005 989 1047 non
1006 1008 1137 1068 semper,
1157 1009 1223 1050 nam
1241 1000 1269 1050 et
1287 991 1329 1050 de

341 1075 397 1152 cipi
413 1076 514 1151 potuit.
551 1072 578 1130 ls
598 1082 705 1146 autem,
730 1073 777 1150 qui
800 1073 853 1132 hos
877 1071 1041 1132 adhibuisse
1063 1083 1091 1132 et
1114 1076 1159 1133 cui
1180 1074 1209 1134 id
1230 1075 1329 1134 factum

339 1159 459 1231 dicitur,
485 1167 514 1215 et
538 1157 709 1233 scriptorem
731 1166 760 1214 et
781 1157 944 1232 signatores
964 1156 1110 1217 defendet.
1145 1156 1236 1217 Iidem
1252 1177 1328 1234 argu·

339 1252 496 1300 mentorum
520 1241 578 1299 loci
599 1241 627 1297 in
644 1242 738 1299 causis
760 1240 933 1318 proditionis
949 1248 978 1298 et
993 1241 1144 1301 affectatae
1166 1242 1327 1316 tyrannidis.

299 1341 333 1392 54
422 1326 530 1384 Verum
545 1324 594 1383 illa
612 1324 774 1383 scholarum
791 1325 969 1384 consuetudo
986 1327 1066 1383 ituris
1085 1329 1113 1384 in
1130 1326 1223 1385 iorum
1239 1333 1330 1403 potest

340 1426 464 1485 nocere,
483 1409 559 1485 quod
575 1410 684 1482 omnia,
702 1426 775 1484 quae
797 1410 826 1466 in
848 1408 973 1467 themate
994 1425 1051 1467 non
1073 1418 1153 1485 sunt,
1174 1426 1228 1486 pro
1252 1408 1329 1468 nohis

340 1494 477 1552 ducimus.
512 1491 690 1552 Adulterium
707 1491 823 1560 obiieis;
840 1493 909 1569 quis
923 1494 1028 1553 testis?
1043 1496 1111 1570 quis
1124 1494 1240 1553 index?
1256 1493 1330 1570 quod

337 1577 490 1655 pretium?
506 1579 574 1653 quis
589 1577 752 1636 conscius?
766 1576 928 1643 Venennm;
945 1577 998 1637 uhi
1014 1579 1093 1638 emi?
1108 1597 1128 1637 a
1144 1579 1225 1654 qno?
1241 1593 1330 1654 quan

340 1663 401 1722 do?
422 1662 551 1738 quanti?
564 1679 622 1738 per
637 1677 724 1737 quem
740 1661 837 1720 dedi?
854 1660 909 1719 Pro
925 1677 977 1719 reo
995 1661 1150 1734 tyrannidis
1166 1661 1330 1723 affectatam

297 1747 391 1811 aonii
405 1753 475 1805 sunt
489 1745 601 1805 ormo?
622 1762 697 1822 qnos
717 1747 858 1805 contraxi
870 1746 1036 1806 satellites?
1050 1743 1152 1822 Neque
1168 1745 1243 1805 haec
1259 1759 1345 1829 nego·

341 1847 408 1886 esse
427 1828 565 1903 dicenda,
589 1837 617 1886 et
632 1831 702 1905 ipsis
718 1829 852 1888 utendum
867 1844 920 1906 pro
938 1837 1020 1906 parte
1036 1838 1182 1906 suscepta.
1219 1827 1293 1887 Nam
1307 1834 1331 1884 et

340 1914 368 1970 in
391 1912 473 1986 for0,
497 1912 609 1990 quando
636 1913 817 1971 adversarius
845 1911 970 1990 probare
991 1929 1048 1970 non
1072 1913 1195 1990 poterit,
1223 1911 1331 1970 deside

339 1996 419 2055 rabo.
451 1996 509 2056 Sed
525 1999 554 2068 in
575 1997 639 2056 ioro
662 2005 765 2054 tantam
789 1996 866 2055 illam
889 1996 1057 2055 facilitatem
1074 1997 1142 2055 olim
1159 1995 1330 2055 desiderari·

339 2097 417 2156 mus,
441 2081 489 2140 ubi
509 2098 566 2140 non
588 2081 651 2142 fere
675 2099 761 2140 causa
784 2082 893 2156 agitur,
915 2088 1022 2138 utnon
1043 2080 1150 2157 aliquid
1172 2097 1210 2137 ex
1227 2079 1272 2137 his
1289 2085 1331 2136 aut

298 2161 423 2242 55plura
443 2175 592 2243 ponantur.
630 2165 702 2223 Huic
724 2164 817 2223 simile
840 2173 900 2239 est,
923 2164 999 2241 quod
1021 2165 1049 2221 in
1071 2164 1195 2242 epilogis
1212 2163 1330 2241 quidam,

340 2249 442 2326 quibus
470 2251 586 2323 uolunt,
613 2248 739 2324 liberos,
769 2256 921 2326 parentes,
947 2249 1072 2307 nutrices
1104 2246 1330 2310 accommodam

340 2335 394 2391 nisi
411 2333 487 2410 quod
508 2336 597 2410 magis
621 2334 805 2393 concesseris
822 2349 873 2406 ea,
896 2349 970 2408 quae
987 2347 1044 2389 non
1061 2333 1116 2390 sint
1133 2331 1243 2409 posita,
1260 2328 1330 2389 desi·

341 2417 444 2475 derare
461 2436 544 2495 quam
560 2416 695 2476 adiicere.

425 2501 469 2558 De
495 2504 587 2559 animo
611 2499 756 2577 quomodo
782 2508 951 2579 quaeratur,
977 2500 1046 2556 satis
1067 2497 1171 2556 dictum
1193 2506 1254 2570 est,
1274 2514 1332 2556 cum

339 2585 378 2643 ita
401 2584 595 2658 diviserimus,
615 2585 659 2642 An
676 2579 822 2650 voluerit?
844 2585 879 2641 an
895 2579 1041 2660 potuerit?
1065 2599 1099 2639 an
1120 2577 1243 2639 lecerit?
1266 2578 1333 2638 Nam

341 2685 395 2744 qua
417 2669 463 2726 via
486 2677 640 2742 tractatur,
662 2686 697 2726 an
719 2667 859 2725 voluerit:
883 2666 1000 2741 eadem,
1023 2681 1079 2743 quo
1102 2665 1194 2724 animo
1219 2664 1332 2727 fecerim

298 2754 331 2808 57
341 2751 368 2809 id
385 2753 457 2808 enim
475 2761 536 2827 est,
559 2751 604 2809 An
624 2753 698 2810 male
722 2751 820 2809 lacere
840 2751 974 2810 voluerit.
1009 2747 1086 2807 Ordo
1109 2767 1225 2826 quoque
1243 2764 1334 2806 rernm

341 2845 388 2893 aut
404 2836 487 2893 affert
505 2845 552 2894 aut
571 2834 693 2895 detrahit
709 2835 808 2901 lidem;
826 2832 914 2894 multo
931 2834 1044 2892 scilicet
1058 2835 1166 2908 magis,
1189 2850 1238 2890 res
1254 2838 1335 2909 prout

341 2929 501 2995 congruunt
522 2928 569 2978 aut
596 2929 765 2996 repugnant.
804 2919 863 2978 Sed
884 2920 958 2978 haec
978 2918 1032 2975 nisi
1053 2919 1081 2974 iu
1102 2919 1166 2994 ipso
1184 2915 1335 2993 complexu

341 3021 489 3063 causarum
512 3021 569 3062 non
593 3003 853 3080 deprehenduntur.
885 3000 1085 3075 Quaerendum
1101 3010 1195 3060 tamen
1211 3016 1334 3077 semper,

341 3089 408 3165 quid
426 3091 530 3166 cuique
549 3097 738 3148 connectatur
756 3086 868 3165 etquid
889 3087 1059 3179 consentiat.

725 3240 767 3289 DE
786 3237 957 3289 FlNlTlONE.

424 3339 473 3397 Ill.
497 3341 632 3416 Sequitur
648 3339 843 3397 coniecturam
865 3336 1001 3395 linitio.
1035 3334 1121 3408 Nam,
1141 3336 1261 3412 quinon
1277 3343 1336 3411 pot·

341 3432 386 3480 est
404 3423 502 3481 dicere
520 3424 589 3484 nihil
607 3423 731 3496 fecisse,
749 3423 908 3499 proximum
924 3419 1056 3493 habebit,
1073 3428 1103 3477 ut
1118 3419 1212 3492 dicat,
1223 3472 1226 3481 ,
1238 3435 1297 3477 uon
1312 3416 1338 3474 id

341 3508 465 3580 fecisse,
483 3507 559 3583 quod
575 3507 734 3565 obiiciatur.
769 3505 869 3582 ltaque
885 3504 1014 3581 pluribus
1031 3502 1144 3580 legibus
1160 3502 1263 3560 iisdem
1281 3501 1338 3579 qni·

341 3591 394 3650 bus
412 3592 578 3648 coniectura
598 3600 746 3664 versatur,
772 3589 949 3648 defensionis
966 3597 1072 3647 tantum
1088 3605 1199 3663 genero
1214 3595 1338 3644 mutato:

342 3684 372 3734 ut
389 3676 417 3732 in
432 3674 533 3749 lurtis,
551 3674 707 3751 depositis,
725 3674 882 3732 adulteriis.
907 3671 1003 3747 -Nam,
1019 3670 1256 3748 quemadmodum
1273 3669 1340 3728 diei·

332 3778 416 3847 mus,
435 3756 504 3823 Non
517 3759 582 3843 feci
595 3759 729 3840 lurtum,
742 3777 803 3819 non
812 3758 921 3834 accepi
933 3757 1118 3833 depositum,
1132 3774 1191 3816 non
1208 3756 1343 3815 commisi
