3184 4409
355 470 417 532 282
674 479 1033 542 monocentaurum

315 651 433 703 loturus
451 640 537 699 estin
554 655 652 711 causa,
666 638 780 709 malum,
795 637 874 716 quod
884 645 1006 695 tacetur.
1039 637 1136 710 Quare
1151 637 1244 696 bonus
1256 637 1343 697 alter·

356 734 437 784 tator
461 726 531 783 uitio
558 723 722 782 iracundiae
751 731 865 787 careat;
895 720 991 779 nullus
1021 725 1096 780 enim
1121 724 1224 780 rationi
1252 724 1344 798 magis

356 808 451 867 obstat
474 808 594 866 ab'ectus
614 815 644 864 et
665 806 723 864 lert
745 814 827 863 extra
841 823 957 864 causam
972 813 1002 862 et
1020 805 1189 883 plerumque
1205 805 1344 864 deformia

356 893 485 951 convicia
508 892 607 950 lacere
628 907 663 948 ac
682 890 787 947 mereri
808 892 887 963 cogit
903 897 933 946 et
947 890 976 946 in
990 890 1071 966 ipsos
1088 906 1288 965 nonnunquam
1302 892 1343 948 in·

355 976 436 1034 dices
458 977 565 1033 incitat.
599 971 704 1031 llelior
725 972 884 1031 moderatio
908 990 944 1031 ac
964 967 1163 1050 nonuunquam
1187 975 1273 1031 etiam
1295 991 1343 1051 pa-

354 1062 462 1119 tientia.
499 1057 603 1134 Neque
623 1059 697 1114 enim
717 1056 867 1115 refutanda
893 1065 1015 1130 tanturn,
1045 1075 1120 1134 quae
1140 1074 1179 1115 ex
1199 1058 1343 1115 contrario

354 1144 494 1214 dicuntur,
509 1142 562 1200 sed
577 1140 801 1212 contemnenda,
820 1139 977 1212 elevanda,
999 1140 1116 1199 ridenda
1131 1150 1210 1207 sunt3
1227 1159 1283 1200 nec
1297 1159 1343 1198 aa·

354 1245 438 1304 quam
460 1225 526 1303 plus
548 1224 607 1283 loci
627 1225 731 1301 recipit
752 1222 906 1282 urbanitas.
950 1222 1029 1298 Hoc,
1056 1224 1122 1283 dum
1146 1225 1220 1283 ordo
1243 1234 1291 1283 est
1314 1235 1344 1283 ct

353 1310 460 1388 pudor;
486 1317 585 1367 contra
609 1307 756 1366 turbantes
781 1308 941 1367 audendum
967 1316 997 1365 et
1018 1309 1210 1386 impudentiae
1229 1308 1346 1367 fortiter

311 1393 551 1458 nresistendum.
581 1393 652 1450 Sunt
665 1394 740 1449 cuim
759 1390 872 1468 quidam
887 1390 1020 1467 praeduri
1034 1394 1062 1449 in
1078 1392 1136 1450 boc
1150 1393 1229 1465 oris,
1244 1401 1278 1450 nt
1293 1391 1345 1450 ob

353 1485 483 1553 strepant
495 1477 604 1551 ingenti
629 1475 758 1533 clamore
778 1484 808 1533 et
826 1476 937 1533 medios
955 1492 1105 1534 sermones
1119 1477 1302 1552 intercipiant
1316 1485 1346 1534 ct

353 1563 446 1620 omnia
464 1558 582 1617 tumultu
607 1559 799 1632 confundant,
825 1576 899 1635 quos
920 1568 950 1617 ut
972 1576 1029 1617 non
1050 1561 1153 1618 imitari
1172 1561 1216 1617 sic
1237 1561 1347 1618 acriter

352 1643 524 1724 propulsare
541 1642 704 1719 oportebit,
732 1652 761 1701 et
778 1645 905 1719 ipsorum
925 1642 1133 1720 improbitatem
1153 1643 1346 1716 retundendo,

353 1738 384 1786 ct
405 1728 516 1785 indices
537 1726 586 1784 vel
605 1728 804 1804 praesidentes
819 1729 1001 1802 magistratus
1021 1727 1194 1804 appellando
1208 1727 1346 1805 frequen-

352 1814 421 1884 tius,
439 1819 471 1868 ut
486 1810 621 1887 loquendi
637 1813 718 1869 uices
733 1819 894 1868 serventur.
923 1809 989 1868 Non
1004 1819 1050 1869 est
1062 1829 1111 1869 res
1125 1813 1209 1868 animi
1222 1813 1345 1870 iacentis

353 1905 384 1954 ct
402 1892 498 1952 mollis
518 1912 604 1972 supra
625 1895 739 1954 modum
756 1895 876 1967 frontis,
899 1893 1032 1971 fallitque
1052 1895 1241 1972 plerumque,
1268 1893 1345 1973 quod

313 1978 483 2058 12probitas
504 1987 640 2051 vocatur,
663 1995 738 2055 quae
760 1987 807 2036 est
825 1977 1016 2037 imbecillitas.
1035 1977 1137 2037 balet
1150 1987 1246 2037 autem
1262 1981 1293 2037 in
1305 1977 1344 2037 al·

354 2065 513 2123 tentatione
528 2062 678 2139 plurimum
698 2080 836 2134 acumen,
858 2061 935 2138 quod
956 2063 1020 2120 sinc
1038 2061 1125 2121 dubio
1146 2080 1184 2120 ex
1204 2070 1270 2120 arte
1289 2078 1343 2120 aon

314 2149 446 2213 13venit;
467 2155 567 2204 natura
592 2148 666 2205 enim
687 2163 746 2204 non
759 2145 896 2217 docetur,
918 2154 981 2204 arte
1001 2154 1096 2204 tamea
1115 2147 1276 2205 adiuvatur.
1312 2145 1343 2205 11

353 2250 409 2309 qua
429 2232 616 2308 praecipuum
639 2238 701 2303 cst,
727 2248 844 2306 semper
865 2229 894 2288 id
919 2230 948 2287 in
962 2228 1055 2288 oculis
1070 2228 1195 2302 babere,
1222 2229 1259 2288 dc
1287 2245 1342 2306 quo

353 2317 501 2393 quaeritur
518 2322 548 2373 et
568 2314 645 2391 quod
659 2314 791 2372 volumus
810 2313 945 2375 efficere:
969 2314 1035 2389 quia
1050 2315 1230 2389 propositum
1245 2322 1342 2371 tenen

353 2408 399 2458 tes
414 2399 443 2456 in
456 2400 547 2456 rixam
568 2415 625 2455 non
646 2396 748 2456 ibimus
770 2415 826 2456 nec
848 2414 954 2456 causae
975 2396 1071 2454 debita
1093 2405 1224 2473 tempora
1247 2397 1342 2454 convi-

353 2482 455 2542 ciando
476 2489 659 2539 conteremus
675 2480 937 2558 gaudebimusquc,
953 2482 978 2537 si
992 2480 1049 2538 boc
1065 2476 1249 2540 adversarius
1265 2480 1342 2538 iacit

310 2576 347 2630 14
435 2563 517 2622 01111
542 2573 674 2641 tempore
702 2565 766 2624 iere
790 2573 890 2641 parata
916 2572 983 2621 sunt
1011 2564 1153 2622 meditatis
1179 2563 1343 2639 diligenter,

352 2665 427 2725 quac
450 2656 500 2706 aut
526 2665 564 2706 en
591 2647 714 2706 adverso
735 2649 791 2707 dici
811 2656 860 2706 aut
880 2647 1053 2724 responderi
1079 2646 1199 2706 anobis
1220 2649 1343 2723 possint.

351 2731 559 2808 Nonnunquam
580 2739 675 2788 tamen
698 2732 775 2790 solet
794 2731 852 2790 boc
872 2748 991 2808 quoque
1012 2749 1082 2789 csse
1095 2733 1165 2789 artis
1179 2749 1291 2806 genus,
1315 2738 1345 2788 ut

352 2814 492 2892 quaedam
511 2816 540 2872 in
561 2815 676 2873 actione
698 2814 875 2874 dissimulata
897 2815 992 2872 subito
1014 2816 1043 2872 in
1063 2814 1231 2873 altercando
1246 2813 1345 2891 proic-

350 2908 465 2964 natur:
481 2907 527 2956 est
538 2898 692 2975 inopinatis
702 2897 901 2975 eruptionibus
911 2908 960 2956 aut
970 2901 1163 2956 incursiones
1175 2897 1287 2956 insidiis
1302 2897 1343 2956 11-

352 2991 419 3042 ctae
432 2982 614 3040 simillimum.
651 2981 684 3041 ld
705 2992 801 3041 autem
817 2991 876 3040 tum
889 2981 1067 3056 iaciendum,
1088 3000 1152 3041 cum
1165 2990 1212 3039 est
1227 2979 1344 3058 aliquid,

352 3069 400 3128 cui
413 3066 584 3144 responderi
599 3082 657 3123 aon
672 3068 768 3125 statim
782 3068 892 3143 possin
915 3067 1041 3143 potuerit
1060 3075 1170 3137 autem,
1189 3066 1214 3121 si
1229 3073 1343 3142 tempus

352 3151 390 3211 ad
405 3149 614 3230 disponendum
628 3149 741 3208 fuisset
777 3149 866 3224 llam,
885 3149 962 3226 quod
978 3148 1104 3208 fideliter
1119 3149 1229 3207 firmum
1244 3157 1310 3221 cst,
1326 3165 1342 3206 a

350 3236 451 3312 mimis
476 3236 572 3293 statim
591 3233 751 3292 actionibus
771 3237 901 3310 arripere
916 3234 1053 3310 optimum
1068 3242 1129 3306 est,
1149 3248 1208 3309 quo
1229 3233 1345 3309 saepius

310 3316 517 3396 lsdiatiusque
540 3318 661 3377 dicatur.
697 3316 772 3377 Illud
788 3320 838 3376 vix
854 3317 957 3375 sallem
973 3316 1208 3394 praecipiendum
1220 3314 1345 3388 ridetur,

353 3418 391 3460 ne
406 3400 536 3460 turbidus
553 3411 583 3460 et
598 3402 744 3460 clamosus
758 3411 865 3460 tantm
879 3403 916 3459 sit
929 3401 1095 3474 altercator,
1117 3409 1148 3458 et
1164 3399 1268 3476 quales
1283 3398 1346 3457 iere

353 3493 430 3557 sunt,
445 3487 495 3561 qui
511 3485 622 3544 litteras
637 3488 777 3544 nesciunt.
806 3484 878 3543 llam
892 3483 1077 3562 improbitas,
1093 3485 1163 3543 licet
1178 3483 1345 3542 adversario

353 3567 477 3628 molesta
492 3569 540 3642 sit,
555 3569 641 3627 iudici
656 3571 747 3627 inrisa
761 3577 817 3626 est.
847 3567 943 3627 Nocet
959 3569 1044 3626 etiam
1058 3562 1105 3627 diu
1115 3583 1247 3645 pugnare
1258 3566 1287 3623 in
1298 3567 1345 3637 fia,

310 3661 348 3718 16
354 3669 429 3732 puae
445 3650 576 3710 obtinere
591 3669 648 3710 non
662 3655 770 3730 possis.
805 3651 892 3726 liam,
913 3651 962 3710 ubi
979 3654 1055 3710 vinci
1070 3669 1196 3713 ncesse
1213 3658 1274 3723 cst,
1293 3665 1344 3706 cx·

336 3735 430 3816 pedit
441 3735 569 3806 cedere:
585 3737 665 3816 quia,
678 3738 743 3798 circ
757 3735 844 3818 plura
858 3745 941 3813 sunt,
954 3735 992 3794 dc
1007 3735 1111 3813 quibas
1125 3736 1289 3813 quaeritur,
1302 3731 1345 3792 11·
