3184 4409
511 469 1015 538 1usu.oanuon.n11³.vm,s.6.
1221 466 1261 524 75

264 627 300 688 sit
320 627 397 686 vitiis
416 644 530 693 carere;
553 644 606 699 ne,
625 625 690 685 dum
709 626 841 686 volumus
864 643 931 686 esse
948 629 1087 691 meliores
1101 631 1259 707 veteribus,

247 768 250 771 n
265 714 351 771 simus
364 719 470 770 tantum
485 710 647 769 dissimiles.

347 794 475 855 Reddam
490 812 578 869 nunc,
596 811 680 871 quam
695 796 854 871 proxim
863 803 978 871 partem
993 795 1121 856 dixeram
1142 816 1208 857 esse
1224 799 1301 862 de35

265 880 402 955 tropis,
428 894 501 954 quos
522 884 619 938 motus
632 877 784 939 clarissimi
805 886 968 937 nostrorum
989 889 1123 938 auctores
1143 893 1257 942 vocant.

265 960 372 1030 Horum
393 961 508 1021 tradere
523 969 684 1040 praecepta
705 969 734 1020 et
753 963 930 1037 grammatici
951 963 1056 1022 solent.
1097 963 1155 1022 Sed
1170 983 1187 1024 a
1201 983 1258 1040 me,

266 1063 328 1106 cnm
342 1045 381 1106 de
402 1045 518 1106 illorrnn
538 1045 637 1103 officio
654 1044 807 1121 loquerer,
828 1045 914 1104 dilata
931 1063 998 1123 pars
1016 1046 1089 1106 haec
1110 1056 1171 1123 est,
1193 1052 1259 1125 quia

264 1129 300 1189 de
320 1137 426 1188 ornatu
449 1130 585 1188 orationis
602 1130 720 1205 gravior
739 1127 890 1189 videbatur
912 1129 994 1188 locus
1012 1140 1041 1189 et
1057 1131 1157 1190 maiori
1177 1135 1259 1209 operi

264 1213 465 1273 reservandus.

668 1365 710 1414 DE
729 1364 854 1419 TROPIS.

348 1459 397 1519 Vl.
428 1460 568 1538 Tropus
589 1470 634 1520 est
653 1460 735 1520 verbi
756 1461 805 1520 vel
826 1462 966 1521 sermonis
987 1462 1136 1539 apropria
1151 1463 1257 1540 signid-

262 1545 378 1606 oatione
393 1545 421 1603 in
437 1544 521 1603 aliam
537 1563 599 1604 cum
616 1546 720 1604 virtute
734 1547 860 1606 mutatio.
898 1543 982 1605 Circa
1000 1563 1084 1622 quem
1098 1546 1256 1624 inexplica-

260 1629 330 1689 bilis
356 1637 384 1687 et
404 1629 595 1704 grammaticis
623 1631 697 1688 inter
724 1630 806 1706 ipsos
830 1639 858 1689 et
879 1628 1062 1726 philosophis
1083 1647 1178 1707 pugna
1200 1639 1255 1705 est,

263 1730 340 1791 quae
361 1713 415 1770 sint
435 1730 558 1788 genera,
586 1729 659 1810 quae
682 1714 815 1790 species,
839 1714 886 1790 qui
905 1730 1059 1787 numerus,
1082 1715 1132 1790 qui
1153 1714 1256 1792 cuique

262 1796 440 1856 subiiciatur
483 1795 544 1854 Nos
563 1797 691 1870 omissis,
714 1814 795 1894 quae
807 1797 876 1855 nihil
897 1796 931 1856 ad
948 1796 1141 1855 instruendum
1160 1807 1254 1857 orato·
1266 1806 1283 1856 2

262 1898 325 1940 rem
337 1881 494 1957 pertinent,
512 1878 760 1953 cavillationibus,
782 1872 965 1939 decessarios
980 1881 1101 1939 maxima
1122 1890 1209 1958 atque
1229 1883 1257 1940 in

262 1982 344 2025 usum
359 1972 495 2040 receptos
512 1981 700 2041 exequemur;
722 1962 794 2022 haec
809 1963 919 2021 modo
911 1981 938 2021 m
955 1963 998 2022 his
1016 1972 1169 2022 annotasse
1189 1982 1256 2025 con·

261 2048 349 2122 tenti,
366 2046 504 2144 quosdam
519 2049 610 2123 gratia
626 2046 841 2146 significationis
855 2046 993 2146 quosdam
1008 2047 1122 2106 decoris
1139 2049 1255 2123 assumi,

263 2141 293 2190 et
312 2148 379 2189 esse
402 2130 503 2190 alios
495 2149 522 2188 rn
536 2129 633 2189 verbis
649 2132 774 2208 propriis
800 2130 902 2190 alios
893 2149 922 2189 rn
941 2131 1101 2205 translatis,
1124 2133 1256 2209 vertique
1349 2158 1352 2166 ·

261 2217 369 2274 formas
385 2230 442 2273 non
452 2209 605 2272 verborum
618 2213 703 2273 modo
719 2214 771 2274 sed
787 2223 815 2272 et
833 2232 967 2274 sensuum
983 2223 1012 2273 et
1028 2216 1254 2291 compositionis.

262 2298 360 2371 Quare
377 2297 443 2356 milri
461 2286 592 2357 videntur
608 2314 739 2373 errasse,
763 2299 885 2375 quinon
902 2287 974 2359 alios
996 2278 1178 2357 crediderunt
1196 2307 1253 2358 tro·
1265 2305 1283 2358 3

261 2399 333 2460 pos,
351 2398 438 2481 'quam
459 2382 486 2439 in
507 2381 609 2458 quihus
624 2380 744 2440 verbum
754 2399 816 2460 pro
833 2382 924 2442 verbo
943 2391 1109 2480 poneretur
1153 2380 1256 2459 Neque

260 2465 357 2525 illud
348 2481 467 2540 ignoro,
490 2467 519 2522 in
533 2464 634 2524 iisdem
648 2464 751 2541 iere,
751 2482 799 2542 qur
792 2465 992 2542 significandi
1006 2466 1098 2543 gratia
1121 2465 1256 2524 adhiben-

262 2559 324 2625 tur,
342 2567 409 2607 esse
424 2558 453 2607 et
465 2557 609 2616 ornatum;
628 2548 751 2607 sednon
767 2549 842 2609 idem
855 2550 968 2608 accidet
984 2558 1100 2624 contra,
1116 2559 1256 2628 eruntque

261 2633 377 2710 quidam
392 2641 497 2691 tantum
513 2631 548 2692 ad
563 2633 692 2710 speciem
706 2633 924 2692 accommodati.

344 2715 513 2792 incipiamus
536 2718 623 2792 igitur
644 2715 680 2776 ab
702 2733 754 2791 eo,
785 2718 833 2794 qui
854 2735 917 2776 cum
936 2716 1184 2795 frequentissimus
1210 2722 1282 2776 est4

259 2810 319 2858 tum
340 2799 427 2875 longe
445 2799 670 2876 pulchemimus,
696 2800 947 2859 translatione
968 2800 1050 2876 dico,
1082 2818 1156 2879 quae
1173 2820 1255 2878 μετα
1319 2816 1323 2823 ·

261 2905 341 2963 φορα
328 2877 467 2942 Graece
484 2892 614 2943 vocatur.
656 2881 736 2956 Quae
752 2885 866 2961 quidem
882 2902 945 2942 cum
959 2885 997 2943 ita
1014 2893 1058 2943 est
1074 2883 1187 2962 abipsa
1203 2899 1253 2941 no·

260 2967 306 3025 bis
329 2983 468 3026 concessa
484 2975 600 3042 natura,
622 2975 653 3025 ut
668 2967 774 3027 indocti
790 2984 906 3045 quoque
921 2985 1026 3026 acuon
1043 2969 1201 3027 sentientes
1218 2983 1254 3026 ea

260 3050 430 3127 frequenter
445 3059 573 3124 utantur:
593 3058 652 3108 tum
665 3049 703 3110 ita
719 3050 841 3110 iucunda
856 3061 942 3128 atque
956 3050 1061 3125 nitida,
1088 3058 1120 3108 ut
1140 3051 1169 3109 in
1188 3065 1253 3108 ora·

259 3135 339 3192 tione
355 3132 510 3212 quamlibet
527 3133 605 3194 clara
621 3135 741 3211 proprio
758 3141 853 3193 tamen
869 3135 974 3194 lumine
992 3134 1114 3192 eluceat.
1149 3131 1280 3209 Nequeo

260 3218 335 3275 euim
359 3217 487 3293 vulgaris
510 3234 578 3276 esse
597 3234 692 3294 neque
715 3217 828 3276 lrumilis
849 3236 904 3277 nec
925 3218 1050 3276 insuavis
1070 3225 1151 3275 recte
1168 3216 1254 3275 modo

260 3302 351 3360 ascita
368 3309 474 3379 potest.
519 3299 637 3378 Copiam
661 3317 776 3380 quoque
799 3301 939 3360 sermonis
958 3309 1046 3376 auget
1067 3299 1253 3376 permutando

259 3393 308 3444 aut
328 3384 495 3458 mutuando,
519 3403 593 3461 quae
612 3400 669 3442 non
691 3383 791 3477 dapem
818 3384 952 3463 quodque
977 3382 1172 3443 difficillimum
1198 3392 1253 3461 est,

259 3477 405 3547 praestat,
418 3485 454 3525 ne
465 3466 517 3526 ulli
530 3469 573 3527 rei
583 3484 687 3527 nomen
697 3467 803 3528 deesse
817 3468 958 3527 videatur.
985 3464 1168 3527 Transfertur
1181 3485 1253 3545 ergo

259 3568 363 3610 nomeu
375 3560 422 3610 aut
436 3549 556 3609 verbum
571 3569 608 3610 ex
621 3568 657 3611 co
674 3551 757 3626 loco,
776 3551 805 3609 in
820 3567 877 3628 quo
896 3551 1042 3629 proprium
1057 3559 1116 3626 est,
1134 3552 1163 3610 in
1178 3569 1254 3626 eum,

259 3638 288 3694 in
307 3652 363 3713 quo
379 3643 427 3692 aut
442 3636 589 3712 proprium
605 3634 687 3693 deast
702 3643 750 3694 aut
764 3634 931 3693 translatum
947 3635 1066 3713 proprio
1081 3636 1182 3694 melius
1198 3642 1252 3693 est.

259 3718 291 3779 ld
309 3719 444 3793 facimus,
463 3725 511 3776 aut
527 3718 591 3796 quia
610 3735 734 3778 necesse
747 3726 809 3795 est,
828 3726 876 3778 aut
891 3720 956 3797 quia
972 3719 1174 3797 significantius
1196 3725 1278 3792 est,6
1305 3774 1308 3779 .
