3184 4409
576 469 665 518 naar
679 441 1012 535 autuonsomo.
1248 459 1289 522 97

289 625 358 692 sibi.
383 621 478 693 causa
493 625 568 684 enim
583 642 647 684 cum
662 642 759 701 causa,
775 642 834 683 non
847 623 897 685 illa
911 621 1009 684 secum
1023 627 1086 704 ipsa
1099 628 1243 704 componit

292 704 381 786 Nec,
386 704 421 771 'tt
438 718 567 788 pugnent
586 710 661 768 inter
680 726 729 785 se,
756 712 804 786 qui
818 709 894 768 idem
910 708 1083 785 didicerunt,
1106 711 1215 770 idcirco
1230 646 1288 788 ald,

291 812 370 873 quae
384 795 498 872 utrique
512 793 616 855 tradita
631 800 686 867 cst,
701 809 759 851 non
775 793 842 860 erit;
862 792 970 869 alioqui
985 811 1040 852 nec
1054 812 1206 870 armorum,
1224 798 1290 872 quia

291 895 385 956 saepe
405 876 583 953 gladiatores
604 875 658 934 suh
673 877 777 936 eodem
794 878 932 952 magistro
952 877 1055 936 eruditi
1075 879 1149 936 inter
1164 896 1197 936 se
1213 897 1290 938 coru·

290 968 453 1042 ponuntur;
476 978 533 1020 uec
557 958 751 1038 gubernandi,
780 961 846 1038 quia
867 960 1016 1019 navalibus
1040 961 1160 1038 proeliis
1185 963 1290 1038 guber·
1279 967 1333 1020 -34

292 1055 379 1106 nator
399 1053 445 1104 est
465 1044 652 1121 gubernatori
673 1044 828 1111 adversus;
848 1061 904 1103 nec
926 1046 1127 1121 imperatoria,
1154 1047 1219 1122 quia
1240 1049 1290 1106 im

292 1137 414 1210 perator
439 1146 502 1187 cnm
525 1129 701 1206 imperatore
726 1126 881 1188 contendit.
920 1127 991 1187 ltem
1014 1145 1070 1187 uon
1092 1131 1196 1187 evertit
1218 1146 1291 1208 opus
1346 1141 1349 1154 ·

293 1213 459 1288 rhetorice,
482 1211 559 1290 quod
581 1212 679 1271 eflicit.
713 1210 817 1289 Neque
833 1213 907 1270 enim
921 1214 1045 1289 positum
1060 1229 1077 1271 a
1092 1230 1125 1270 se
1141 1230 1291 1288 argumen-

293 1306 353 1357 tum
369 1295 457 1355 solvit
472 1305 571 1355 orator
591 1296 645 1355 sed
664 1314 701 1355 ne
721 1296 868 1355 rhetorice
890 1296 1019 1372 quidem,
1043 1298 1109 1374 quia
1129 1297 1204 1373 apud
1227 1314 1290 1372 eos,

296 1383 343 1460 qui
358 1381 387 1440 iu
402 1379 604 1458 persuadendo
620 1380 704 1440 linem
725 1388 840 1458 putant,
863 1389 910 1438 aut
925 1381 950 1438 si
965 1381 1027 1458 quis
1050 1381 1095 1457 (ut
1110 1380 1183 1459 dixi)
1207 1399 1291 1440 casus

296 1465 370 1526 duos
384 1465 460 1523 inter
475 1481 508 1522 se
523 1463 616 1523 bonos
632 1466 711 1522 viros
730 1465 941 1541 composuerit,
963 1465 1130 1524 verisimilia
1151 1482 1291 1541 quaeren-

297 1557 357 1616 tur;
379 1564 438 1606 non
453 1557 564 1623 autem,
587 1549 611 1606 si
631 1548 697 1626 quid
716 1556 761 1606 est
776 1547 868 1607 altero
889 1546 1069 1622 credibilius,
1092 1549 1121 1608 id
1137 1550 1163 1607 ei
1179 1558 1291 1608 contra-

296 1634 368 1692 rium
384 1641 444 1706 est,
468 1632 546 1709 quod
567 1631 619 1690 luit
639 1631 787 1691 credibile.
820 1630 892 1691 Nam
911 1640 942 1691 ut
963 1631 1083 1692 candido
1102 1632 1248 1692 candidius
1264 1640 1334 1694 ct35

296 1715 375 1775 dulei
389 1715 501 1776 dulcius
516 1732 574 1774 non
589 1724 633 1776 est
647 1715 809 1789 adversum,
824 1717 863 1774 ita
876 1732 932 1774 nec
946 1706 1089 1793 probabili
1103 1716 1290 1795 probabilius.

296 1799 400 1877 Neque
415 1801 558 1878 praecipit
576 1817 699 1878 unquam
714 1817 771 1858 non
787 1799 907 1859 dicenda
923 1817 978 1858 nec
993 1801 1121 1860 dicendis
1137 1801 1291 1874 contraria,

297 1884 349 1944 sed
366 1901 440 1961 quae
458 1886 486 1942 in
505 1899 618 1962 quaque
635 1901 721 1943 causa
739 1883 861 1943 dicenda
881 1885 945 1942 sint.
985 1883 1049 1944 Non
1069 1902 1185 1962 semper
1201 1892 1334 1946 autemid

297 1969 339 2043 ei,
357 1969 469 2026 etiamsi
481 1968 728 2066 irequentissime,
744 1967 849 2026 ιιιειιιιε
863 1968 970 2026 veritas
986 1969 1055 2035 erit;
1072 1969 1125 2028 sed
1140 1968 1292 2047 aliquando

296 2053 388 2128 exigit
406 2054 561 2111 communis
577 2052 701 2126 utilitas,
724 2060 754 2109 ut
770 2053 856 2110 etiam
873 2049 946 2109 falsa
962 2051 1106 2110 defendat.

381 2135 527 2195 Ponuntur
542 2136 595 2196 hae
616 2153 732 2214 quoque
752 2136 780 2193 iu
803 2134 930 2193 secundo
953 2132 1103 2194 Ciceronis
1124 2135 1161 2194 de
1176 2133 1293 2194 οιειοιε

295 2219 371 2280 libro
385 2220 645 2280 contradictiones:
661 2226 759 2280 ortem
773 2236 879 2281 eurum
891 2235 995 2279 rerum
1010 2237 1086 2294 esse,
1102 2235 1182 2296 quoe
1192 2219 1293 2278 sotan-

294 2312 364 2372 tum
383 2305 518 2365 matoria
532 2323 647 2366 manem
661 2304 811 2365 actionem
823 2303 979 2380 opinione,
1000 2321 1060 2364 nott
1078 2303 1209 2363 scientio
1225 2321 1294 2363 con·

293 2388 408 2464 anea,
429 2389 503 2465 quia
517 2395 545 2449 et
558 2389 645 2467 opud
659 2405 711 2449 ecc
725 2388 827 2463 dieat,
842 2387 896 2465 qui
909 2387 1065 2462 nesciant,
1086 2393 1115 2447 et
1127 2387 1195 2464 ipse
1209 2387 1295 2446 dicet

294 2473 483 2550 aliquando,
505 2474 587 2549 quod
600 2472 728 2533 ιιεεείαι.
762 2469 808 2530 Ex
828 2471 871 2529 his
886 2471 1024 2547 alterum,
1045 2470 1151 2546 idest,
1174 2488 1209 2530 au
1222 2471 1336 2536 sciat37

293 2556 399 2631 iudex,
430 2556 466 2616 de
488 2573 544 2635 quo
568 2556 692 2632 dicatur,
722 2555 791 2614 nihil
813 2555 991 2615 adoratoris
1013 2564 1117 2622 artem;
1143 2553 1228 2614 alteri
1248 2572 1294 2612 rc·

294 2639 505 2718 spondendum.
540 2636 604 2701 Ars
618 2659 725 2701 eorum
739 2659 845 2701 rerum
860 2647 904 2701 εει
912 2683 921 2714 ,
945 2654 1024 2716 qrtee
1037 2640 1186 2701 eduntur.
1218 2637 1295 2697 Rhe-

296 2726 389 2783 torice
413 2742 460 2783 ars
478 2732 522 2783 est
542 2723 764 2801 benedicendi,
786 2723 862 2783 bene
880 2732 975 2783 autem
995 2723 1093 2783 dicere
1111 2724 1166 2782 scit
1186 2730 1293 2781 orator.

296 2805 359 2870 Sed
373 2809 489 2883 nescit,
512 2827 553 2868 ott
567 2827 673 2870 oerum
688 2810 743 2884 cit,
767 2809 851 2884 quod
865 2809 947 2869 dieta
978 2805 1023 2866 Ne
1044 2807 1072 2866 hi
1093 2808 1222 2886 quidem,
1247 2805 1338 2884 quita

297 2892 392 2968 iguem
411 2900 460 2950 aut
479 2909 581 2969 aquam
602 2900 650 2951 aut
668 2901 803 2969 quattuor
819 2891 962 2950 elementa
976 2901 1024 2950 aut
1045 2908 1169 2969 corpora
1183 2893 1294 2949 inseca-

297 2973 363 3037 bilia
385 2993 470 3050 esse,
491 2994 529 3034 ex
551 2976 653 3054 quibus
675 2994 723 3034 res
747 2992 847 3034 omnes
866 2977 975 3035 initium
997 2975 1147 3049 duxerint,
1170 2973 1293 3048 tradunt,

296 3077 350 3119 nec
366 3061 416 3138 qui
437 3059 590 3119 intervalla
611 3059 736 3118 siderum
752 3068 781 3117 ct
794 3077 943 3118 mensuras
962 3058 1032 3117 solis
1050 3077 1085 3118 ac
1100 3068 1195 3118 terrae
1211 3057 1295 3117 colli·

296 3152 380 3219 gunt;
404 3143 585 3222 disciplinam
607 3153 701 3203 tamen
723 3161 804 3202 suam
824 3152 915 3203 artem
933 3151 1047 3202 vocant.
1088 3141 1199 3215 Quodsi
1221 3141 1295 3200 ratio

297 3227 402 3302 elficit,
426 3236 457 3286 ut
481 3227 554 3287 haec
576 3245 633 3287 non
658 3229 769 3306 opinari
795 3227 849 3286 sed
870 3236 992 3306 propter
1011 3227 1068 3285 vim
1094 3225 1295 3303 probationum

296 3314 373 3372 scire
388 3311 554 3371 videantur:
578 3312 680 3372 eadem
698 3312 771 3371 ratio
792 3311 868 3371 idem
887 3319 1038 3388 praestare
1059 3311 1167 3369 oratori
1185 3316 1292 3388 potest.

296 3393 360 3456 Sed
380 3413 423 3456 un
445 3405 542 3457 causo
564 3414 647 3458 cero·
660 3398 714 3472 sit,
740 3397 847 3457 nescit.
887 3392 932 3452 Ne
952 3393 1079 3453 medicus
1100 3394 1231 3472 quidem,
1259 3407 1337 3462 an39

296 3479 429 3541 dolorem
446 3481 547 3558 capitis
563 3480 678 3555 habeat,
695 3480 742 3558 qui
757 3479 815 3538 hoc
829 3497 863 3538 sc
878 3480 937 3556 pati
953 3477 1043 3545 dicet;
1063 3477 1174 3537 curabit
1189 3487 1293 3550 tamen,

296 3571 431 3641 tanquam
455 3565 483 3622 id
508 3583 608 3623 verum
629 3566 682 3639 sit,
706 3572 735 3622 et
760 3565 815 3623 crit
835 3580 882 3622 ars
902 3561 1051 3621 medicina.
1095 3558 1189 3635 Quid?
1218 3559 1295 3638 quod

298 3647 446 3706 rhetorice
467 3665 523 3706 non
538 3650 636 3726 utique
659 3648 839 3725 propositum
858 3644 946 3705 habet
963 3663 1078 3726 semper
1096 3663 1166 3705 vera
1181 3641 1294 3706 dicendi

299 3731 351 3791 sed
376 3749 493 3809 semper
518 3732 703 3809 verisimilia,
732 3732 787 3791 scit
813 3739 907 3790 autem
934 3747 1003 3790 esse
1027 3729 1196 3791 verisimilia
1220 3742 1300 3805 uuae

340 3836 371 3877 u.
385 3840 407 3880 r.
422 3835 534 3883 curuum.
629 3854 631 3858 -
1132 3815 1154 3873 'l
