3184 4409
333 511 374 572 26
650 521 1009 583 u.uuo.oo1uu1u1uu1

333 681 430 756 gravis
446 695 499 756 pro
514 679 606 754 flexa,
627 686 658 737 ut
674 674 838 757 Geticoque,
861 689 890 738 et
908 681 954 739 hic
975 679 1065 757 prims
1085 687 1185 754 acuta,
1207 697 1273 739 nam
1288 680 1329 740 sic

333 764 426 823 media
440 772 578 830 mutatur;
597 771 644 822 sut
660 762 734 821 doxa
750 779 804 840 pro
822 754 914 839 gra'vi,
931 773 961 822 ut
976 764 1167 823 circumducta
1183 765 1327 842 sequenti,

336 865 419 925 quam
440 865 477 906 ex
499 846 608 906 duabus
630 846 750 922 syllabis
776 848 805 905 iu
828 865 910 906 uuam
936 854 1076 923 cogentes
1098 856 1127 906 et
1149 847 1256 908 deiude
1279 848 1327 908 do

294 940 447 995 udctentes
469 931 621 1009 dupliciter
641 938 774 1009 peccaut.
821 931 878 990 Sed
898 931 926 990 id
949 932 1065 1008 saepius
1086 932 1115 990 iu
1136 930 1256 993 Graecis
1278 949 1326 992 uo·

336 1014 456 1074 minibus
473 1016 591 1091 accidit,
609 1023 640 1073 ut
654 1011 782 1090 Atreus,
807 1032 890 1092 quem
906 1014 989 1075 nobis
1005 1014 1156 1074 idveuibus
1171 1014 1328 1075 doctissimi

337 1117 423 1158 senes
435 1107 517 1159 acuta
531 1101 619 1178 prima
634 1099 732 1158 dicere
745 1098 888 1173 solebant,
901 1107 931 1157 ut
942 1101 1109 1158 necessario
1125 1099 1254 1160 secunda
1265 1117 1327 1177 gra·

335 1186 380 1242 vis
397 1192 492 1259 esset,
510 1185 578 1243 item
592 1181 686 1243 Nerei
703 1180 859 1260 Tuscique.
886 1182 965 1241 Haeo
980 1182 1016 1241 de
1032 1182 1200 1242 accentibus
1214 1186 1325 1245 tradita.

295 1281 328 1333 25
421 1265 556 1327 Ceterum
579 1268 640 1326 scio
663 1268 733 1341 iam,
755 1268 893 1344 quosdam
914 1267 1042 1326 eruditos
1063 1267 1217 1327 nouuullos
1242 1269 1326 1328 etiem

336 1353 536 1430 grammaticos
557 1352 599 1409 sic
619 1351 728 1410 docere
749 1368 783 1409 ac
805 1351 900 1428 loqui,
923 1358 954 1408 ut
977 1360 1099 1430 propter
1118 1368 1222 1410 vocum
1242 1368 1326 1430 quae

336 1438 399 1497 dam
415 1435 576 1495 discrimina
594 1433 714 1493 verbum
731 1436 843 1494 iuterim
859 1443 944 1493 acuto
960 1451 1033 1493 sono
1050 1435 1161 1510 finiant,
1179 1443 1210 1494 ut
1225 1436 1256 1494 iu
1272 1434 1326 1495 illis

294 1519 424 1594 uoouuc
448 1521 564 1580 circum
587 1519 695 1592 litora,
730 1519 847 1579 circum
870 1520 1009 1596 piscosos
1033 1520 1192 1598 scopulos,
1225 1538 1278 1595 ue,
1304 1519 1327 1576 si

336 1621 455 1681 gravem
475 1604 623 1681 posuerint
644 1601 815 1676 secuudum,
836 1605 941 1662 circus
963 1603 1019 1662 dici
1038 1603 1169 1662 videatur
1187 1620 1247 1662 uon
1265 1604 1327 1665 cir-

337 1689 445 1751 cuitus.
491 1685 620 1764 Itemque
647 1703 710 1745 cum
734 1687 826 1763 quote
849 1687 1061 1763 interrogantes
1090 1688 1186 1764 grani,
1213 1703 1326 1766 comps·

336 1781 433 1830 rantes
455 1779 540 1830 scuto
564 1779 666 1829 tenore
694 1769 885 1837 concludunt;
912 1771 989 1847 quod
1013 1773 1159 1837 tamenin
1184 1769 1326 1831 adverbiis

337 1855 401 1914 iere
428 1855 499 1914 solis
525 1872 559 1913 ac
585 1853 799 1932 pronominibus
825 1853 985 1928 vindicant,
1015 1855 1044 1913 iu
1066 1856 1174 1913 ceteris
1199 1863 1327 1914 veterem

293 1939 433 2016 utlegem
458 1947 623 2016 sequuntur.
657 1937 724 1998 Mihi
747 1937 859 1996 videtur
883 1938 1080 1997 condicionem
1098 1947 1223 2015 mutare,
1254 1936 1327 2017 quod

337 2024 381 2083 his
400 2024 473 2083 locis
489 2023 579 2082 verba
598 2023 805 2098 coniungimus.¹
839 2020 991 2080 Nemeum
1012 2023 1077 2082 dico
1098 2024 1213 2084 circum
1227 2023 1326 2096 litore,

336 2117 469 2186 tanquam
487 2126 571 2166 uuum
594 2108 708 2167 enuntio
732 2106 908 2166 dissimulato
929 2105 1128 2181 distinetione,
1149 2108 1249 2184 iisque
1270 2115 1326 2166 tuu-

337 2210 420 2270 quam
433 2194 467 2251 in
485 2210 541 2252 una
561 2209 636 2253 voce
657 2208 711 2250 uua
732 2199 777 2249 est
796 2199 895 2264 acuta,
918 2189 995 2266 quod
1016 2191 1091 2250 idem
1109 2190 1213 2250 occidit
1229 2191 1259 2249 in
1277 2189 1326 2249 iilo

295 2275 451 2342 28Trou'oc
467 2278 519 2354 qui
533 2279 652 2354 primus
668 2277 708 2336 ub
727 2276 799 2337 otus.
831 2273 951 2348 Evenit,
971 2282 1001 2333 ut
1021 2275 1103 2333 metri
1125 2290 1242 2352 quoque
1263 2290 1326 2335 cou-

338 2362 413 2421 dicio
429 2369 517 2419 mutet
532 2369 696 2433 accentum,
716 2366 745 2416 ut
760 2356 899 2420 Pecude's
910 2359 1075 2436 pictaeque
1089 2360 1249 2427 uolucreo,·
1267 2372 1327 2416 uem

337 2444 474 2503 volucres
493 2443 586 2502 media
601 2451 684 2501 acuta
703 2442 813 2517 legam,
832 2444 913 2518 quia,
934 2443 988 2500 etsi
1006 2451 1104 2502 natura
1120 2442 1218 2501 brevis
1236 2451 1327 2501 tamen

337 2529 483 2605 positione
506 2525 593 2602 longa
619 2533 678 2599 est,
704 2543 740 2583 ne
766 2524 853 2584 iaciat
876 2524 1013 2601 iambum,
1041 2544 1125 2603 quem
1147 2542 1205 2584 uou
1225 2525 1329 2603 recipit

295 2620 440 2674 u9versus
462 2610 578 2669 herous.
613 2610 752 2686 Separate
772 2625 845 2667 vero
863 2609 936 2668 hoec
956 2625 972 2668 a
992 2619 1151 2688 praecepto
1170 2627 1228 2669 uon
1247 2626 1327 2668 rece·

338 2694 423 2768 dent,
447 2703 494 2752 aut
517 2695 541 2752 si
561 2692 740 2756 consuetudo
761 2694 878 2767 vicerit,
898 2702 981 2752 vetus
999 2694 1048 2753 lex
1068 2695 1209 2753 sermonis
1230 2692 1327 2753 abole·

337 2777 427 2844 bitur:
456 2779 535 2836 ouius
560 2777 704 2836 difficilior
730 2777 805 2854 apud
825 2776 952 2836 Graecos
978 2776 1143 2837 observatio
1173 2785 1233 2853 est,
1250 2777 1327 2854 quis

337 2862 421 2939 plura
438 2861 495 2920 illis
513 2861 649 2940 loquendi
663 2878 789 2937 genera,
806 2878 877 2938 quas
894 2857 1061 2932 διαλέκτους
1075 2870 1190 2936 vocant,
1207 2869 1237 2920 et
1253 2858 1328 2938 quod

339 2946 410 3004 alius
426 2947 559 3004 vitiosum
578 2947 689 3004 iuterim
708 2945 779 3004 alias
797 2953 907 3003 rectum
926 2952 984 3011 est;
1007 2945 1082 3023 apud
1096 2962 1149 3004 uos
1169 2961 1243 3003 vero
1264 2943 1327 3002 bre·

295 3031 453 3098 30vissima
474 3032 557 3088 ratio.
590 3028 719 3106 Namque
741 3030 769 3086 iu
792 3030 867 3086 omni
887 3045 963 3087 voce
985 3038 1068 3088 acuta
1089 3031 1161 3089 intra
1178 3044 1329 3086 numerum

338 3115 421 3171 trium
443 3113 617 3188 syllabarum
639 3115 816 3187 continetur,
839 3113 901 3170 sive
923 3111 978 3170 hae
1001 3114 1115 3172 sunt'iu
1132 3112 1224 3172 verbo
1247 3110 1329 3180 solae

338 3197 400 3254 sive
425 3197 557 3272 ultimae,
586 3206 616 3256 et
641 3198 670 3255 in
696 3196 739 3255 his
768 3204 816 3255 aut
842 3197 972 3272 proxima
996 3206 1143 3255 extremae
1166 3205 1213 3254 aut
1236 3193 1272 3253 ab
1295 3209 1328 3252 ea

338 3281 432 3338 tertia.
472 3280 568 3340 Trium
591 3297 696 3358 porro,
725 3280 760 3338 de
785 3278 888 3358 quibus
912 3279 1033 3356 loquor,
1055 3280 1148 3339 media
1172 3278 1261 3354 lo'uga
1282 3284 1330 3337 sut

339 3372 421 3421 acuta
437 3372 484 3422 aut
498 3365 573 3423 ilexa
590 3367 658 3430 erit;
679 3363 782 3422 eodem
798 3364 865 3422 loco
879 3362 977 3422 brevis
991 3365 1090 3441 utique
1108 3380 1226 3440 gravem
1241 3361 1329 3421 hobe-

338 3445 512 3523 husonum,
540 3449 666 3526 ideoque
687 3450 810 3525 positam
832 3456 897 3506 ante
919 3465 951 3505 se
976 3447 1004 3506 id
1027 3456 1071 3506 est
1095 3447 1130 3507 ab
1154 3447 1251 3507 ultima
1272 3454 1328 3504 ter·

294 3543 327 3596 31
337 3532 404 3590 tiam
419 3541 512 3590 eouet.
549 3531 601 3590 Est
619 3540 712 3590 autem
727 3533 754 3589 iu
773 3533 848 3589 omni
869 3547 945 3590 voce
963 3532 1063 3609 utique
1082 3541 1164 3591 acuta
1186 3528 1240 3589 sed
1260 3547 1329 3588 nuu-

338 3633 421 3693 quam
437 3615 502 3693 plus
516 3632 570 3674 una
585 3633 774 3691 necunquam
789 3614 884 3673 ultima
898 3615 1023 3691 ideoque
1034 3609 1062 3673 iu
1074 3613 1222 3690 disyllabis
1237 3616 1327 3690 prior.

337 3697 491 3758 Praeterea
508 3716 648 3775 nunquam
662 3701 690 3757 iu
707 3699 806 3757 eadem
822 3699 897 3757 dena
913 3707 942 3756 ct
960 3707 1059 3774 acuto,
1080 3701 1213 3776 quoniam
1228 3696 1329 3757 eadem

276 3824 288 3895 p
317 3781 410 3861 'desa
437 3793 467 3843 et
486 3792 584 3861 acute,
610 3785 707 3862 itaque
728 3791 829 3842 neutra
850 3782 965 3842 claudet
985 3798 1088 3842 rocem
1110 3781 1246 3842 Latinum.
1285 3779 1329 3841 Ea
