<?xml version="1.0" encoding="UTF-8"?>
<!DOCTYPE html PUBLIC "-//W3C//DTD XHTML 1.0 Transitional//EN"
    "http://www.w3.org/TR/xhtml1/DTD/xhtml1-transitional.dtd">
<html xmlns="http://www.w3.org/1999/xhtml" xml:lang="en" lang="en">
 <head>
  <title>
</title>
<meta http-equiv="Content-Type" content="text/html;charset=utf-8" />
  <meta name='ocr-system' content='tesseract 3.04.00' />
  <meta name='ocr-capabilities' content='ocr_page ocr_carea ocr_par ocr_line ocrx_word'/>
</head>
<body>
  <div class='ocr_page' id='page_1' title='image "./mfabiiquintilia02quingoog_0282.png"; bbox 0 0 3184 4409; ppageno 0'>
   <div class='ocr_carea' id='block_1_1' title="bbox 326 279 1007 338">
    <p class='ocr_par' dir='ltr' id='par_1_1' title="bbox 326 279 1007 338">
     <span class='ocr_line' id='line_1_1' title="bbox 326 279 1007 338; baseline -0.003 -11"><span class='ocrx_word' id='word_1_1' title='bbox 326 279 391 327; x_wconf 73' lang='lat' dir='ltr'><strong>aas</strong></span> <span class='ocrx_word' id='word_1_2' title='bbox 630 279 669 326; x_wconf 83' lang='grc' dir='ltr'><strong>ι.</strong></span> <span class='ocrx_word' id='word_1_3' title='bbox 688 279 768 327; x_wconf 80' lang='lat' dir='ltr'><strong>rna.</strong></span> <span class='ocrx_word' id='word_1_4' title='bbox 788 279 1007 338; x_wconf 67' lang='lat' dir='ltr'><strong>eumanum</strong></span> 
     </span>
    </p>
   </div>
   <div class='ocr_carea' id='block_1_2' title="bbox 280 433 1357 3584">
    <p class='ocr_par' dir='ltr' id='par_1_2' title="bbox 280 433 1357 3584">
     <span class='ocr_line' id='line_1_2' title="bbox 328 433 1357 516; baseline 0.009 -27"><span class='ocrx_word' id='word_1_5' title='bbox 328 433 380 505; x_wconf 88' lang='lat' dir='ltr'><strong>iis,</strong></span> <span class='ocrx_word' id='word_1_6' title='bbox 395 449 471 510; x_wconf 78' lang='lat' dir='ltr'><strong>quae</strong></span> <span class='ocrx_word' id='word_1_7' title='bbox 485 449 588 509; x_wconf 80' lang='lat' dir='ltr'><strong>passus</strong></span> <span class='ocrx_word' id='word_1_8' title='bbox 604 442 746 506; x_wconf 83' lang='lat' dir='ltr'><strong>estreus,</strong></span> <span class='ocrx_word' id='word_1_9' title='bbox 762 440 811 490; x_wconf 87' lang='lat' dir='ltr'><strong>aut</strong></span> <span class='ocrx_word' id='word_1_10' title='bbox 828 433 880 506; x_wconf 82' lang='lat' dir='ltr'><strong>irs,</strong></span> <span class='ocrx_word' id='word_1_11' title='bbox 895 449 969 508; x_wconf 78' lang='lat' dir='ltr'><strong>qm</strong></span> <span class='ocrx_word' id='word_1_12' title='bbox 989 434 1175 493; x_wconf 72' lang='lat' dir='ltr'><strong>mxime</strong></span> <span class='ocrx_word' id='word_1_13' title='bbox 1197 439 1314 515; x_wconf 87' lang='lat' dir='ltr'><strong>patitur,</strong></span> <span class='ocrx_word' id='word_1_14' title='bbox 1356 511 1357 516; x_wconf 8' lang='grc' dir='ltr'>γ</span> 
     </span>
     <span class='ocr_line' id='line_1_3' title="bbox 327 515 1357 597; baseline 0.007 -23"><span class='ocrx_word' id='word_1_15' title='bbox 327 523 376 574; x_wconf 83' lang='lat' dir='ltr'><strong>aut</strong></span> <span class='ocrx_word' id='word_1_16' title='bbox 395 517 446 588; x_wconf 79' lang='lat' dir='ltr'><strong>iis,</strong></span> <span class='ocrx_word' id='word_1_17' title='bbox 466 533 540 592; x_wconf 83' lang='lat' dir='ltr'><strong>quae</strong></span> <span class='ocrx_word' id='word_1_18' title='bbox 562 515 721 574; x_wconf 70' lang='lat' dir='ltr'><strong>mmnatum</strong></span> <span class='ocrx_word' id='word_1_19' title='bbox 737 523 863 579; x_wconf 67' lang='lat' dir='ltr'><strong>maneam</strong></span> <span class='ocrx_word' id='word_1_20' title='bbox 885 533 959 591; x_wconf 85' lang='lat' dir='ltr'><strong>quae</strong></span> <span class='ocrx_word' id='word_1_21' title='bbox 982 524 1012 572; x_wconf 85' lang='lat' dir='ltr'><strong>et</strong></span> <span class='ocrx_word' id='word_1_22' title='bbox 1037 517 1101 592; x_wconf 74' lang='lat' dir='ltr'><strong>ipsa</strong></span> <span class='ocrx_word' id='word_1_23' title='bbox 1122 517 1313 597; x_wconf 70' lang='lat' dir='ltr'><strong>duplicantur,</strong></span> <span class='ocrx_word' id='word_1_24' title='bbox 1349 524 1357 562; x_wconf 66' lang='lat' dir='ltr'><strong>i</strong></span> 
     </span>
     <span class='ocr_line' id='line_1_4' title="bbox 328 590 1357 675; baseline 0.007 -18"><span class='ocrx_word' id='word_1_25' title='bbox 328 616 391 657; x_wconf 85' lang='lat' dir='ltr'><strong>cnm</strong></span> <span class='ocrx_word' id='word_1_26' title='bbox 408 598 544 672; x_wconf 88' lang='lat' dir='ltr'><strong>dicimus,</strong></span> <span class='ocrx_word' id='word_1_27' title='bbox 560 618 597 658; x_wconf 82' lang='lat' dir='ltr'><strong>ex</strong></span> <span class='ocrx_word' id='word_1_28' title='bbox 614 617 670 675; x_wconf 90' lang='lat' dir='ltr'><strong>qua</strong></span> <span class='ocrx_word' id='word_1_29' title='bbox 684 599 852 656; x_wconf 72' lang='lat' dir='ltr'><strong>illisorum</strong></span> <span class='ocrx_word' id='word_1_30' title='bbox 870 606 900 656; x_wconf 89' lang='lat' dir='ltr'><strong>et</strong></span> <span class='ocrx_word' id='word_1_31' title='bbox 916 600 944 654; x_wconf 87' lang='lat' dir='ltr'><strong>in</strong></span> <span class='ocrx_word' id='word_1_32' title='bbox 965 616 1048 675; x_wconf 67' lang='lat' dir='ltr'><strong>mam</strong></span> <span class='ocrx_word' id='word_1_33' title='bbox 1067 601 1313 664; x_wconf 77' lang='lat' dir='ltr'><strong>recidendumsit.</strong></span> <span class='ocrx_word' id='word_1_34' title='bbox 1349 590 1357 646; x_wconf 71' lang='lat' dir='ltr'><strong>l</strong></span> 
     </span>
     <span class='ocr_line' id='line_1_5' title="bbox 284 681 1357 763; baseline 0.007 -25"><span class='ocrx_word' id='word_1_35' title='bbox 284 681 421 739; x_wconf 64' lang='lat' dir='ltr'><strong>titillert</strong></span> <span class='ocrx_word' id='word_1_36' title='bbox 435 683 463 739; x_wconf 93' lang='lat' dir='ltr'><strong>in</strong></span> <span class='ocrx_word' id='word_1_37' title='bbox 478 681 522 739; x_wconf 77' lang='lat' dir='ltr'><strong>luis</strong></span> <span class='ocrx_word' id='word_1_38' title='bbox 535 691 706 740; x_wconf 79' lang='lat' dir='ltr'><strong>momentum</strong></span> <span class='ocrx_word' id='word_1_39' title='bbox 726 690 757 740; x_wconf 88' lang='lat' dir='ltr'><strong>et</strong></span> <span class='ocrx_word' id='word_1_40' title='bbox 775 690 856 739; x_wconf 84' lang='lat' dir='ltr'><strong>aetas</strong></span> <span class='ocrx_word' id='word_1_41' title='bbox 870 690 901 738; x_wconf 85' lang='lat' dir='ltr'><strong>et</strong></span> <span class='ocrx_word' id='word_1_42' title='bbox 917 699 1005 738; x_wconf 83' lang='lat' dir='ltr'><strong>sexus</strong></span> <span class='ocrx_word' id='word_1_43' title='bbox 1023 691 1052 738; x_wconf 88' lang='lat' dir='ltr'><strong>et</strong></span> <span class='ocrx_word' id='word_1_44' title='bbox 1066 684 1204 758; x_wconf 82' lang='lat' dir='ltr'><strong>pignora;</strong></span> <span class='ocrx_word' id='word_1_45' title='bbox 1220 686 1314 763; x_wconf 84' lang='lat' dir='ltr'><strong>liberi,</strong></span> <span class='ocrx_word' id='word_1_46' title='bbox 1350 740 1357 759; x_wconf 20' lang='grc' dir='ltr'><strong>,ῃ</strong></span> 
     </span>
     <span class='ocr_line' id='line_1_6' title="bbox 327 763 1357 841; baseline 0.007 -18"><span class='ocrx_word' id='word_1_47' title='bbox 327 764 411 837; x_wconf 87' lang='lat' dir='ltr'><strong>dico,</strong></span> <span class='ocrx_word' id='word_1_48' title='bbox 433 773 461 822; x_wconf 87' lang='lat' dir='ltr'><strong>et</strong></span> <span class='ocrx_word' id='word_1_49' title='bbox 475 775 609 840; x_wconf 87' lang='lat' dir='ltr'><strong>parentes</strong></span> <span class='ocrx_word' id='word_1_50' title='bbox 630 775 660 823; x_wconf 87' lang='lat' dir='ltr'><strong>et</strong></span> <span class='ocrx_word' id='word_1_51' title='bbox 677 766 840 841; x_wconf 91' lang='lat' dir='ltr'><strong>propinqui.</strong></span> <span class='ocrx_word' id='word_1_52' title='bbox 883 763 964 836; x_wconf 78' lang='lat' dir='ltr'><strong>Quae</strong></span> <span class='ocrx_word' id='word_1_53' title='bbox 983 766 1075 823; x_wconf 86' lang='lat' dir='ltr'><strong>omnia</strong></span> <span class='ocrx_word' id='word_1_54' title='bbox 1094 770 1214 826; x_wconf 89' lang='lat' dir='ltr'><strong>tractari</strong></span> <span class='ocrx_word' id='word_1_55' title='bbox 1236 773 1313 830; x_wconf 83' lang='lat' dir='ltr'><strong>varie</strong></span> <span class='ocrx_word' id='word_1_56' title='bbox 1351 772 1357 791; x_wconf 93' lang='lat'>&#39;</span> 
     </span>
     <span class='ocr_line' id='line_1_7' title="bbox 326 846 1313 924; baseline 0.009 -20"><span class='ocrx_word' id='word_1_57' title='bbox 326 848 432 905; x_wconf 85' lang='lat' dir='ltr'><strong>solent.</strong></span> <span class='ocrx_word' id='word_1_58' title='bbox 459 846 664 924; x_wconf 75' lang='lat' dir='ltr'><strong>Nonnunquam</strong></span> <span class='ocrx_word' id='word_1_59' title='bbox 676 849 832 923; x_wconf 87' lang='lat' dir='ltr'><strong>etiamipse</strong></span> <span class='ocrx_word' id='word_1_60' title='bbox 846 856 983 923; x_wconf 83' lang='lat' dir='ltr'><strong>patronus</strong></span> <span class='ocrx_word' id='word_1_61' title='bbox 997 847 1049 905; x_wconf 81' lang='lat' dir='ltr'><strong>tas</strong></span> <span class='ocrx_word' id='word_1_62' title='bbox 1063 859 1160 924; x_wconf 89' lang='lat' dir='ltr'><strong>partes</strong></span> <span class='ocrx_word' id='word_1_63' title='bbox 1176 851 1272 912; x_wconf 81' lang='lat' dir='ltr'><strong>subit:</strong></span> <span class='ocrx_word' id='word_1_64' title='bbox 1288 863 1313 913; x_wconf 97' lang='lat' dir='ltr'><strong>nt</strong></span> 
     </span>
     <span class='ocr_line' id='line_1_8' title="bbox 328 927 1314 1007; baseline 0.01 -19"><span class='ocrx_word' id='word_1_65' title='bbox 328 927 431 988; x_wconf 83' lang='lat' dir='ltr'><strong>Cicero</strong></span> <span class='ocrx_word' id='word_1_66' title='bbox 446 947 499 1007; x_wconf 92' lang='lat' dir='ltr'><strong>pro</strong></span> <span class='ocrx_word' id='word_1_67' title='bbox 513 930 630 1006; x_wconf 86' lang='lat' dir='ltr'><strong>llilone,</strong></span> <span class='ocrx_word' id='word_1_68' title='bbox 644 929 670 990; x_wconf 91' lang='lat'><em>0</em></span> <span class='ocrx_word' id='word_1_69' title='bbox 682 949 729 990; x_wconf 79' lang='lat' dir='ltr'><strong>me</strong></span> <span class='ocrx_word' id='word_1_70' title='bbox 742 931 902 990; x_wconf 62' lang='lat' dir='ltr'><strong>mmm!</strong></span> <span class='ocrx_word' id='word_1_71' title='bbox 913 932 1143 1007; x_wconf 72' lang='lat' dir='ltr'><strong>eteiuselicear!</strong></span> <span class='ocrx_word' id='word_1_72' title='bbox 1155 933 1314 998; x_wconf 82' lang='lat' dir='ltr'><strong>Reoocurc</strong></span> 
     </span>
     <span class='ocr_line' id='line_1_9' title="bbox 325 1011 1357 1095; baseline 0.009 -22"><span class='ocrx_word' id='word_1_73' title='bbox 325 1031 373 1073; x_wconf 83' lang='lat' dir='ltr'><strong>me</strong></span> <span class='ocrx_word' id='word_1_74' title='bbox 391 1011 734 1091; x_wconf 81' lang='lat' dir='ltr'><strong>tainpotn&#39;om,llilo,</strong></span> <span class='ocrx_word' id='word_1_75' title='bbox 752 1015 876 1091; x_wconf 76' lang='lat' dir='ltr'><strong>potirirti</strong></span> <span class='ocrx_word' id='word_1_76' title='bbox 889 1031 948 1092; x_wconf 84' lang='lat' dir='ltr'><strong>per</strong></span> <span class='ocrx_word' id='word_1_77' title='bbox 963 1014 1103 1092; x_wconf 52' lang='lat' dir='ltr'><strong>hamran</strong></span> <span class='ocrx_word' id='word_1_78' title='bbox 1123 1018 1314 1095; x_wconf 81' lang='lat' dir='ltr'><strong>teinpatriu</strong></span> <span class='ocrx_word' id='word_1_79' title='bbox 1355 1068 1357 1088; x_wconf 90' lang='grc'>,</span> 
     </span>
     <span class='ocr_line' id='line_1_10' title="bbox 324 1095 1357 1174; baseline 0.006 -17"><span class='ocrx_word' id='word_1_80' title='bbox 324 1115 383 1173; x_wconf 82' lang='lat' dir='ltr'><strong>per·</strong></span> <span class='ocrx_word' id='word_1_81' title='bbox 404 1098 747 1158; x_wconf 58' lang='lat' dir='ltr'><strong>eosdemnumeros</strong></span> <span class='ocrx_word' id='word_1_82' title='bbox 764 1097 892 1174; x_wconf 73' lang='lat' dir='ltr'><strong>potero?</strong></span> <span class='ocrx_word' id='word_1_83' title='bbox 932 1095 1128 1174; x_wconf 70' lang='lat' dir='ltr'><strong>Maximeque,</strong></span> <span class='ocrx_word' id='word_1_84' title='bbox 1144 1099 1188 1172; x_wconf 79' lang='lat' dir='ltr'><strong>si,</strong></span> <span class='ocrx_word' id='word_1_85' title='bbox 1203 1110 1234 1158; x_wconf 93' lang='lat' dir='ltr'><strong>ut</strong></span> <span class='ocrx_word' id='word_1_86' title='bbox 1251 1111 1315 1163; x_wconf 89' lang='lat' dir='ltr'><strong>tunc</strong></span> <span class='ocrx_word' id='word_1_87' title='bbox 1356 1098 1357 1168; x_wconf 66' lang='grc' dir='ltr'>ἶ</span> 
     </span>
     <span class='ocr_line' id='line_1_11' title="bbox 286 1180 1315 1262; baseline 0.005 -23"><span class='ocrx_word' id='word_1_88' title='bbox 286 1189 319 1239; x_wconf 69' lang='lat'><strong>25</strong></span> <span class='ocrx_word' id='word_1_89' title='bbox 327 1180 447 1252; x_wconf 89' lang='lat' dir='ltr'><strong>accidit,</strong></span> <span class='ocrx_word' id='word_1_90' title='bbox 462 1197 518 1238; x_wconf 92' lang='lat' dir='ltr'><strong>non</strong></span> <span class='ocrx_word' id='word_1_91' title='bbox 538 1181 709 1238; x_wconf 78' lang='lat' dir='ltr'><strong>conveniunt</strong></span> <span class='ocrx_word' id='word_1_92' title='bbox 729 1182 756 1238; x_wconf 89' lang='lat' dir='ltr'><strong>ei</strong></span> <span class='ocrx_word' id='word_1_93' title='bbox 776 1182 824 1257; x_wconf 93' lang='lat' dir='ltr'><strong>qui</strong></span> <span class='ocrx_word' id='word_1_94' title='bbox 839 1189 990 1238; x_wconf 88' lang='lat' dir='ltr'><strong>accusatur</strong></span> <span class='ocrx_word' id='word_1_95' title='bbox 1005 1198 1119 1256; x_wconf 81' lang='lat' dir='ltr'><strong>preces.</strong></span> <span class='ocrx_word' id='word_1_96' title='bbox 1162 1180 1238 1242; x_wconf 87' lang='lat' dir='ltr'><strong>Nam</strong></span> <span class='ocrx_word' id='word_1_97' title='bbox 1253 1187 1315 1262; x_wconf 91' lang='lat' dir='ltr'><strong>quis</strong></span> 
     </span>
     <span class='ocr_line' id='line_1_12' title="bbox 327 1261 1315 1343; baseline 0.007 -23"><span class='ocrx_word' id='word_1_98' title='bbox 327 1262 416 1321; x_wconf 83' lang='lat' dir='ltr'><strong>lerret</strong></span> <span class='ocrx_word' id='word_1_99' title='bbox 435 1261 569 1321; x_wconf 81' lang='lat' dir='ltr'><strong>llilonem</strong></span> <span class='ocrx_word' id='word_1_100' title='bbox 584 1281 637 1339; x_wconf 92' lang='lat' dir='ltr'><strong>pro</strong></span> <span class='ocrx_word' id='word_1_101' title='bbox 653 1264 747 1340; x_wconf 88' lang='lat' dir='ltr'><strong>capite</strong></span> <span class='ocrx_word' id='word_1_102' title='bbox 762 1279 816 1320; x_wconf 88' lang='lat' dir='ltr'><strong>suo</strong></span> <span class='ocrx_word' id='word_1_103' title='bbox 831 1263 1056 1338; x_wconf 76' lang='lat' dir='ltr'><strong>supplicantem,</strong></span> <span class='ocrx_word' id='word_1_104' title='bbox 1073 1265 1122 1343; x_wconf 88' lang='lat' dir='ltr'><strong>qui</strong></span> <span class='ocrx_word' id='word_1_105' title='bbox 1141 1283 1209 1324; x_wconf 89' lang='lat' dir='ltr'><strong>ase</strong></span> <span class='ocrx_word' id='word_1_106' title='bbox 1224 1269 1315 1327; x_wconf 87' lang='lat' dir='ltr'><strong>virum</strong></span> 
     </span>
     <span class='ocr_line' id='line_1_13' title="bbox 327 1344 1315 1422; baseline 0.008 -20"><span class='ocrx_word' id='word_1_107' title='bbox 327 1344 452 1404; x_wconf 86' lang='lat' dir='ltr'><strong>nobilem</strong></span> <span class='ocrx_word' id='word_1_108' title='bbox 479 1346 674 1419; x_wconf 86' lang='lat' dir='ltr'><strong>interiectum,</strong></span> <span class='ocrx_word' id='word_1_109' title='bbox 701 1348 766 1422; x_wconf 91' lang='lat' dir='ltr'><strong>quia</strong></span> <span class='ocrx_word' id='word_1_110' title='bbox 790 1344 820 1405; x_wconf 91' lang='lat' dir='ltr'><strong>id</strong></span> <span class='ocrx_word' id='word_1_111' title='bbox 843 1345 906 1403; x_wconf 86' lang='lat' dir='ltr'><strong>lieri</strong></span> <span class='ocrx_word' id='word_1_112' title='bbox 930 1350 1122 1422; x_wconf 76' lang='lat' dir='ltr'><strong>oportuisset,</strong></span> <span class='ocrx_word' id='word_1_113' title='bbox 1151 1347 1315 1410; x_wconf 82' lang='lat' dir='ltr'><strong>fateretur?</strong></span> 
     </span>
     <span class='ocr_line' id='line_1_14' title="bbox 327 1426 1316 1506; baseline 0.007 -20"><span class='ocrx_word' id='word_1_114' title='bbox 327 1426 407 1503; x_wconf 79' lang='lat' dir='ltr'><strong>Ergo</strong></span> <span class='ocrx_word' id='word_1_115' title='bbox 429 1436 460 1486; x_wconf 89' lang='lat' dir='ltr'><strong>et</strong></span> <span class='ocrx_word' id='word_1_116' title='bbox 478 1428 519 1486; x_wconf 90' lang='lat' dir='ltr'><strong>illi</strong></span> <span class='ocrx_word' id='word_1_117' title='bbox 543 1431 667 1504; x_wconf 74' lang='lat' dir='ltr'><strong>captavit</strong></span> <span class='ocrx_word' id='word_1_118' title='bbox 686 1447 724 1486; x_wconf 81' lang='lat' dir='ltr'><strong>ex</strong></span> <span class='ocrx_word' id='word_1_119' title='bbox 743 1432 807 1505; x_wconf 90' lang='lat' dir='ltr'><strong>ipsa</strong></span> <span class='ocrx_word' id='word_1_120' title='bbox 835 1431 1009 1506; x_wconf 79' lang='lat' dir='ltr'><strong>praestantia</strong></span> <span class='ocrx_word' id='word_1_121' title='bbox 1032 1432 1114 1490; x_wconf 90' lang='lat' dir='ltr'><strong>animi</strong></span> <span class='ocrx_word' id='word_1_122' title='bbox 1132 1430 1266 1492; x_wconf 83' lang='lat' dir='ltr'><strong>favorem</strong></span> <span class='ocrx_word' id='word_1_123' title='bbox 1288 1443 1316 1493; x_wconf 92' lang='lat' dir='ltr'><strong>et</strong></span> 
     </span>
     <span class='ocr_line' id='line_1_15' title="bbox 326 1511 981 1589; baseline 0 -21"><span class='ocrx_word' id='word_1_124' title='bbox 326 1512 354 1568; x_wconf 91' lang='lat' dir='ltr'><strong>in</strong></span> <span class='ocrx_word' id='word_1_125' title='bbox 370 1511 465 1569; x_wconf 88' lang='lat' dir='ltr'><strong>locum</strong></span> <span class='ocrx_word' id='word_1_126' title='bbox 480 1511 656 1570; x_wconf 87' lang='lat' dir='ltr'><strong>lacrimarum</strong></span> <span class='ocrx_word' id='word_1_127' title='bbox 674 1514 735 1570; x_wconf 89' lang='lat' dir='ltr'><strong>eius</strong></span> <span class='ocrx_word' id='word_1_128' title='bbox 752 1514 816 1589; x_wconf 90' lang='lat' dir='ltr'><strong>ipse</strong></span> <span class='ocrx_word' id='word_1_129' title='bbox 831 1514 981 1570; x_wconf 90' lang='lat' dir='ltr'><strong>successit.</strong></span> 
     </span>
     <span class='ocr_line' id='line_1_16' title="bbox 409 1592 1344 1674; baseline 0.009 -23"><span class='ocrx_word' id='word_1_130' title='bbox 409 1592 460 1651; x_wconf 88' lang='lat' dir='ltr'><strong>llis</strong></span> <span class='ocrx_word' id='word_1_131' title='bbox 479 1596 634 1671; x_wconf 89' lang='lat' dir='ltr'><strong>praecipue</strong></span> <span class='ocrx_word' id='word_1_132' title='bbox 655 1595 728 1654; x_wconf 93' lang='lat' dir='ltr'><strong>locis</strong></span> <span class='ocrx_word' id='word_1_133' title='bbox 748 1595 834 1654; x_wconf 92' lang='lat' dir='ltr'><strong>utiles</strong></span> <span class='ocrx_word' id='word_1_134' title='bbox 854 1603 919 1652; x_wconf 92' lang='lat' dir='ltr'><strong>sunt</strong></span> <span class='ocrx_word' id='word_1_135' title='bbox 939 1598 1265 1674; x_wconf 87' lang='lat' dir='ltr'><strong>prosopopoeiae,</strong></span> <span class='ocrx_word' id='word_1_136' title='bbox 1288 1600 1315 1659; x_wconf 92' lang='lat' dir='ltr'><strong>id</strong></span> <span class='ocrx_word' id='word_1_137' title='bbox 1342 1628 1344 1635; x_wconf 96' lang='lat'><em>·</em></span> 
     </span>
     <span class='ocr_line' id='line_1_17' title="bbox 328 1675 1316 1756; baseline 0.008 -23"><span class='ocrx_word' id='word_1_138' title='bbox 328 1683 373 1733; x_wconf 84' lang='lat' dir='ltr'><strong>est</strong></span> <span class='ocrx_word' id='word_1_139' title='bbox 384 1675 468 1735; x_wconf 81' lang='lat' dir='ltr'><strong>lictae</strong></span> <span class='ocrx_word' id='word_1_140' title='bbox 483 1677 636 1736; x_wconf 87' lang='lat' dir='ltr'><strong>alienarum</strong></span> <span class='ocrx_word' id='word_1_141' title='bbox 650 1695 836 1756; x_wconf 88' lang='lat' dir='ltr'><strong>personarum</strong></span> <span class='ocrx_word' id='word_1_142' title='bbox 851 1679 1012 1753; x_wconf 88' lang='lat' dir='ltr'><strong>orationes,</strong></span> <span class='ocrx_word' id='word_1_143' title='bbox 1025 1679 1124 1754; x_wconf 90' lang='lat' dir='ltr'><strong>quales</strong></span> <span class='ocrx_word' id='word_1_144' title='bbox 1139 1679 1316 1755; x_wconf 82' lang='lat' dir='ltr'><strong>litigatorem</strong></span> 
     </span>
     <span class='ocr_line' id='line_1_18' title="bbox 328 1759 1314 1843; baseline 0.006 -25"><span class='ocrx_word' id='word_1_145' title='bbox 328 1759 440 1818; x_wconf 87' lang='lat' dir='ltr'><strong>decent.</strong></span> <span class='ocrx_word' id='word_1_146' title='bbox 475 1760 624 1819; x_wconf 88' lang='lat' dir='ltr'><strong>Patrooum</strong></span> <span class='ocrx_word' id='word_1_147' title='bbox 645 1761 736 1821; x_wconf 91' lang='lat' dir='ltr'><strong>nudae</strong></span> <span class='ocrx_word' id='word_1_148' title='bbox 755 1770 861 1821; x_wconf 89' lang='lat' dir='ltr'><strong>tanturn</strong></span> <span class='ocrx_word' id='word_1_149' title='bbox 881 1780 929 1820; x_wconf 89' lang='lat' dir='ltr'><strong>res</strong></span> <span class='ocrx_word' id='word_1_150' title='bbox 943 1770 1066 1819; x_wconf 88' lang='lat' dir='ltr'><strong>movent.</strong></span> <span class='ocrx_word' id='word_1_151' title='bbox 1100 1762 1138 1822; x_wconf 82' lang='lat' dir='ltr'><strong>At</strong></span> <span class='ocrx_word' id='word_1_152' title='bbox 1153 1781 1218 1822; x_wconf 92' lang='lat' dir='ltr'><strong>cum</strong></span> <span class='ocrx_word' id='word_1_153' title='bbox 1233 1766 1314 1843; x_wconf 89' lang='lat' dir='ltr'><strong>ipsos</strong></span> 
     </span>
     <span class='ocr_line' id='line_1_19' title="bbox 286 1843 1315 1922; baseline 0.008 -22"><span class='ocrx_word' id='word_1_154' title='bbox 286 1853 320 1908; x_wconf 79' lang='lat'><strong>26</strong></span> <span class='ocrx_word' id='word_1_155' title='bbox 329 1843 407 1919; x_wconf 92' lang='lat' dir='ltr'><strong>loqui</strong></span> <span class='ocrx_word' id='word_1_156' title='bbox 423 1843 567 1920; x_wconf 83' lang='lat' dir='ltr'><strong>tingimus,</strong></span> <span class='ocrx_word' id='word_1_157' title='bbox 590 1862 627 1903; x_wconf 87' lang='lat' dir='ltr'><strong>ex</strong></span> <span class='ocrx_word' id='word_1_158' title='bbox 648 1847 780 1922; x_wconf 90' lang='lat' dir='ltr'><strong>personis</strong></span> <span class='ocrx_word' id='word_1_159' title='bbox 802 1861 917 1920; x_wconf 89' lang='lat' dir='ltr'><strong>quoque</strong></span> <span class='ocrx_word' id='word_1_160' title='bbox 935 1844 1055 1904; x_wconf 88' lang='lat' dir='ltr'><strong>trahitur</strong></span> <span class='ocrx_word' id='word_1_161' title='bbox 1074 1845 1204 1905; x_wconf 83' lang='lat' dir='ltr'><strong>affectus.</strong></span> <span class='ocrx_word' id='word_1_162' title='bbox 1249 1849 1315 1908; x_wconf 90' lang='lat' dir='ltr'><strong>Non</strong></span> 
     </span>
     <span class='ocr_line' id='line_1_20' title="bbox 327 1927 1314 1990; baseline 0.005 -5"><span class='ocrx_word' id='word_1_163' title='bbox 327 1927 401 1985; x_wconf 89' lang='lat' dir='ltr'><strong>enim</strong></span> <span class='ocrx_word' id='word_1_164' title='bbox 418 1928 514 1985; x_wconf 88' lang='lat' dir='ltr'><strong>audire</strong></span> <span class='ocrx_word' id='word_1_165' title='bbox 533 1927 619 1987; x_wconf 83' lang='lat' dir='ltr'><strong>index</strong></span> <span class='ocrx_word' id='word_1_166' title='bbox 638 1929 750 1987; x_wconf 91' lang='lat' dir='ltr'><strong>videtur</strong></span> <span class='ocrx_word' id='word_1_167' title='bbox 767 1928 861 1987; x_wconf 89' lang='lat' dir='ltr'><strong>aliena</strong></span> <span class='ocrx_word' id='word_1_168' title='bbox 880 1927 955 1986; x_wconf 91' lang='lat' dir='ltr'><strong>mala</strong></span> <span class='ocrx_word' id='word_1_169' title='bbox 973 1927 1104 1987; x_wconf 86' lang='lat' dir='ltr'><strong>dedentis</strong></span> <span class='ocrx_word' id='word_1_170' title='bbox 1129 1931 1183 1989; x_wconf 80' lang='lat' dir='ltr'><strong>sed</strong></span> <span class='ocrx_word' id='word_1_171' title='bbox 1197 1950 1314 1990; x_wconf 91' lang='lat' dir='ltr'><strong>sensum</strong></span> 
     </span>
     <span class='ocr_line' id='line_1_21' title="bbox 327 2001 1313 2088; baseline 0.007 -21"><span class='ocrx_word' id='word_1_172' title='bbox 327 2025 361 2067; x_wconf 88' lang='lat' dir='ltr'><strong>ac</strong></span> <span class='ocrx_word' id='word_1_173' title='bbox 375 2027 477 2068; x_wconf 81' lang='lat' dir='ltr'><strong>rocem</strong></span> <span class='ocrx_word' id='word_1_174' title='bbox 492 2001 606 2070; x_wconf 80' lang='lat' dir='ltr'><strong>auribus</strong></span> <span class='ocrx_word' id='word_1_175' title='bbox 621 2013 755 2088; x_wconf 86' lang='lat' dir='ltr'><strong>accipere</strong></span> <span class='ocrx_word' id='word_1_176' title='bbox 770 2013 952 2085; x_wconf 89' lang='lat' dir='ltr'><strong>miserorum,</strong></span> <span class='ocrx_word' id='word_1_177' title='bbox 977 2028 1096 2088; x_wconf 92' lang='lat' dir='ltr'><strong>quorum</strong></span> <span class='ocrx_word' id='word_1_178' title='bbox 1117 2014 1203 2072; x_wconf 90' lang='lat' dir='ltr'><strong>etiam</strong></span> <span class='ocrx_word' id='word_1_179' title='bbox 1220 2025 1313 2074; x_wconf 91' lang='lat' dir='ltr'><strong>mutus</strong></span> 
     </span>
     <span class='ocr_line' id='line_1_22' title="bbox 326 2093 1314 2172; baseline 0.006 -21"><span class='ocrx_word' id='word_1_180' title='bbox 326 2102 461 2170; x_wconf 87' lang='lat' dir='ltr'><strong>aspectus</strong></span> <span class='ocrx_word' id='word_1_181' title='bbox 476 2093 606 2154; x_wconf 86' lang='lat' dir='ltr'><strong>lacrimas</strong></span> <span class='ocrx_word' id='word_1_182' title='bbox 621 2104 731 2161; x_wconf 89' lang='lat' dir='ltr'><strong>movet;</strong></span> <span class='ocrx_word' id='word_1_183' title='bbox 749 2103 911 2171; x_wconf 90' lang='lat' dir='ltr'><strong>quantoque</strong></span> <span class='ocrx_word' id='word_1_184' title='bbox 926 2103 1024 2162; x_wconf 84' lang='lat' dir='ltr'><strong>essent</strong></span> <span class='ocrx_word' id='word_1_185' title='bbox 1044 2095 1273 2172; x_wconf 89' lang='lat' dir='ltr'><strong>miserabiliora,</strong></span> <span class='ocrx_word' id='word_1_186' title='bbox 1289 2100 1314 2157; x_wconf 92' lang='lat' dir='ltr'><strong>si</strong></span> 
     </span>
     <span class='ocr_line' id='line_1_23' title="bbox 327 2175 1313 2255; baseline 0.005 -21"><span class='ocrx_word' id='word_1_187' title='bbox 327 2192 361 2234; x_wconf 88' lang='lat' dir='ltr'><strong>ca</strong></span> <span class='ocrx_word' id='word_1_188' title='bbox 377 2175 504 2234; x_wconf 86' lang='lat' dir='ltr'><strong>dicerent</strong></span> <span class='ocrx_word' id='word_1_189' title='bbox 518 2179 588 2253; x_wconf 92' lang='lat' dir='ltr'><strong>ipsi,</strong></span> <span class='ocrx_word' id='word_1_190' title='bbox 610 2184 688 2237; x_wconf 90' lang='lat' dir='ltr'><strong>tanto</strong></span> <span class='ocrx_word' id='word_1_191' title='bbox 709 2186 774 2235; x_wconf 92' lang='lat' dir='ltr'><strong>sunt</strong></span> <span class='ocrx_word' id='word_1_192' title='bbox 794 2177 914 2255; x_wconf 90' lang='lat' dir='ltr'><strong>quadam</strong></span> <span class='ocrx_word' id='word_1_193' title='bbox 928 2179 1060 2254; x_wconf 87' lang='lat' dir='ltr'><strong>portione</strong></span> <span class='ocrx_word' id='word_1_194' title='bbox 1075 2179 1110 2238; x_wconf 92' lang='lat' dir='ltr'><strong>ad</strong></span> <span class='ocrx_word' id='word_1_195' title='bbox 1132 2180 1313 2241; x_wconf 85' lang='lat' dir='ltr'><strong>alliciendum</strong></span> 
     </span>
     <span class='ocr_line' id='line_1_24' title="bbox 327 2260 1311 2337; baseline 0.008 -22"><span class='ocrx_word' id='word_1_196' title='bbox 327 2261 504 2337; x_wconf 87' lang='lat' dir='ltr'><strong>potentiora,</strong></span> <span class='ocrx_word' id='word_1_197' title='bbox 521 2277 583 2317; x_wconf 91' lang='lat' dir='ltr'><strong>cum</strong></span> <span class='ocrx_word' id='word_1_198' title='bbox 594 2260 672 2318; x_wconf 87' lang='lat' dir='ltr'><strong>velut</strong></span> <span class='ocrx_word' id='word_1_199' title='bbox 687 2262 814 2337; x_wconf 89' lang='lat' dir='ltr'><strong>ipsorum</strong></span> <span class='ocrx_word' id='word_1_200' title='bbox 825 2277 877 2318; x_wconf 89' lang='lat' dir='ltr'><strong>ore</strong></span> <span class='ocrx_word' id='word_1_201' title='bbox 892 2261 1037 2334; x_wconf 89' lang='lat' dir='ltr'><strong>dicuntur,</strong></span> <span class='ocrx_word' id='word_1_202' title='bbox 1049 2271 1080 2320; x_wconf 89' lang='lat' dir='ltr'><strong>nt</strong></span> <span class='ocrx_word' id='word_1_203' title='bbox 1094 2265 1219 2321; x_wconf 88' lang='lat' dir='ltr'><strong>scenicis</strong></span> <span class='ocrx_word' id='word_1_204' title='bbox 1233 2274 1311 2323; x_wconf 89' lang='lat' dir='ltr'><strong>acto·</strong></span> 
     </span>
     <span class='ocr_line' id='line_1_25' title="bbox 327 2339 1313 2422; baseline 0.006 -24"><span class='ocrx_word' id='word_1_205' title='bbox 327 2339 403 2399; x_wconf 89' lang='lat' dir='ltr'><strong>ribus</strong></span> <span class='ocrx_word' id='word_1_206' title='bbox 421 2342 520 2402; x_wconf 87' lang='lat' dir='ltr'><strong>eadem</strong></span> <span class='ocrx_word' id='word_1_207' title='bbox 540 2359 598 2400; x_wconf 83' lang='lat' dir='ltr'><strong>vox</strong></span> <span class='ocrx_word' id='word_1_208' title='bbox 619 2343 776 2420; x_wconf 90' lang='lat' dir='ltr'><strong>eademque</strong></span> <span class='ocrx_word' id='word_1_209' title='bbox 798 2345 988 2421; x_wconf 87' lang='lat' dir='ltr'><strong>pronuntiatio</strong></span> <span class='ocrx_word' id='word_1_210' title='bbox 1009 2343 1073 2422; x_wconf 91' lang='lat' dir='ltr'><strong>plus</strong></span> <span class='ocrx_word' id='word_1_211' title='bbox 1095 2345 1131 2404; x_wconf 90' lang='lat' dir='ltr'><strong>ad</strong></span> <span class='ocrx_word' id='word_1_212' title='bbox 1153 2347 1313 2406; x_wconf 80' lang='lat' dir='ltr'><strong>movendos</strong></span> 
     </span>
     <span class='ocr_line' id='line_1_26' title="bbox 284 2424 1314 2506; baseline 0 -19"><span class='ocrx_word' id='word_1_213' title='bbox 284 2425 443 2489; x_wconf 72' lang='lat' dir='ltr'><strong>atatlectus</strong></span> <span class='ocrx_word' id='word_1_214' title='bbox 459 2424 511 2482; x_wconf 92' lang='lat' dir='ltr'><strong>snb</strong></span> <span class='ocrx_word' id='word_1_215' title='bbox 528 2442 651 2502; x_wconf 90' lang='lat' dir='ltr'><strong>persona</strong></span> <span class='ocrx_word' id='word_1_216' title='bbox 671 2426 757 2484; x_wconf 90' lang='lat' dir='ltr'><strong>valet.</strong></span> <span class='ocrx_word' id='word_1_217' title='bbox 801 2425 901 2503; x_wconf 86' lang='lat' dir='ltr'><strong>ltaque</strong></span> <span class='ocrx_word' id='word_1_218' title='bbox 924 2426 999 2485; x_wconf 90' lang='lat' dir='ltr'><strong>idem</strong></span> <span class='ocrx_word' id='word_1_219' title='bbox 1017 2424 1135 2502; x_wconf 86' lang='lat' dir='ltr'><strong>Cicero,</strong></span> <span class='ocrx_word' id='word_1_220' title='bbox 1152 2446 1314 2506; x_wconf 74' lang='lat' dir='ltr'><strong>quanquam</strong></span> 
     </span>
     <span class='ocr_line' id='line_1_27' title="bbox 326 2507 1312 2588; baseline 0.007 -25"><span class='ocrx_word' id='word_1_221' title='bbox 326 2523 430 2585; x_wconf 87' lang='lat' dir='ltr'><strong>preces</strong></span> <span class='ocrx_word' id='word_1_222' title='bbox 442 2524 498 2566; x_wconf 92' lang='lat' dir='ltr'><strong>non</strong></span> <span class='ocrx_word' id='word_1_223' title='bbox 515 2507 561 2566; x_wconf 90' lang='lat' dir='ltr'><strong>dat</strong></span> <span class='ocrx_word' id='word_1_224' title='bbox 576 2507 688 2582; x_wconf 87' lang='lat' dir='ltr'><strong>Miloni,</strong></span> <span class='ocrx_word' id='word_1_225' title='bbox 706 2527 828 2587; x_wconf 89' lang='lat' dir='ltr'><strong>eumque</strong></span> <span class='ocrx_word' id='word_1_226' title='bbox 844 2511 938 2586; x_wconf 88' lang='lat' dir='ltr'><strong>potius</strong></span> <span class='ocrx_word' id='word_1_227' title='bbox 952 2511 1035 2569; x_wconf 89' lang='lat' dir='ltr'><strong>animi</strong></span> <span class='ocrx_word' id='word_1_228' title='bbox 1049 2515 1223 2588; x_wconf 89' lang='lat' dir='ltr'><strong>praestantia</strong></span> <span class='ocrx_word' id='word_1_229' title='bbox 1234 2510 1312 2570; x_wconf 89' lang='lat' dir='ltr'><strong>co&#39;m·</strong></span> 
     </span>
     <span class='ocr_line' id='line_1_28' title="bbox 325 2588 1314 2668; baseline 0.007 -21"><span class='ocrx_word' id='word_1_230' title='bbox 325 2588 453 2663; x_wconf 81' lang='lat' dir='ltr'><strong>mandat,</strong></span> <span class='ocrx_word' id='word_1_231' title='bbox 472 2592 697 2651; x_wconf 84' lang='lat' dir='ltr'><strong>accommodavit</strong></span> <span class='ocrx_word' id='word_1_232' title='bbox 713 2602 807 2650; x_wconf 89' lang='lat' dir='ltr'><strong>tamen</strong></span> <span class='ocrx_word' id='word_1_233' title='bbox 829 2594 855 2650; x_wconf 90' lang='lat' dir='ltr'><strong>ei</strong></span> <span class='ocrx_word' id='word_1_234' title='bbox 875 2592 982 2668; x_wconf 88' lang='lat' dir='ltr'><strong>verba,</strong></span> <span class='ocrx_word' id='word_1_235' title='bbox 1004 2595 1208 2653; x_wconf 86' lang='lat' dir='ltr'><strong>convenientes</strong></span> <span class='ocrx_word' id='word_1_236' title='bbox 1227 2598 1314 2654; x_wconf 90' lang='lat' dir='ltr'><strong>etiam</strong></span> 
     </span>
     <span class='ocr_line' id='line_1_29' title="bbox 325 2671 1314 2756; baseline 0.008 -25"><span class='ocrx_word' id='word_1_237' title='bbox 325 2671 391 2731; x_wconf 88' lang='lat' dir='ltr'><strong>lorti</strong></span> <span class='ocrx_word' id='word_1_238' title='bbox 418 2674 479 2732; x_wconf 87' lang='lat' dir='ltr'><strong>viro</strong></span> <span class='ocrx_word' id='word_1_239' title='bbox 507 2677 744 2751; x_wconf 89' lang='lat' dir='ltr'><strong>conquestiones:</strong></span> <span class='ocrx_word' id='word_1_240' title='bbox 773 2673 921 2752; x_wconf 76' lang='lat' dir='ltr'><strong>Fmrtra,</strong></span> <span class='ocrx_word' id='word_1_241' title='bbox 951 2675 1153 2752; x_wconf 70' lang='lat' dir='ltr'><strong>inquit,tmei</strong></span> <span class='ocrx_word' id='word_1_242' title='bbox 1177 2681 1314 2756; x_wconf 81' lang='lat' dir='ltr'><strong>suscepti</strong></span> 
     </span>
     <span class='ocr_line' id='line_1_30' title="bbox 324 2753 1314 2837; baseline 0.003 -20"><span class='ocrx_word' id='word_1_243' title='bbox 324 2756 453 2817; x_wconf 80' lang='lat' dir='ltr'><strong>labores.</strong></span> <span class='ocrx_word' id='word_1_244' title='bbox 498 2753 614 2835; x_wconf 79' lang='lat' dir='ltr'><strong>Oaper</strong></span> <span class='ocrx_word' id='word_1_245' title='bbox 628 2757 776 2835; x_wconf 77' lang='lat' dir='ltr'><strong>fallaces!</strong></span> <span class='ocrx_word' id='word_1_246' title='bbox 822 2756 1066 2837; x_wconf 80' lang='lat' dir='ltr'><strong>Ocoqitatiooes</strong></span> <span class='ocrx_word' id='word_1_247' title='bbox 1084 2761 1192 2822; x_wconf 81' lang='lat' dir='ltr'><strong>inanes</strong></span> <span class='ocrx_word' id='word_1_248' title='bbox 1206 2764 1314 2822; x_wconf 79' lang='lat' dir='ltr'><strong>mear!</strong></span> 
     </span>
     <span class='ocr_line' id='line_1_31' title="bbox 405 2837 1313 2919; baseline 0.008 -22"><span class='ocrx_word' id='word_1_249' title='bbox 405 2837 552 2917; x_wconf 90' lang='lat' dir='ltr'><strong>Nunquam</strong></span> <span class='ocrx_word' id='word_1_250' title='bbox 576 2849 668 2899; x_wconf 92' lang='lat' dir='ltr'><strong>tamen</strong></span> <span class='ocrx_word' id='word_1_251' title='bbox 683 2841 770 2900; x_wconf 87' lang='lat' dir='ltr'><strong>debet</strong></span> <span class='ocrx_word' id='word_1_252' title='bbox 791 2859 858 2901; x_wconf 87' lang='lat' dir='ltr'><strong>esse</strong></span> <span class='ocrx_word' id='word_1_253' title='bbox 884 2843 971 2918; x_wconf 79' lang='lat' dir='ltr'><strong>longa</strong></span> <span class='ocrx_word' id='word_1_254' title='bbox 990 2844 1151 2919; x_wconf 89' lang='lat' dir='ltr'><strong>miseratio,</strong></span> <span class='ocrx_word' id='word_1_255' title='bbox 1174 2862 1229 2903; x_wconf 88' lang='lat' dir='ltr'><strong>nec</strong></span> <span class='ocrx_word' id='word_1_256' title='bbox 1248 2847 1313 2904; x_wconf 82' lang='lat' dir='ltr'><strong>sine</strong></span> 
     </span>
     <span class='ocr_line' id='line_1_32' title="bbox 324 2923 1312 3003; baseline 0.008 -22"><span class='ocrx_word' id='word_1_257' title='bbox 324 2940 409 2981; x_wconf 88' lang='lat' dir='ltr'><strong>causa</strong></span> <span class='ocrx_word' id='word_1_258' title='bbox 424 2923 528 2983; x_wconf 89' lang='lat' dir='ltr'><strong>dictum</strong></span> <span class='ocrx_word' id='word_1_259' title='bbox 544 2932 603 2998; x_wconf 89' lang='lat' dir='ltr'><strong>est,</strong></span> <span class='ocrx_word' id='word_1_260' title='bbox 618 2925 692 2984; x_wconf 75' lang='lat' dir='ltr'><strong>nihil</strong></span> <span class='ocrx_word' id='word_1_261' title='bbox 710 2924 835 3003; x_wconf 76' lang='lat' dir='ltr'><strong>facilius</strong></span> <span class='ocrx_word' id='word_1_262' title='bbox 850 2941 939 3002; x_wconf 80' lang='lat' dir='ltr'><strong>quom</strong></span> <span class='ocrx_word' id='word_1_263' title='bbox 958 2926 1104 2987; x_wconf 83' lang='lat' dir='ltr'><strong>lacrimas</strong></span> <span class='ocrx_word' id='word_1_264' title='bbox 1121 2928 1312 2991; x_wconf 79' lang='lat' dir='ltr'><strong>increscere.</strong></span> 
     </span>
     <span class='ocr_line' id='line_1_33' title="bbox 282 3004 1311 3086; baseline 0.004 -20"><span class='ocrx_word' id='word_1_265' title='bbox 282 3004 393 3066; x_wconf 76' lang='lat' dir='ltr'><strong>28Nam</strong></span> <span class='ocrx_word' id='word_1_266' title='bbox 417 3025 478 3065; x_wconf 91' lang='lat' dir='ltr'><strong>cnm</strong></span> <span class='ocrx_word' id='word_1_267' title='bbox 502 3009 585 3066; x_wconf 91' lang='lat' dir='ltr'><strong>etiam</strong></span> <span class='ocrx_word' id='word_1_268' title='bbox 608 3024 695 3065; x_wconf 89' lang='lat' dir='ltr'><strong>veros</strong></span> <span class='ocrx_word' id='word_1_269' title='bbox 717 3008 834 3067; x_wconf 93' lang='lat' dir='ltr'><strong>dolores</strong></span> <span class='ocrx_word' id='word_1_270' title='bbox 853 3009 964 3085; x_wconf 85' lang='lat' dir='ltr'><strong>mitiget</strong></span> <span class='ocrx_word' id='word_1_271' title='bbox 991 3017 1119 3086; x_wconf 89' lang='lat' dir='ltr'><strong>tempus:</strong></span> <span class='ocrx_word' id='word_1_272' title='bbox 1143 3013 1226 3069; x_wconf 92' lang='lat' dir='ltr'><strong>citius</strong></span> <span class='ocrx_word' id='word_1_273' title='bbox 1243 3029 1311 3070; x_wconf 82' lang='lat' dir='ltr'><strong>eva·</strong></span> 
     </span>
     <span class='ocr_line' id='line_1_34' title="bbox 323 3090 1312 3170; baseline 0.007 -24"><span class='ocrx_word' id='word_1_274' title='bbox 323 3099 422 3148; x_wconf 85' lang='lat' dir='ltr'><strong>noscat</strong></span> <span class='ocrx_word' id='word_1_275' title='bbox 436 3107 558 3150; x_wconf 88' lang='lat' dir='ltr'><strong>necesse</strong></span> <span class='ocrx_word' id='word_1_276' title='bbox 581 3100 624 3150; x_wconf 88' lang='lat' dir='ltr'><strong>est</strong></span> <span class='ocrx_word' id='word_1_277' title='bbox 637 3090 700 3164; x_wconf 91' lang='lat' dir='ltr'><strong>illa,</strong></span> <span class='ocrx_word' id='word_1_278' title='bbox 722 3109 804 3167; x_wconf 91' lang='lat' dir='ltr'><strong>quam</strong></span> <span class='ocrx_word' id='word_1_279' title='bbox 819 3091 940 3151; x_wconf 89' lang='lat' dir='ltr'><strong>dicendo</strong></span> <span class='ocrx_word' id='word_1_280' title='bbox 956 3090 1131 3168; x_wconf 85' lang='lat' dir='ltr'><strong>eilinximus,</strong></span> <span class='ocrx_word' id='word_1_281' title='bbox 1146 3095 1255 3170; x_wconf 82' lang='lat' dir='ltr'><strong>imago;</strong></span> <span class='ocrx_word' id='word_1_282' title='bbox 1283 3096 1312 3152; x_wconf 93' lang='lat' dir='ltr'><strong>in</strong></span> 
     </span>
     <span class='ocr_line' id='line_1_35' title="bbox 324 3173 1312 3255; baseline 0.008 -27"><span class='ocrx_word' id='word_1_283' title='bbox 324 3187 379 3247; x_wconf 89' lang='lat' dir='ltr'><strong>qua</strong></span> <span class='ocrx_word' id='word_1_284' title='bbox 395 3173 418 3229; x_wconf 92' lang='lat' dir='ltr'><strong>si</strong></span> <span class='ocrx_word' id='word_1_285' title='bbox 440 3190 597 3234; x_wconf 86' lang='lat' dir='ltr'><strong>moramur:</strong></span> <span class='ocrx_word' id='word_1_286' title='bbox 621 3174 743 3232; x_wconf 90' lang='lat' dir='ltr'><strong>lacrimis</strong></span> <span class='ocrx_word' id='word_1_287' title='bbox 764 3174 899 3250; x_wconf 78' lang='lat' dir='ltr'><strong>fatigatur</strong></span> <span class='ocrx_word' id='word_1_288' title='bbox 918 3174 1029 3233; x_wconf 88' lang='lat' dir='ltr'><strong>auditor</strong></span> <span class='ocrx_word' id='word_1_289' title='bbox 1052 3184 1079 3234; x_wconf 89' lang='lat' dir='ltr'><strong>et</strong></span> <span class='ocrx_word' id='word_1_290' title='bbox 1098 3179 1256 3255; x_wconf 87' lang='lat' dir='ltr'><strong>requiescit</strong></span> <span class='ocrx_word' id='word_1_291' title='bbox 1282 3186 1312 3236; x_wconf 86' lang='lat' dir='ltr'><strong>et</strong></span> 
     </span>
     <span class='ocr_line' id='line_1_36' title="bbox 280 3251 1310 3338; baseline 0.002 -22"><span class='ocrx_word' id='word_1_292' title='bbox 280 3251 357 3316; x_wconf 75' lang='lat' dir='ltr'><strong>l9ab</strong></span> <span class='ocrx_word' id='word_1_293' title='bbox 376 3253 443 3328; x_wconf 90' lang='lat' dir='ltr'><strong>illo,</strong></span> <span class='ocrx_word' id='word_1_294' title='bbox 461 3273 544 3332; x_wconf 87' lang='lat' dir='ltr'><strong>quem</strong></span> <span class='ocrx_word' id='word_1_295' title='bbox 560 3265 692 3334; x_wconf 89' lang='lat' dir='ltr'><strong>ceperat,</strong></span> <span class='ocrx_word' id='word_1_296' title='bbox 714 3258 820 3333; x_wconf 88' lang='lat' dir='ltr'><strong>impetu</strong></span> <span class='ocrx_word' id='word_1_297' title='bbox 842 3257 877 3316; x_wconf 91' lang='lat' dir='ltr'><strong>ad</strong></span> <span class='ocrx_word' id='word_1_298' title='bbox 898 3259 1037 3316; x_wconf 89' lang='lat' dir='ltr'><strong>rationem</strong></span> <span class='ocrx_word' id='word_1_299' title='bbox 1052 3259 1134 3318; x_wconf 89' lang='lat' dir='ltr'><strong>redit.</strong></span> <span class='ocrx_word' id='word_1_300' title='bbox 1177 3258 1243 3320; x_wconf 93' lang='lat' dir='ltr'><strong>Non</strong></span> <span class='ocrx_word' id='word_1_301' title='bbox 1259 3277 1310 3338; x_wconf 92' lang='lat' dir='ltr'><strong>pa·</strong></span> 
     </span>
     <span class='ocr_line' id='line_1_37' title="bbox 323 3338 1309 3417; baseline 0.008 -23"><span class='ocrx_word' id='word_1_302' title='bbox 323 3338 422 3398; x_wconf 84' lang='lat' dir='ltr'><strong>tiamur</strong></span> <span class='ocrx_word' id='word_1_303' title='bbox 439 3338 523 3412; x_wconf 84' lang='lat' dir='ltr'><strong>igitur</strong></span> <span class='ocrx_word' id='word_1_304' title='bbox 539 3339 698 3415; x_wconf 82' lang='lat' dir='ltr'><strong>frigescere</strong></span> <span class='ocrx_word' id='word_1_305' title='bbox 713 3338 770 3396; x_wconf 92' lang='lat' dir='ltr'><strong>hoc</strong></span> <span class='ocrx_word' id='word_1_306' title='bbox 786 3355 875 3416; x_wconf 84' lang='lat' dir='ltr'><strong>opus,</strong></span> <span class='ocrx_word' id='word_1_307' title='bbox 896 3349 924 3398; x_wconf 89' lang='lat' dir='ltr'><strong>et</strong></span> <span class='ocrx_word' id='word_1_308' title='bbox 939 3340 1089 3417; x_wconf 86' lang='lat' dir='ltr'><strong>allectum,</strong></span> <span class='ocrx_word' id='word_1_309' title='bbox 1106 3361 1169 3402; x_wconf 91' lang='lat' dir='ltr'><strong>cum</strong></span> <span class='ocrx_word' id='word_1_310' title='bbox 1184 3345 1220 3402; x_wconf 91' lang='lat' dir='ltr'><strong>ad</strong></span> <span class='ocrx_word' id='word_1_311' title='bbox 1235 3361 1309 3402; x_wconf 87' lang='lat' dir='ltr'><strong>sum-</strong></span> 
     </span>
     <span class='ocr_line' id='line_1_38' title="bbox 322 3421 1310 3501; baseline 0.007 -25"><span class='ocrx_word' id='word_1_312' title='bbox 322 3437 395 3477; x_wconf 87' lang='lat' dir='ltr'><strong>mum</strong></span> <span class='ocrx_word' id='word_1_313' title='bbox 422 3421 654 3497; x_wconf 85' lang='lat' dir='ltr'><strong>perduxerimus,</strong></span> <span class='ocrx_word' id='word_1_314' title='bbox 679 3422 885 3498; x_wconf 88' lang='lat' dir='ltr'><strong>relinquamus,</strong></span> <span class='ocrx_word' id='word_1_315' title='bbox 913 3441 969 3482; x_wconf 92' lang='lat' dir='ltr'><strong>nec</strong></span> <span class='ocrx_word' id='word_1_316' title='bbox 996 3443 1144 3501; x_wconf 89' lang='lat' dir='ltr'><strong>speremus</strong></span> <span class='ocrx_word' id='word_1_317' title='bbox 1168 3427 1250 3501; x_wconf 86' lang='lat' dir='ltr'><strong>fore,</strong></span> <span class='ocrx_word' id='word_1_318' title='bbox 1279 3434 1310 3484; x_wconf 90' lang='lat' dir='ltr'><strong>ut</strong></span> 
     </span>
     <span class='ocr_line' id='line_1_39' title="bbox 321 3501 1309 3584; baseline 0.006 -22"><span class='ocrx_word' id='word_1_319' title='bbox 321 3501 414 3563; x_wconf 86' lang='lat' dir='ltr'><strong>aliena</strong></span> <span class='ocrx_word' id='word_1_320' title='bbox 430 3504 576 3581; x_wconf 90' lang='lat' dir='ltr'><strong>quisquam</strong></span> <span class='ocrx_word' id='word_1_321' title='bbox 599 3505 645 3564; x_wconf 90' lang='lat' dir='ltr'><strong>diu</strong></span> <span class='ocrx_word' id='word_1_322' title='bbox 661 3504 765 3582; x_wconf 86' lang='lat' dir='ltr'><strong>ploret.</strong></span> <span class='ocrx_word' id='word_1_323' title='bbox 810 3503 937 3584; x_wconf 88' lang='lat' dir='ltr'><strong>Ideoque</strong></span> <span class='ocrx_word' id='word_1_324' title='bbox 959 3525 1022 3566; x_wconf 91' lang='lat' dir='ltr'><strong>cum</strong></span> <span class='ocrx_word' id='word_1_325' title='bbox 1043 3509 1071 3567; x_wconf 92' lang='lat' dir='ltr'><strong>in</strong></span> <span class='ocrx_word' id='word_1_326' title='bbox 1094 3509 1157 3568; x_wconf 90' lang='lat' dir='ltr'><strong>aliis</strong></span> <span class='ocrx_word' id='word_1_327' title='bbox 1176 3518 1234 3569; x_wconf 91' lang='lat' dir='ltr'><strong>tum</strong></span> <span class='ocrx_word' id='word_1_328' title='bbox 1250 3526 1309 3568; x_wconf 88' lang='lat' dir='ltr'><strong>ma·</strong></span> 
     </span>
    </p>
   </div>
   <div class='ocr_carea' id='block_1_3' title="bbox 295 3933 1358 4062">
    <p class='ocr_par' dir='ltr' id='par_1_3' title="bbox 295 3933 1358 4062">
     <span class='ocr_line' id='line_1_40' title="bbox 295 3933 1358 4062; baseline 0 0"><span class='ocrx_word' id='word_1_329' title='bbox 295 3933 1358 4062; x_wconf 43' lang='grc' dir='ltr'><strong>μψ-...ᾈ</strong></span> 
     </span>
    </p>
   </div>
   <div class='ocr_carea' id='block_1_4' title="bbox 0 0 1596 4409">
    <p class='ocr_par' dir='ltr' id='par_1_4' title="bbox 0 0 1596 4409">
     <span class='ocr_line' id='line_1_41' title="bbox 0 0 1596 4409; baseline 0 0"><span class='ocrx_word' id='word_1_330' title='bbox 0 0 1596 4409; x_wconf 95' lang='lat' dir='ltr'><strong> </strong></span> 
     </span>
    </p>
   </div>
  </div>
 </body>
</html>
