3184 4409
576 390 1036 460 msu.0nsuon.nse.vm,t.
1264 381 1303 442 67

304 563 389 607 mum
404 563 503 607 meum
519 546 751 624 relinquendam
768 554 933 625 putarent.-
952 548 1067 608 Interim
1088 548 1238 628 proposito
1253 566 1302 608 ve·
1312 559 1344 613 ll

305 628 351 690 ιιιι
372 629 456 688 simili
480 631 614 709 exemplo
636 630 816 690 efficiendum
835 640 895 706 est,
919 641 948 690 ut
969 634 1006 691 sit
1020 634 1109 692 maius
1125 634 1171 708 id,
1195 633 1304 709 quoda

305 712 392 772 nohis
408 714 642 790 exaggerandum
660 722 720 773 est:
742 723 772 772 ut
792 714 867 773 idem
890 732 944 793 pro
961 713 1111 792 Cluentio,
1134 734 1196 774 curn
1212 733 1302 794 expo·

306 797 426 872 suisset,
444 795 584 857 Milesiam
606 797 746 875 quandam
768 815 784 858 a
808 799 943 858 secundis
960 799 1114 859 heredibus
1129 817 1183 878 pro
1200 801 1303 861 abortu

307 881 460 960 pecuniam
475 884 643 958 accepisse,
667 878 786 952 Otuuuto
798 891 859 954 est,
875 884 980 961 inquit,
1002 881 1189 961 Oppianicus
1204 887 1237 943 iu
1252 904 1303 946 eu·

307 965 377 1025 dem
392 966 510 1025 iuiuriu
525 969 640 1027 maiore
654 967 803 1044 supplicio
816 969 947 1045 diqnus?
976 966 1132 1044 Siquidem
1146 969 1217 1044 illu,
1235 987 1303 1029 cum

306 1066 364 1109 suo
387 1051 509 1127 corpori
528 1051 587 1110 uiue
606 1050 771 1125 attulisset,
792 1070 827 1111 se
848 1053 918 1128 ipso
939 1055 1108 1125 cruciucit,·
1133 1052 1183 1112 tte
1201 1061 1302 1112 cutem

305 1133 388 1194 idem
401 1133 478 1194 illud
492 1133 594 1211 effecit
604 1151 665 1211 per
679 1134 772 1194 alieni
783 1137 923 1212 corporis
936 1137 997 1195 eim
1013 1144 1104 1214 utque
1119 1136 1300 1196 cruciatum.

305 1214 371 1276 Nec
385 1224 467 1293 putet
483 1219 630 1295 quisquam
646 1216 719 1293 hoc,
744 1234 904 1296 quanquam
919 1228 964 1278 est
980 1220 1089 1296 simile,
1105 1219 1145 1278 illi
1162 1237 1198 1277 ex
1216 1236 1299 1295 argu·
1309 1229 1343 1283 la

306 1301 409 1359 mentis
425 1299 503 1376 loco,
523 1319 580 1378 quo
596 1303 703 1360 maiora
719 1319 756 1359 ex
771 1302 926 1361 minorihus
939 1303 1123 1380 colliguntur,
1134 1304 1208 1363 idem
1222 1320 1298 1361 esse.

305 1382 372 1444 Illic
397 1385 471 1443 enim
492 1385 626 1463 probatio
644 1386 750 1462 petitur
772 1384 820 1444 hic
834 1386 1031 1464 amplificatio;
1052 1389 1127 1445 sicut
1144 1388 1171 1445 in
1194 1384 1299 1465 Oppia·

304 1469 372 1527 nico
389 1484 445 1526 ιιοιι
467 1469 496 1528 id
511 1470 605 1546 agitur
618 1470 647 1527 in
661 1469 711 1528 illa
731 1472 962 1546 comparatione,
986 1479 1015 1529 ut
1034 1471 1084 1530 ille
1104 1469 1300 1530 malefecerit

306 1552 360 1611 sed
375 1560 406 1610 ut
419 1553 512 1629 peius.
530 1578 533 1584 ¹
547 1551 600 1611 Est
622 1561 715 1613 tamen
731 1570 890 1631 quanquam
906 1554 1083 1613 diversarum
1103 1572 1197 1613 rerum
1212 1571 1299 1630 quae·

305 1635 371 1696 dam
390 1636 504 1695 vicinia.
550 1635 691 1713 Repetam
712 1638 808 1714 itaque
830 1637 877 1696 hic
905 1655 1020 1716 quoque
1043 1640 1133 1714 idem,
1156 1654 1212 1715 quo
1236 1655 1298 1696 sum

305 1719 368 1778 illic
387 1737 472 1794 usus,
497 1720 659 1798 exemplum
681 1720 733 1779 sed
754 1737 812 1778 ιιοιι
833 1723 861 1779 in
886 1723 1006 1782 eundem
1023 1740 1113 1780 usum.
1158 1721 1230 1781 Nam
1244 1721 1341 1784 hoelis

305 1802 372 1861 mihi
394 1803 601 1863 ostendendum
624 1812 684 1876 est,
709 1805 833 1880 augendi
852 1807 943 1881 gratia
964 1822 1020 1863 non
1041 1815 1101 1866 tota
1125 1806 1210 1866 modo
1230 1807 1298 1865 totis

306 1886 465 1947 sedetiam
487 1896 585 1966 partes
612 1888 741 1966 partibus
767 1890 940 1966 comparari:
966 1891 1041 1948 sicut
1064 1889 1120 1949 hoc
1144 1889 1230 1964 loco,
1250 1887 1300 1949 Au

304 1973 378 2032 e'ero
392 1973 441 2032 uir
455 1973 658 2049 amplissimus
674 1969 708 2030 P.
723 1969 846 2048 Scipio,
866 1972 1004 2050 pontifex
1017 1975 1178 2049 maumas,
1199 1973 1298 2034 Grue-

306 2055 395 2116 cltum
410 2057 606 2117 mediocriter
627 2054 862 2132 lubefuctoutem
881 2063 993 2117 ctutum
1013 2058 1060 2116 rei
1074 2057 1218 2135 publicae
1229 2057 1298 2135 pri-

304 2147 394 2200 outu's
407 2140 575 2218 interfecit.-
595 2136 755 2198 Outiliuom
778 2140 881 2200 orbern
902 2146 1007 2200 terroe
1029 2142 1125 2201 coede
1144 2149 1235 2218 utque
1249 2142 1298 2200 iu-

305 2224 413 2284 cendio
433 2233 558 2284 castore
579 2224 747 2300 cupientem
768 2241 824 2283 uos
845 2225 983 2286 consules
1000 2225 1216 2301 perferemus?
1245 2223 1340 2288 Hictl

306 2314 335 2366 et
351 2303 472 2367 Catilina
489 2306 619 2367 Graccho
643 2314 672 2366 et
692 2314 783 2365 status
807 2308 849 2365 rei
871 2306 1006 2385 publicae
1030 2307 1093 2367 orbi
1114 2316 1253 2368 terrarum
1269 2317 1298 2368 et

304 2390 460 2450 mediocris
475 2390 660 2450 labefactatio
679 2389 761 2449 caedi
783 2399 812 2450 et
827 2391 965 2450 incendiis
984 2400 1013 2450 et
1027 2393 1180 2452 vastationi
1196 2401 1224 2452 et
1239 2394 1296 2470 pri·

304 2483 387 2533 vatus
414 2475 580 2534 consulibus
606 2482 803 2551 comparatum
832 2493 906 2553 quae
931 2475 955 2533 si
979 2476 1043 2553 quis
1064 2476 1184 2537 dilatare
1209 2477 1296 2536 velit:

304 2558 409 2637 plenos
427 2560 539 2636 singula
556 2559 639 2618 locos
658 2557 774 2618 habent.

388 2640 467 2715 Quas
490 2643 547 2702 dixi
575 2661 629 2722 per
653 2643 988 2703 ratiocinationem
1013 2643 1075 2702 lieri
1101 2642 1338 2721 amplificatio-15

304 2743 373 2801 nes,
394 2728 565 2801 viderimus,
590 2745 625 2785 an
640 2727 709 2785 satis
725 2728 844 2804 proprio
859 2726 950 2786 verbo
968 2727 1197 2804 significaverim.
1233 2725 1297 2786 Nec

306 2827 369 2868 sum
383 2812 411 2868 in
426 2810 483 2870 hoc
498 2811 657 2883 sollicitus,
679 2809 745 2869 dum
758 2828 806 2869 res
823 2811 886 2889 ipsa
900 2810 1063 2870 volentibus
1079 2811 1192 2871 discere
1208 2828 1295 2888 appa·

304 2895 377 2953 reat.
423 2893 486 2953 Hoc
502 2912 563 2953 sum
580 2903 673 2953 tamen
690 2903 823 2968 secutus,
848 2895 924 2971 quod
940 2894 1013 2954 haec
1028 2894 1210 2971 amplificatio
1228 2893 1295 2952 alihi

304 2978 400 3056 posita
415 2987 459 3037 est
475 2977 542 3038 alibi
558 2977 648 3054 valet,
665 2986 696 3037 ιιι
710 2977 786 3038 aliud
803 2988 917 3038 crescat
933 2978 1009 3039 aliud
1023 2987 1157 3053 angeium
1178 2975 1244 3035 inde
1260 2977 1295 3036 ad

304 3062 344 3137 id,
360 3063 436 3139 quod
453 3061 555 3120 extolli
568 3062 715 3137 volumus,
731 3062 843 3121 ratione
860 3062 980 3122 ducitur.
1015 3059 1186 3120 Obiecturus
1206 3059 1295 3119 Αιιιο-
1304 3069 1339 3125 16

303 3146 352 3205 nio
373 3143 477 3205 Cicero
498 3163 605 3205 merum
626 3154 655 3205 et
675 3147 829 3222 vomitum,
853 3144 907 3221 Tu,
928 3146 1033 3224 inquit,
1053 3146 1120 3205 istis
1140 3144 1292 3222 foedius,

303 3231 371 3291 istis
390 3230 552 3305 luteribus,
573 3231 634 3291 istu
654 3229 843 3308 qlodiutoria
865 3232 954 3292 totius
982 3229 1120 3306 corporis
1141 3227 1292 3306 firmitate.

306 3313 380 3387 Quid
397 3313 497 3373 lauces
515 3322 545 3373 et
566 3313 664 3388 latera,
678 3313 714 3373 ad
734 3311 923 3374 ebrietatem?
964 3310 1078 3370 Minime
1101 3319 1165 3371 sunt
1188 3313 1291 3373 otiosa.

304 3397 376 3459 Nam
391 3399 582 3476 respicientes
600 3398 635 3457 ad
651 3397 723 3457 haec
739 3414 892 3475 possumus
909 3397 1078 3470 aestimare,
1095 3404 1228 3474 quantum
1241 3394 1293 3456 ille

304 3482 362 3541 vini
377 3484 405 3541 in
419 3481 542 3562 Hippiae
558 3483 663 3560 nuptiis
676 3480 858 3556 exhauserit,
880 3479 957 3558 quod
972 3480 1049 3539 terre
1065 3488 1094 3540 et
1109 3496 1293 3557 concoquere

306 3584 363 3625 non
385 3575 487 3643 posset
504 3565 554 3624 illa
576 3565 707 3643 corporis
729 3565 900 3641 gladiatoria
914 3565 1053 3624 firmitate.
1089 3563 1186 3641 Ergo,
1208 3565 1232 3622 si
1255 3581 1293 3622 ex

306 3650 364 3710 alio
387 3650 534 3727 colligitur
555 3647 646 3725 aliud,
667 3665 722 3708 nec
743 3649 928 3728 improprium
944 3666 999 3708 uec
1015 3649 1175 3708 inusitatum
1189 3662 1293 3706 nomen

1088 3731 1137 3793 23*
