3184 4409
555 488 644 538 msn.
660 489 810 538 onanon.
828 491 896 539 nra.
914 492 954 538 111
960 523 969 558 ,
985 490 1028 542 11.
1229 481 1287 542 149

246 664 248 705 ;
299 649 386 727 sient,
409 646 544 717 oum'sint
557 644 657 724 plures
672 646 857 724 quaestiones
873 662 1030 724 omnesque
1045 662 1114 705 suos
1130 648 1286 707 status'ha-

246 754 248 823 ὦ
298 731 398 807 neunt,
429 724 534 791 calliae
558 738 653 789 tamen
673 738 765 788 status
787 747 859 788 unns
882 732 935 804 sit,
958 729 994 789 ad
1017 748 1101 807 quem
1122 731 1286 791 relemntur

246 832 249 899 q
297 815 404 874 omnia:
433 815 473 874 ita
492 813 628 873 iudicatio
645 814 770 872 maxime
788 814 925 891 propria,
945 812 981 872 de
1002 830 1057 890 qua
1077 817 1282 892 pronuntiatur.
1341 827 1346 836 ·

297 895 463 975 Συνέχον
483 904 577 957 autem
593 897 704 975 (quod,
726 905 758 955 nt
773 895 842 971 dixi,
865 898 1019 958 continens
1036 897 1094 972 alii,
1114 898 1309 974 firmamina-9

297 993 356 1045 tam
372 981 423 1042 alii
445 989 562 1060 putant,
584 977 688 1040 Cicero
702 980 907 1058 firmissimam
923 985 1211 1059 arqnmeatattonem
1232 985 1284 1043 de-

295 1066 426 1146 fensoris
451 1073 479 1125 et
496 1065 734 1143 potentissimam
754 1063 799 1124 od
819 1064 1046 1135 iudicationem)
1068 1064 1234 1142 quibusdam
1256 1068 1284 1126 id

296 1150 507 1224 videturesse,
530 1156 598 1226 post
612 1147 689 1225 quod
708 1146 777 1206 nihil
795 1149 956 1224 quaeritur,
977 1147 1144 1226 quibusdam
1164 1150 1192 1208 id
1208 1151 1285 1226 qnod

297 1234 330 1294 ad
350 1231 767 1293 iudicationem-firmissimum
787 1231 914 1290 affertur.
962 1230 1056 1290 Causa
1081 1232 1150 1290 iacti
1175 1249 1232 1290 non
1257 1234 1326 1294 into

297 1334 396 1376 omnes
411 1317 627 1376 controversias
646 1315 732 1374 eadit.
755 1312 840 1374 Nam*
856 1332 929 1393 quae
945 1314 1031 1374 fuerit
1047 1333 1133 1374 eausa
1148 1315 1283 1390 laoiendi,

297 1401 342 1461 ubi
360 1394 626 1475 ieotum'negatnrl
663 1397 702 1456 At
717 1396 765 1456 ubi
784 1416 871 1458 eausa
887 1407 1042 1474 tractetur,
1060 1409 1165 1476 negant
1181 1399 1285 1458 eodem

297 1484 362 1545 loeo
378 1501 448 1544 esse
462 1483 663 1542 iudicationem
678 1498 735 1558 quo
751 1483 959 1558 quaestionem.
987 1481 1076 1561 quue
1093 1492 1121 1542 et
1136 1485 1164 1541 in
1175 1483 1283 1542 Rheto-

297 1570 364 1628 riois
383 1567 489 1627 Cicero
508 1575 537 1624 et
552 1567 581 1624 in
595 1565 796 1626 Partitionibus
812 1565 890 1625 dicit.
926 1565 998 1625 Nam
1013 1567 1040 1624 in
1058 1568 1224 1626 eonieetura
1240 1576 1285 1626 est
1293 1577 1325 1630 ll

298 1654 428 1732 quaestio
445 1668 483 1710 ex
500 1649 570 1709 illo:
592 1648 735 1725 Factum,
756 1649 961 1728 eonsuetum,
977 1669 1019 1710 ou
1032 1651 1148 1730 foetum
1162 1653 1223 1712 sit?
1243 1649 1285 1710 lbi

298 1752 367 1813 ergo
383 1734 537 1808 indicatio,
558 1732 607 1792 ubi
628 1734 775 1810 quaestio,
798 1735 863 1810 quia
879 1734 907 1792 in
924 1734 1071 1793 eademne
1093 1736 1182 1812 prima
1197 1753 1285 1815 qnae-

297 1823 350 1880 stio
368 1828 398 1878 et
420 1827 549 1877 extrema
564 1817 747 1894 disceptatio.
782 1816 821 1876 At
835 1818 864 1876 in
880 1818 1033 1894 qualitate,
1057 1816 1197 1879 Matrem?
1208 1817 1285 1881 Ore-

296 1913 355 1966 stes
369 1903 505 1965 oceidit:
527 1909 629 1972 reete,·
649 1919 708 1962 aon
725 1908 830 1968 reete:
850 1919 892 1962 un
906 1909 991 1962 reete
1006 1903 1174 1963 occiderit?
1197 1920 1284 1980 quae-

296 1989 351 2048 stio
367 2005 425 2046 neo
438 1985 533 2044 statim
548 1984 693 2044 iudioatio.
724 1984 843 2058 Quando
860 1981 954 2061 ergo?
979 1982 1039 2046 itte
1054 1993 1175 2063 patrem
1188 2004 1286 2046 meum

295 2073 472 2139 occiderem
492 2069 549 2130 sed
562 2087 621 2129 oon
634 2069 704 2129 ideo
718 2077 748 2128 to
762 2075 890 2128 matrem
904 2068 1035 2128 debuisti
1051 2070 1214 2135 occidere,-
1235 2064 1284 2127 Aa

295 2154 458 2218 debuerit?
479 2151 526 2212 hie
548 2152 694 2211 iudicatio.
722 2150 942 2211 Firmamentum
963 2160 1057 2210 autem
1073 2150 1171 2209 verbis
1194 2152 1327 2228 ipsiuslt

294 2255 416 2317 ponam:
445 2239 473 2297 si
492 2236 563 2296 oelit
588 2233 710 2296 Orestes
730 2236 836 2295 dicere
857 2234 1004 2295 eiusmodi
1026 2237 1159 2295 enimam
1177 2236 1286 2293 metris

293 2342 370 2385 auae
385 2325 419 2383 ia
429 2329 548 2398 patrem
562 2338 663 2393 auum,
685 2319 717 2379 a'e
730 2337 764 2379 se
777 2320 877 2396 ipsum
892 2338 932 2379 ae
944 2336 1082 2394 sorores,
1101 2319 1133 2378 tn
1148 2336 1284 2395 requam,

293 2408 325 2467 ist
337 2405 456 2484 famem
468 2405 589 2482 qaaerit
603 2411 632 2464 et
644 2403 797 2481 familiae,
816 2410 849 2463 ut
861 2403 898 2463 ab
913 2421 950 2463 eu
961 2421 1079 2481 poenos
1092 2403 1181 2462 liber-i
1192 2403 1285 2480 potis·

293 2485 404 2552 dmum
415 2489 465 2549 eni
476 2496 580 2566 petere
591 2487 758 2548 debuerint.
777 2486 900 2546 Utuntur
910 2485 958 2546 alii
970 2495 998 2545 et
1010 2485 1113 2545 talibus
1126 2485 1266 2563 exemplis
1277 2507 1283 2543 :
1294 2493 1327 2546 13

296 2572 357 2648 out
372 2574 451 2635 dono
463 2579 596 2650 poterae
611 2572 844 2650 consumpserit,
867 2589 906 2631 ae
921 2574 1126 2639 contionatum·
1144 2571 1176 2630 io
1189 2586 1286 2648 opera

292 2658 420 2736 publiea
435 2655 637 2732 consumpsitr
658 2656 807 2732 quaestio:
827 2671 885 2731 aa,
902 2656 1039 2732 quisquis
1054 2655 1284 2732 consumpserit,

293 2741 501 2821 prohibendus
514 2740 574 2800 sit?
592 2737 741 2813 iudiootio,
764 2735 828 2815 Aa,
850 2741 902 2816 qui
915 2740 984 2800 sie?
1014 2738 1087 2813 Vel,
1109 2746 1140 2796 ut
1153 2739 1182 2796 in
1198 2754 1285 2797 eausa
1295 2744 1327 2797 14

296 2825 393 2885 militis
409 2823 543 2897 Arrunti,
567 2823 615 2900 qui
636 2820 749 2881 Lusium
764 2822 905 2882 tribunum
919 2823 975 2881 vim
989 2822 1044 2881 sibi
1059 2822 1229 2881 inferentem
1243 2823 1284 2880 in·
1342 2816 1344 2821 ’

295 2908 433 2982 terieoit,
450 2907 595 2987 quaestio:
616 2901 665 2965 Aa
679 2907 747 2966 iure
758 2906 887 2985 feeerit?
907 2908 995 2965 ratio:
1018 2906 1099 2983 quod
1115 2905 1144 2966 is
1158 2907 1219 2967 vim
1235 2906 1285 2981 af-

293 2993 416 3073 ferebat
421 3013 435 3059 ,·
455 2991 604 3051 iudicatio:
620 2985 668 3048 Aa
681 2990 902 3065 indemnatum,
921 3007 963 3050 on
979 2988 1145 3050 Tribunum
1158 3006 1180 3050 a
1193 2990 1285 3048 milite

295 3078 397 3136 oeoide'
413 3075 600 3153 oportuerit?
631 3071 759 3131 Alterius
776 3074 860 3130 etiam
875 3080 965 3131 status
981 3073 1194 3150 quaestionem,
1212 3073 1326 3132 alte-15

295 3161 355 3218 rius
371 3159 574 3218 iudicationem
587 3164 695 3234 putant.
722 3154 862 3228 Quaestio
878 3157 1037 3234 qualitatis:
1058 3153 1108 3216 Aa
1123 3154 1283 3218 recocto

296 3245 382 3304 dium
397 3239 468 3304 Milo
487 3240 655 3303 occiderit?
685 3236 825 3298 ludioatio
839 3240 1069 3315 oonieeturalis,
1089 3235 1139 3299 An
1160 3236 1285 3300 Clodius

295 3328 429 3388 indutos
442 3326 576 3403 feeerit?
598 3323 708 3383 Ponant
723 3332 752 3382 et
766 3322 855 3399 illud,
877 3341 967 3401 saepe
984 3340 1098 3382 oausam
1117 3325 1145 3381 in
1160 3322 1283 3402 aliquam
1294 3331 1325 3384 16

295 3429 357 3471 rem
374 3410 487 3483 dimitti,
510 3426 584 3487 quae
598 3424 655 3465 non
670 3409 706 3466 sit
720 3409 838 3485 propria
854 3407 1044 3485 quaestionis,
1066 3415 1096 3466 et
1111 3406 1147 3466 de
1163 3425 1198 3466 ea
1213 3407 1283 3466 iudi-

297 3496 367 3555 oari.
397 3494 423 3553 A
441 3491 674 3572 quibusmultum
690 3491 839 3551 dissentio.
869 3489 940 3550 Nam
955 3499 984 3549 et
999 3490 1049 3549 illa
1064 3491 1212 3567 quaestio:
1234 3488 1283 3551 Aa

295 3598 415 3655 omnes,
441 3579 493 3655 qni
517 3585 651 3655 paterno
675 3575 755 3637 tona
779 3575 1035 3652 consumpserint,
1067 3576 1201 3635 contione
1223 3576 1285 3635 sint

293 3662 495 3742 prohibendi?
521 3658 625 3719 habeat
646 3666 763 3738 oportet
783 3675 863 3718 suam
882 3658 1093 3718 iudicationem.
1125 3656 1205 3735 Ergo
1226 3673 1283 3714 non

296 3747 354 3808 alia
374 3745 506 3826 quaestio
530 3743 586 3803 aliu
606 3742 740 3802 iudieatio
761 3743 832 3817 erit,
854 3740 906 3800 sed
926 3741 1025 3819 plnres
1048 3742 1233 3819 quaestiones
1254 3745 1284 3797 et
