3184 4409
330 473 369 540 84
626 464 670 534 'rs
692 484 771 535 sss.
794 483 1014 546 oumnmmnr

411 642 542 703 Pluribus
558 650 651 702 autem
662 640 759 699 verbis
773 658 837 701 cnm
851 640 896 716 id,
913 639 991 718 qnod
1005 657 1062 699 uno
1077 649 1125 700 aut
1139 642 1324 721 paucioribus

326 736 410 788 certo
429 729 484 787 dici
505 735 618 805 potest,
641 725 818 803 explicatur,
839 725 1073 802 περίφρασιν
1099 735 1221 801 vocant,
1252 728 1324 786 cir·

329 814 464 873 cultum
480 811 619 888 quendam
641 808 866 885 eloquendi,
888 809 936 885 qui
950 825 1150 886 nonnunquam
1165 813 1325 870 necessita·

327 905 384 956 tem
401 895 503 968 habet,
520 896 652 971 quotiens
664 893 741 952 dictu
758 892 897 951 deformia
913 893 1024 970 operit:
1041 901 1072 951 ut
1086 893 1259 968 Sallustius,
1277 891 1326 955 Aa

285 980 477 1058 doreqaiaito
496 988 638 1039 naturae.
678 976 793 1035 Interim
820 986 948 1035 ornatum
972 976 1045 1054 petit
1068 976 1180 1053 solum,
1207 980 1256 1056 qui
1283 987 1327 1038 est

328 1063 402 1143 apud
417 1072 519 1141 poetas
537 1062 799 1140 frequentissimus.-

392 1145 521 1225 Tempns
541 1154 623 1220 erat,
648 1162 706 1224 qno
722 1146 827 1224 primo
844 1144 1127 1222 quiesmortola‘dur
1147 1147 1255 1224 acoris

388 1230 501 1308 Incipit
521 1240 549 1291 et
571 1232 649 1291 dono
671 1231 772 1290 dicum
789 1230 967 1306 protiosimo
987 1230 1091 1306 serpit.

285 1324 318 1381 61
327 1315 365 1375 Et
379 1315 453 1394 apud
469 1323 600 1373 oratores
618 1331 675 1373 non
690 1331 771 1373 rarus
793 1330 910 1390 semper
927 1321 1021 1371 tamen
1037 1313 1192 1371 astrictior.
1237 1312 1326 1386 Quid-

329 1400 396 1479 quid
409 1401 481 1458 enim
492 1400 646 1474 significari
661 1398 776 1458 brevius
788 1405 886 1474 potest
899 1405 1004 1455 etcum
1018 1405 1119 1455 ornatu
1130 1397 1216 1455 latius
1229 1407 1326 1456 osten·

329 1484 417 1557 ditur,
439 1484 611 1561 περίφρασις
627 1490 687 1558 est,
712 1483 757 1540 cui
773 1497 877 1539 nomen
890 1478 989 1539 Latine
1006 1480 1100 1540 datum
1116 1490 1233 1539 estnon
1256 1499 1325 1541 sane

329 1577 424 1644 aptum
448 1567 585 1625 orationis
608 1567 704 1625 virtuti
730 1564 1028 1624 circumlocutio.
1071 1563 1178 1623 Verum
1202 1564 1261 1624 lroc
1287 1575 1326 1640 ut,

240 1661 242 1665 '
330 1670 392 1710 cum
414 1651 551 1710 decorem
570 1648 673 1725 habet,
694 1648 887 1727 periphrasis:
910 1649 964 1721 ita,
982 1666 1045 1706 cum
1060 1650 1088 1706 in
1102 1649 1201 1707 vitium
1216 1649 1327 1727 incidit,

328 1734 529 1816 nepcoootoplu
541 1734 652 1793 dicitur.
697 1731 799 1792 Obstat
814 1734 903 1806 enim,
920 1732 1058 1809 quidquid
1072 1749 1130 1791 non
1144 1732 1271 1792 adiuvat.

286 1828 320 1882 62
411 1817 649 1894 Hyperhaton
679 1834 811 1895 quoque,
833 1816 861 1875 id
883 1824 928 1875 est
949 1815 1032 1874 verbi
1053 1817 1327 1893 transgressionem,

329 1901 461 1979 quoniam
477 1902 643 1980 frequenter
659 1902 732 1960 ratio
751 1901 973 1978 comparationis
992 1908 1021 1958 et
1036 1899 1126 1959 decor
1141 1902 1254 1980 poscit,
1272 1920 1328 1960 non

328 1986 467 2044 immerito
493 1987 566 2045 inter
590 1986 710 2044 virtutes
736 1983 883 2044 habemus.
925 1982 971 2043 Pit
995 1985 1069 2043 enim
1093 1985 1329 2062 frequentissime

329 2087 433 2147 aspera
455 2079 483 2129 et
499 2069 568 2130 dura
591 2078 619 2128 et
637 2069 776 2129 dissoluta
793 2077 823 2129 et
842 2068 924 2127 hians
939 2069 1049 2143 oratio,
1072 2070 1097 2127 si
1112 2068 1148 2127 ad
1165 2071 1327 2129 necessita·

329 2163 385 2211 tem
401 2153 508 2213 ordinis
524 2156 568 2213 sui
585 2153 675 2213 verba
691 2154 873 2228 redigantur,
896 2161 940 2227 et,
961 2161 991 2211 ut
1008 2152 1141 2230 quodque
1157 2154 1268 2228 oritur,
1291 2155 1328 2213 ita

288 2238 483 2314 eaproximis,
510 2239 620 2297 etiamsi
642 2239 743 2296 vinciri
763 2254 821 2295 non
836 2245 951 2314 potest,
973 2236 1117 2312 alligetur.
1159 2234 1326 2297 Differenda

329 2324 415 2398 igitur
434 2322 573 2399 quaedam
597 2332 625 2380 et
640 2320 865 2398 praesumenda,
889 2330 975 2398 atque
990 2329 1021 2379 ut
1039 2322 1067 2379 in
1089 2322 1240 2379 structuris
1258 2321 1328 2400 lapi·

330 2405 395 2464 dum
417 2407 608 2483 impolitorum
634 2406 718 2480 loco,
741 2422 797 2483 quo
819 2407 971 2480 convenit,
994 2404 1130 2482 quodque
1153 2405 1327 2481 ponendum.

330 2487 394 2546 Non
409 2491 482 2548 enim
494 2491 626 2549 recidere
643 2508 677 2550 ea
691 2508 746 2548 nec
757 2489 851 2566 polire
867 2506 1037 2567 possumus,
1054 2505 1111 2565 quo
1124 2498 1328 2564 coagmentata

330 2590 363 2629 se
379 2574 469 2649 magis
486 2576 617 2650 iungant,
635 2574 686 2632 sed
701 2573 835 2632 utendum
848 2574 898 2648 iis,
914 2572 1009 2650 qualia
1021 2581 1101 2647 sunt,
1114 2571 1329 2650 eligendaeque

288 2655 424 2718 (ilsedes.
467 2656 528 2716 Nec
550 2657 624 2716 aliud
639 2667 736 2735 potest
751 2674 912 2716 sermonem
927 2657 1025 2716 lacere
1043 2673 1227 2716 numerosum
1245 2675 1329 2735 quam

332 2748 492 2817 opportuna
515 2741 620 2799 ordinis
636 2742 768 2810 mutati03
793 2759 889 2819 neque
905 2741 962 2800 alio
978 2741 1053 2800 ceris
1071 2740 1197 2801 Platonis
1213 2741 1329 2799 inventa

331 2832 396 2882 sunt
412 2832 544 2901 quattuor
564 2825 614 2883 illa
629 2824 734 2900 verba,
754 2824 856 2903 quibus
878 2826 906 2884 in
927 2825 978 2884 illo
996 2824 1191 2902 pulcherrimo
1209 2841 1330 2902 operum

330 2910 358 2966 in
371 2907 519 2966 Piraeeum
534 2927 567 2966 se
584 2908 771 2969 descendisse
783 2909 941 2986 significat,
958 2907 1087 2987 plurimis
1099 2908 1191 2967 modis
1207 2910 1329 2986 scripta,

290 2999 415 3069 osquam
433 2992 511 3070 quod
526 3011 589 3050 eum
610 3010 725 3071 qnoque
740 2996 861 3052 maxime
878 2993 977 3052 lacere
996 2993 1187 3071 experiretur.
1221 2992 1331 3051 Verum

331 3077 359 3135 id
380 3095 442 3135 cum
466 3079 495 3135 in
522 3076 632 3135 duobus
653 3077 751 3136 verbis
777 3078 823 3153 lit,
850 3065 1022 3156 ἀναστροφὴ
1049 3077 1166 3150 dicitur,
1195 3077 1330 3134 reversio

332 3161 486 3236 quaedam:
509 3161 603 3238 qualia
615 3170 679 3219 sunt
690 3161 796 3237 vulgo,
813 3180 944 3234 mecum,
960 3179 1082 3226 secanae
1103 3159 1177 3238 apud
1195 3169 1330 3219 oratores

332 3252 360 3300 et
378 3243 531 3303 historicos
550 3246 659 3322 quibos
677 3247 715 3306 de
730 3247 831 3306 redire.
868 3244 907 3304 At
925 3262 987 3304 oum
1005 3244 1119 3303 decoris
1134 3245 1227 3320 gratia
1243 3245 1331 3304 trahi-

331 3334 376 3384 tur
399 3327 512 3403 longius
535 3329 667 3404 verbum,
690 3331 809 3406 proprie
836 3328 987 3404 hyberbati
1008 3337 1088 3387 tenet
1109 3345 1229 3387 nomen:
1257 3327 1332 3388 Ant-

330 3411 481 3471 maduerit
487 3454 496 3486 ,
513 3413 649 3488 iudices,
667 3432 782 3474 omnem
799 3415 993 3475 accusatoris
1013 3414 1180 3474 orationem
1201 3413 1235 3472 io
1251 3414 1332 3474 daos

332 3493 461 3553 dicisum
485 3514 551 3555 esse
570 3505 685 3574 parter.
730 3496 801 3555 Nam
821 3498 853 3556 in
875 3499 955 3558 dacus
973 3505 1082 3575 portes
1107 3497 1240 3557 divisam
1264 3514 1331 3556 ease

290 3587 324 3641 66
331 3587 440 3635 rectum
453 3588 529 3651 erat,
550 3581 601 3638 sed
615 3581 713 3639 durum
729 3590 758 3638 et
774 3582 955 3659 incomptum.
994 3580 1102 3640 Poetae
1114 3581 1229 3659 quidem
1246 3581 1329 3640 etiam

332 3660 484 3720 verborum
503 3663 641 3721 divisione
658 3665 764 3722 faciunt
780 3667 1054 3740 transgressionem:

494 3777 535 3792 .-
553 3746 748 3828 Hyderdoreo
765 3757 879 3827 septem
897 3750 1034 3810 subiecto
1054 3749 1153 3827 trioni,
