3184 4409
330 397 392 460 250
647 358 1006 471 u.ann.on1nmnmn1

331 564 517 624 adversorum
539 562 673 624 solatium
697 566 809 626 litteras
824 574 1005 644 putaverunt.
1049 567 1081 626 Si
1099 565 1213 644 quando
1229 574 1327 634 tamen

330 649 370 708 ita
392 647 533 707 resederit
554 666 693 726 praesens
716 651 859 728 impetus,
886 658 917 708 ut
937 650 1033 727 aliqua
1055 659 1098 709 tot
1120 649 1245 710 luctibus
1270 651 1327 709 alia

333 733 469 808 cogitatio
493 732 580 791 inseri
604 734 714 811 possit,
737 751 794 791 non
815 735 918 792 iniuste
934 735 1066 811 petierim
1087 751 1185 793 morae
1201 735 1325 793 veniam.

333 814 403 888 Quis
425 817 499 873 euim
519 816 605 876 dilata
629 816 721 878 studia
745 819 882 893 miretur,
912 835 986 897 quae
1008 819 1104 895 potius
1126 835 1184 877 non
1205 817 1327 896 abrupta

291 904 323 957 15
332 917 398 958 esse
414 899 569 961 mirandum
585 897 652 960 est?
695 900 784 976 l'um,
800 902 830 963 si
853 918 909 977 qua
930 901 1035 960 fuerint
1049 903 1140 961 minus
1156 901 1264 961 effecta
1282 903 1326 974 iis,

333 1000 406 1060 quae
422 983 514 1041 levius
530 983 622 1042 adhuc
643 983 742 1045 afflicti
771 1002 977 1061 coeperamus:
999 986 1172 1062 imperitanti
1193 985 1327 1044 fortunae

332 1069 524 1142 remittantur,
547 1085 639 1145 quae,
660 1069 764 1145 siquid
779 1069 967 1128 mediocrium
990 1068 1098 1146 alioqui
1120 1070 1148 1126 in
1170 1079 1273 1128 nostro
1288 1072 1326 1126 in·

332 1152 419 1227 genio
435 1152 536 1210 virium
551 1152 619 1225 luit,
641 1160 743 1210 utnon
758 1153 931 1226 extinxerit,
952 1151 1112 1211 debilitavit
1130 1160 1235 1211 tamen.
1271 1152 1327 1211 Sed

332 1234 380 1293 vel
400 1243 521 1312 propter
540 1234 597 1294 hoc
616 1252 669 1292 nos
692 1237 888 1295 contumacius
914 1235 1074 1311 erigamus,
1102 1236 1178 1313 quod
1199 1236 1278 1295 illam
1300 1244 1327 1294 ut

333 1318 465 1396 perferre
490 1319 574 1377 nobis
600 1319 718 1379 difficile
747 1329 808 1393 est,
835 1321 874 1378 ita
897 1319 984 1378 facile
1010 1329 1206 1379 contemnere.
1251 1319 1327 1379 Nihil

334 1403 407 1460 enim
423 1402 477 1460 sibi
492 1402 630 1461 adversus
643 1421 689 1461 me
703 1402 836 1481 reliquit,
857 1411 887 1462 et
901 1403 1047 1463 infelicem
1063 1404 1177 1480 quidem
1193 1403 1246 1463 sed
1266 1422 1327 1463 cer-

292 1491 326 1545 16
334 1487 469 1544 tissimum
484 1494 578 1545 tamen
594 1487 686 1545 attulit
702 1486 768 1546 mibi
789 1504 826 1545 ex
850 1487 894 1545 bis
913 1487 995 1546 malis
1017 1489 1212 1547 securitatem.
1257 1486 1329 1546 Boni

333 1578 427 1629 autem
444 1569 597 1629 consulere
619 1580 745 1629 nostrum
763 1569 893 1629 laborem
911 1570 960 1630 vel
980 1580 1102 1649 propter
1126 1571 1184 1630 boc
1206 1589 1329 1649 aequum

335 1660 396 1727 est,
418 1652 494 1729 quod
509 1653 537 1711 in
552 1653 658 1712 nullum
675 1655 730 1713 iam
746 1655 894 1731 proprium
907 1672 990 1712 usum
1014 1668 1253 1732 perseveramus,
1277 1656 1328 1715 sed

334 1737 424 1795 omnis
440 1737 513 1795 haec
530 1755 597 1797 cura
615 1737 723 1798 alienas
741 1738 878 1798 utilitates
895 1738 1037 1814 (simodo
1055 1739 1122 1817 quid
1140 1739 1210 1798 utile
1228 1740 1329 1798 scribi·

334 1821 418 1899 mus)‘
429 1829 551 1897 spectat.
594 1820 655 1881 Nos
678 1823 774 1882 miseri
795 1822 870 1881 sicut
890 1822 1045 1881 facultates
1061 1824 1223 1901 patrimonii
1238 1824 1330 1883 nostri

335 1904 374 1963 ita
389 1904 446 1964 boc
461 1921 534 1982 opus
550 1906 614 1965 aliis
629 1906 871 1985 praeparabamus
891 1905 955 1965 aliis
971 1908 1175 1985 relinquemus.

1222 2031 1228 2074 l

685 2059 727 2108 bn
740 2058 976 2110 Punonnutoutu.

419 2155 442 2215 Ι.
485 2155 681 2215 Peroratio
708 2156 901 2236 sequebatur,
932 2172 1015 2232 quam
1040 2153 1191 2215 cumulum
1216 2153 1330 2231 quidam

338 2241 558 2301 conclusionem
574 2240 622 2299 alii
638 2250 753 2299 vocant.
797 2240 867 2299 Eius
884 2239 992 2318 duplex
1009 2239 1082 2297 ratio
1104 2246 1148 2296 est
1167 2239 1263 2316 posita
1283 2245 1331 2297 aut

336 2326 363 2383 in
379 2324 465 2383 rebus
484 2327 573 2383 autin
589 2324 750 2383 aflectibus.
794 2320 926 2383 Rerum
947 2323 1129 2400 repetitio
1153 2331 1182 2380 et
1206 2323 1329 2398 congre·

336 2409 431 2484 gatto,
446 2425 520 2484 quae
537 2407 648 2468 Graece
665 2409 767 2467 dicitur
782 2397 1046 2483 ἆνακεφαλαίωσις,
1062 2424 1078 2466 a
1094 2404 1262 2483 quibusdam
1277 2405 1329 2464 ba·

336 2493 458 2550 tinorum
480 2493 681 2567 enumeratio,
703 2501 732 2551 et
754 2493 921 2550 memoriam
943 2491 1045 2550 iudicis
1066 2491 1159 2549 reficit
1185 2498 1215 2548 et
1240 2499 1330 2549 totam

338 2574 422 2633 simul
438 2592 552 2632 causam
567 2576 647 2652 ponit
664 2585 729 2635 ante
749 2576 853 2635 oculos
871 2584 916 2651 et,
940 2575 1050 2634 etiamsi
1071 2592 1125 2652 per
1150 2573 1264 2650 singula
1279 2575 1330 2632 mi·

310 2665 390 2717 anus
406 2668 550 2732 moverat,
569 2657 651 2717 turba
665 2660 753 2719 valet.
797 2659 830 2719 ln
850 2659 923 2734 bac,
948 2677 1021 2736 quae
1037 2667 1222 2737 repetemus,
1244 2675 1331 2735 quam

335 2741 506 2801 brevissime
522 2742 643 2802 dicenda
659 2753 742 2820 sunt,
765 2742 903 2822 et,·quod
924 2741 1036 2803 Graeco
1059 2741 1150 2801 verbo
1165 2750 1261 2820 patet,
1280 2742 1331 2801 de·

337 2825 506 2886 currendum
527 2845 581 2903 per
601 2828 704 2904 capita.
748 2827 836 2903 Nam,
858 2827 883 2886 si
902 2825 1091 2901 morabimur,
1103 2844 1170 2885 ·non
1190 2827 1245 2885 iam
1261 2844 1331 2884 enu-

336 2911 455 2968 meratio
466 2910 516 2968 sed
530 2912 610 2987 quasi
622 2911 713 2971 altera
729 2911 779 2971 fret
793 2913 896 2971 oratio.
934 2910 1015 2984 Quae
1032 2919 1127 2969 autem
1139 2910 1333 2970 enumeranda

336 2994 483 3069 videntur,
496 3013 559 3053 cunr
574 2994 702 3071 pondere
717 2995 814 3072 aliquo
827 2995 947 3055 dicenda
963 3002 1029 3053 sunt
1046 3003 1075 3052 et
1092 2996 1165 3071 aptis
1178 2993 1332 3053 excitanda

337 3079 484 3137 sententiis
503 3087 531 3136 et
548 3078 646 3154 figuris
666 3080 764 3156 utique
783 3079 933 3145 varianda3
961 3079 1069 3155 alioqui
1091 3077 1161 3137 nihil
1180 3085 1235 3148 est
1247 3078 1331 3137 odio-

338 3163 396 3220 sius
411 3171 492 3221 recta
508 3162 557 3221 illa
574 3164 747 3240 repetitione
761 3163 842 3222 velut
857 3164 1012 3222 memoriae
1027 3161 1151 3221 iudicum
1163 3160 1330 3220 diffidentis.

309 3245 408 3309 ssunt
425 3255 518 3304 autem
534 3247 773 3320 innumerabiles,
792 3247 958 3323 optimeque
973 3247 1003 3304 in
1019 3244 1142 3304 Verrem
1157 3243 1278 3328 Cicero:
1294 3243 1333 3304 si

335 3336 426 3406 poter
441 3331 506 3406 ipsc
519 3331 682 3406 indicaret,
701 3331 775 3408 qnid
786 3331 912 3404 diceret,
929 3349 997 3391 cum
1012 3330 1089 3391 baec
1102 3329 1333 3408 probarentur?

338 3420 367 3471 et
384 3411 487 3470 deiude
507 3413 628 3473 subiecit
647 3416 905 3480 enumerationem
927 3423 975 3474 aut
992 3432 1055 3473 cum
1070 3414 1145 3473 idem
1159 3415 1187 3472 in
1207 3412 1330 3472 eundem

338 3513 391 3574 per
405 3496 615 3556 invocationem
638 3501 756 3560 deorum
777 3498 900 3575 spoliata
922 3516 938 3557 a
960 3507 1096 3575 praetore
1119 3496 1227 3575 templa
1250 3496 1329 3555 dinn-

337 3588 436 3639 merat.
481 3580 561 3640 Licet
587 3590 616 3640 et
636 3582 784 3655 dubitare,
810 3599 875 3640 num
899 3581 966 3659 quid
984 3598 1038 3639 nos
1061 3582 1182 3656 fugerit,
1211 3588 1241 3638 et
1262 3579 1331 3658 quid

333 3681 529 3743 responsurus
544 3665 580 3725 sit
595 3666 776 3726 adversarius
790 3664 835 3725 bis
851 3664 956 3744 ethis,
977 3673 1026 3725 aut
1041 3683 1125 3744 quam
1146 3681 1228 3744 spem
1242 3680 1329 3724 accu-
