3184 4409
339 453 400 515 210
653 406 1018 525 mnanonunnnnnnn

339 622 482 684 actionem
506 617 610 679 Cicero
639 619 710 678 alias
738 621 829 698 quari
851 637 1019 682 mens
1042 619 1121 680 alias
1152 622 1331 704 sicquae.

339 707 496 784 qnondam
510 705 650 782 corporis
664 703 742 763 dicit.
773 703 852 763 ldem
869 712 964 764 tamen
980 701 1053 763 duas
1069 705 1141 765 eius
1158 717 1267 785 partes
1280 709 1333 783 inei

339 806 413 868 quae
425 797 490 847 snut
505 787 624 848 eaedem
637 788 885 866 pronuntiationis,
904 804 1008 847 vocem
1020 795 1114 866 atque
1131 800 1263 855 motum.
1286 792 1335 869 a·

313 881 460 952 apropter
481 880 604 950 utraque
625 870 823 949 appellatione
844 871 1041 932 indifferenter
1066 874 1111 933 uti
1141 875 1232 937 licet.
1269 876 1337 937 linit

339 966 433 1021 autem
447 973 495 1015 res
511 957 574 1033 ipsa
588 957 686 1014 imnum
698 956 838 1032 quandam
854 956 884 1015 in
902 954 1079 1015 orationihus
1091 958 1159 1017 vim
1175 976 1217 1020 ac
1233 970 1338 1039 potesta

338 1051 409 1107 tem;
430 1057 525 1117 neque
543 1041 618 1098 enim
631 1048 689 1098 tam
706 1039 813 1116 refert,
840 1038 936 1118 qualia
951 1040 1023 1114 sint,
1047 1036 1130 1118 quae
1147 1043 1231 1104 intra
1250 1052 1339 1105 nosti

338 1128 418 1203 ipsos
435 1123 659 1201 composuimus,
678 1140 762 1200 quam
777 1138 835 1202 quo
848 1122 935 1183 modo
950 1122 1127 1193 charentum
1146 1144 1218 1187 nam
1232 1130 1275 1191 ita
1286 1131 1341 1209 quia

339 1227 413 1287 que,
433 1216 465 1267 nt
485 1207 579 1282 audit,
600 1215 741 1267 movetur.
776 1207 873 1281 Quare
893 1224 989 1286 neque
1009 1207 1154 1286 probatio
1173 1210 1260 1290 ulla,
1290 1230 1343 1293 qua

337 1293 422 1353 modo
437 1293 516 1350 venit
535 1290 570 1351 ah
586 1299 719 1366 oratore,
746 1299 803 1350 tam
821 1290 901 1351 iirma
922 1298 981 1368 est,
993 1299 1037 1350 ut
1058 1307 1120 1352 non
1144 1297 1263 1372 perdat
1285 1299 1344 1357 vus

338 1395 423 1451 snas,
445 1376 499 1435 uisi
522 1374 671 1434 adiuvatur
691 1375 910 1435 asseveratione
932 1374 1064 1434 dicentis.
1096 1375 1248 1439 Affectus
1271 1383 1344 1441 omn*

338 1460 509 1538 languescat
525 1476 649 1518 neccsse
668 1467 729 1533 est,
744 1459 799 1518 nisi
815 1475 906 1532 voce,
922 1456 1018 1534 vultu,
1034 1459 1126 1519 totius
1143 1479 1250 1542 prope
1264 1464 1345 1525 habitu

311 1545 470 1622 3corporis
485 1543 658 1602 inardescat.
683 1541 756 1602 Nam
771 1560 836 1602 cum
850 1542 924 1603 haec
940 1543 1033 1603 omnia
1047 1542 1235 1608 fecerimus:
1255 1549 1345 1610 lelica

338 1636 448 1703 tamen,
464 1628 489 1686 si
505 1634 634 1686 nostrum
648 1627 727 1686 illum
741 1627 838 1702 ignem
852 1625 940 1685 iudex
955 1629 1146 1704 conceperit;
1164 1631 1280 1693 nedum
1297 1649 1346 1693 ean

338 1713 431 1789 supini
453 1712 607 1789 securique
628 1727 810 1786 moveamus,
834 1727 871 1770 ac
890 1727 949 1769 non
967 1711 1031 1789 ipse
1052 1719 1158 1773 nostm
1177 1718 1347 1777 oscitatione

311 1796 478 1858 lsolvatar.
508 1794 689 1854 Documento
707 1802 773 1853 snut
786 1793 836 1854 vel
850 1795 960 1854 scenici
974 1802 1102 1869 actores,
1118 1799 1174 1874 qui
1190 1808 1224 1860 et
1240 1794 1346 1879 optim

337 1888 487 1958 poetarum
508 1886 614 1939 tantum
631 1879 767 1938 adiiciunt
782 1879 909 1955 gratiae,
932 1886 1032 1938 utnon
1052 1879 1169 1941 inlinito
1192 1884 1293 1961 magis
1310 1893 1359 1944 eal

337 1963 402 2023 dern
416 1963 466 2022 illa
482 1963 577 2023 audita
595 1980 678 2040 quam
694 1962 771 2022 lecta
787 1962 958 2030 delectant:¹
971 1971 1001 2022 et
1014 1961 1169 2024 vilissimis
1186 1968 1281 2027 etiam
1296 1967 1345 2046 qui

336 2046 455 2107 hundam
471 2048 622 2125 impetrant
636 2064 738 2122 aures,
758 2054 804 2123 ut,
822 2045 926 2125 quihus
941 2045 1035 2106 nullus
1052 2054 1099 2106 est
1113 2047 1146 2108 in
1161 2048 1343 2112 bibliotheca

310 2132 437 2208 clocas,
456 2133 493 2190 sit
508 2134 593 2191 etiam
608 2131 746 2208 frequens
761 2130 790 2188 in
805 2129 935 2190 theatris.
955 2180 957 2185 .
970 2128 1081 2203 Quodsi
1095 2131 1124 2190 in
1140 2133 1257 2211 rchns,
1284 2149 1342 2215 qast

336 2215 418 2274 lictus
442 2233 509 2274 esse
531 2217 636 2274 scimus
653 2224 682 2274 et
701 2216 817 2291 inanes,
832 2222 947 2273 tantam
964 2216 1162 2291 pronuntiatio
1179 2227 1300 2295 potest,
1319 2224 1340 2275 ut

336 2302 419 2371 iram,
451 2294 612 2373 lacrimas,
627 2297 850 2358 sollicitudinem
872 2297 989 2358 ailarat:
1021 2308 1127 2375 quanto
1156 2301 1229 2378 plns
1255 2302 1339 2377 valeat

336 2401 461 2442 necesse
482 2392 542 2458 est,
561 2381 609 2441 uhi
625 2391 654 2442 et
669 2378 834 2441 oredimus?
859 2380 1000 2459 Equidem
1017 2380 1066 2440 vei
1079 2383 1270 2446 mediocrem
1288 2401 1339 2445 ora

337 2469 443 2526 tionem
460 2466 684 2527 commendatam
698 2465 807 2525 viribus
823 2466 944 2527 actionis
965 2465 1130 2525 aiiirmarim
1149 2467 1221 2545 plus
1239 2468 1338 2529 hahitu-

307 2555 394 2609 oram
418 2568 485 2610 esse
500 2552 634 2610 momenti
651 2568 734 2627 quam
750 2550 887 2628 optimam
908 2549 1009 2609 eadem
1025 2549 1076 2609 illa
1091 2550 1275 2613 destitutam.
1303 2552 1338 2611 st

337 2634 450 2711 quidem
471 2644 500 2693 et
521 2634 750 2708 Demosthenes,
779 2633 848 2711 quid
869 2641 950 2692 esset
975 2635 1003 2692 in
1024 2641 1087 2693 toto
1110 2633 1231 2696 dicendi
1256 2652 1337 2715 opere

335 2718 471 2796 primum,
494 2720 687 2794 interrogatus
706 2718 931 2795 pronuntiationi
945 2715 1068 2795 palmam
1088 2717 1170 2777 dedit
1192 2721 1338 2798 eidemque

336 2801 492 2861 secundum
513 2819 548 2861 ac
567 2804 680 2861 tertium
697 2800 809 2876 locum,
834 2800 929 2861 donec
949 2799 985 2861 ah
1008 2818 1044 2860 eo
1063 2803 1166 2878 quaeri
1184 2803 1337 2873 desineret,

337 2894 367 2944 ut
390 2903 453 2944 eam
467 2885 560 2945 videri
581 2894 684 2964 posset
704 2901 761 2944 non
778 2886 965 2962 praecipuam
987 2884 1040 2944 sed
1063 2885 1157 2945 solam
1180 2887 1337 2949 iudicassez

310 2970 403 3030 tideo
420 2971 483 3047 ipse
499 2979 557 3030 tam
572 2969 725 3046 diligenter
740 2968 816 3046 apud
823 2969 1018 3029 Andronicum
1034 2968 1209 3047 hypocriten
1224 2970 1337 3041 studuit

337 3062 367 3112 ut
382 3053 585 3114 admirantibus
601 3056 663 3113 eius
680 3053 840 3113 orationem
854 3051 974 3112 Rhodiis
988 3068 1046 3111 nou
1060 3054 1205 3113 immerito
1220 3053 1339 3139 Aeschi·

337 3156 388 3196 nes
405 3138 513 3198 dixisse
528 3137 674 3198 videatur:
692 3135 774 3210 octa
783 3139 812 3198 st‘
822 3138 923 3214 ipsum
933 3138 1122 3198 audissetis?
1137 3135 1176 3196 Et
1189 3135 1229 3197 lt.
1239 3136 1340 3199 cicero

310 3226 422 3280 flauam
440 3221 605 3282 indicendo
622 3223 765 3282 actionem
786 3220 941 3282 dorcinca-i
961 3228 1051 3299 putat.
1086 3219 1146 3280 liae
1166 3217 1221 3280 Cn.
1238 3221 1340 3283 Lentu·

336 3304 392 3362 lum
416 3305 481 3383 plus
506 3307 648 3384 opinionis
671 3313 858 3365 consecutam
875 3321 960 3384 qnam
978 3303 1143 3382 eloquentia
1165 3304 1275 3383 tradit,
1299 3323 1342 3367 ea·

337 3387 402 3445 dem
419 3386 451 3447 G.
472 3389 631 3449 Gracchum
653 3391 682 3448 in
698 3389 830 3449 deileuda
845 3389 942 3449 inanis
958 3405 1033 3448 nece
1055 3389 1143 3447 totius
1163 3389 1342 3467 populi-lio

336 3470 410 3527 mani
430 3471 561 3532 lacrimas
580 3475 760 3548 concitasse,
785 3481 814 3532 et
834 3473 989 3531 Antonium
1012 3480 1041 3531 et
1063 3470 1201 3532 Crassum
1223 3472 1341 3533 multum

335 3553 480 3630 valuisse,
497 3556 648 3634 plurimum
662 3573 734 3616 vero
751 3555 787 3630 Q.
803 3555 997 3615 Hortensium.
1031 3553 1119 3615 Gaius
1137 3556 1181 3615 rei
1198 3556 1274 3617 fides
1290 3565 1343 3630 est,

337 3638 414 3713 quod
430 3640 490 3697 eius
507 3642 614 3718 scripta
630 3649 736 3700 tantum
752 3642 824 3700 intra
842 3640 944 3700 iamarn
959 3648 1039 3715 suut,
1067 3656 1122 3717 qua
1140 3639 1188 3698 diu
1205 3642 1343 3720 princeps

336 3729 452 3800 orator,
482 3723 634 3802 aliquando
651 3724 779 3785 aemulus
796 3721 948 3785 ciceronis
963 3725 1142 3785 existimatus
1158 3734 1223 3802 est,
1247 3726 1343 3787 noris·
