3184 4409
534 455 955 522 msu.onnuon.u1o.x,1.
1192 447 1249 509 155

247 615 300 693 qui
311 615 366 673 sint
379 611 423 672 his
434 611 578 686 simillimi,
597 609 738 679 iudicare;
754 612 953 689 nequisquam
965 622 1110 689 queratur,
1126 617 1250 674 omissos

246 699 338 773 forte,
357 714 429 774 quos
445 697 509 774 ipse
523 695 607 754 valde
623 695 737 772 probet.
773 694 880 754 Fateor
901 697 976 753 enim
991 697 1090 775 plures
1107 699 1249 775 legendos

247 800 319 841 esse
336 799 419 859 quam
435 781 483 858 qui
501 797 517 838 a
534 797 579 838 me
594 780 821 838 nominabuntur.

335 865 394 924 Sed
410 880 485 922 nunc
500 880 609 939 genera
625 864 688 940 ips‘a
709 863 881 938 lectionum,
904 880 979 940 quae
991 865 1157 942 ¹praecipue
1181 884 1249 927 con·

246 950 350 1008 venire
368 946 589 1021 intendentibus,
606 954 638 1005 ut
649 955 780 1015 oratores
796 946 873 1020 liant,
888 948 1064 1022 existimem,
1077 966 1248 1027 persequor.

333 1031 439 1109 Igitur,
462 1040 493 1089 ut
513 1030 619 1089 Aratus
643 1032 683 1090 ab
699 1029 772 1092 loce
791 1030 997 1108 incipiendam
1017 1041 1113 1109 putat,
1134 1034 1173 1092 ita
1197 1045 1291 1108 nos46

249 1118 305 1176 rite
318 1117 449 1194 coepturi
461 1114 496 1174 ab
514 1114 668 1173 Homero
686 1114 824 1173 videmur.
850 1113 904 1173 llic
916 1116 1000 1189 enim,
1013 1115 1250 1192 quemadmodum

247 1220 292 1264 ec
315 1199 437 1263 Oceano
457 1198 526 1258 dicit
547 1199 610 1276 ipse
633 1200 766 1259 amnium
784 1198 971 1276 fontiumque
998 1216 1110 1259 corcus
1133 1201 1250 1262 initiam

249 1301 380 1362 capere,
403 1282 532 1342 omnibus
558 1282 742 1360 eloquentiae
771 1278 900 1359 partibus
923 1283 1087 1360 exemplum
1108 1292 1137 1342 ct
1157 1293 1250 1344 ortum

248 1369 338 1428 dedit.
374 1367 457 1426 Hunc
477 1382 561 1425 nemo
584 1366 612 1423 in
634 1368 743 1442 magnis
770 1365 858 1424 rebus
884 1366 1074 1442 sublimitate,
1095 1369 1124 1427 in
1151 1369 1268 1445 parvis,

248 1452 431 1531 proprietate
446 1451 637 1528 superauerit.
668 1448 746 1509 ldem
762 1451 855 1509 laetus
871 1468 905 1510 ac
920 1468 1050 1528 pressus,
1065 1450 1204 1510 iucundus
1220 1459 1251 1510 et

247 1537 359 1613 gravis,
377 1535 437 1594 tum'
451 1536 535 1612 copia
551 1543 608 1594 tum
623 1532 765 1595 brevitate
780 1533 935 1609 mirabilis,
958 1552 1014 1594 nec
1030 1535 1146 1613 poetica
1161 1536 1248 1599 modo

249 1620 304 1679 sed
326 1620 453 1679 oratoria
479 1619 584 1677 virtute
612 1619 860 1677 eminentissimus.
897 1615 969 1677 Nam
995 1626 1026 1677 ut
1048 1617 1085 1678 de
1106 1618 1290 1693 laudibus,4i

251 1701 516 1777 exhortationihus,
544 1701 789 1761 consolationibus
812 1711 938 1763 taceam:
969 1719 1064 1762 nonne
1086 1702 1135 1761 vel
1156 1719 1248 1761 nonus

251 1787 337 1861 liber,
352 1803 409 1864 quo
427 1787 513 1845 misse
528 1784 564 1844 ad
579 1784 722 1846 Achillem
738 1786 847 1863 legatio
864 1787 1034 1861 continetur,
1049 1786 1097 1845 uel
1114 1787 1141 1844 in
1155 1788 1247 1865 primo

250 1873 326 1930 inter
347 1871 435 1930 duces
457 1869 508 1929 ille
530 1870 676 1928 contentio
699 1868 747 1929 vcl
773 1863 867 1930 di'ctae
887 1872 916 1930 in
938 1869 1065 1930 secundo
1088 1871 1248 1930 sententiae

251 1973 351 2014 omnes
369 1955 458 2013 litium
473 1971 508 2013 ac
526 1952 711 2012 consiliorum
733 1954 880 2032 explicant
901 1950 1000 2014 artes?
1035 1954 1165 2014 Allectus
1187 1956 1290 2033 qui-48

249 2039 315 2099 dem
329 2039 377 2098 vel
397 2037 463 2096 illos
479 2038 563 2096 mites
576 2037 625 2096 vel
640 2034 694 2096 hos
717 2039 894 2113 concitatos,
919 2054 1003 2097 nemo
1025 2039 1079 2097 erit
1096 2047 1152 2097 tam
1167 2039 1247 2098 indo·

250 2131 324 2199 ctus,
341 2123 389 2200 qui
404 2137 461 2180 non
476 2122 504 2180 in
524 2138 575 2180 sua
593 2129 738 2199 potestate
755 2121 831 2180 hunc
846 2130 993 2181 auctorem
1007 2120 1142 2182 habuisse
1157 2121 1246 2181 iatea·
1297 2118 1301 2129 “

249 2215 304 2266 tur.
335 2205 400 2282 Age
416 2222 498 2282 vero,
514 2221 570 2264 non
582 2206 731 2282 utriusque
748 2207 846 2284 operis
862 2207 1010 2282 ingressus
1024 2207 1054 2265 in
1067 2206 1247 2283 paucissimis

248 2289 382 2350 versibus
407 2290 503 2366 legem
523 2290 737 2366 prooemiorum
757 2306 815 2348 non
836 2289 902 2350 dico
922 2290 1048 2348 servavit
1067 2288 1119 2347 sed
1140 2289 1247 2350 consti.

248 2371 322 2433 tuit?
353 2373 424 2433 Nam
442 2373 613 2433 benevolum
633 2372 791 2434 auditorem
812 2373 994 2433 invocatione
1016 2373 1149 2448 dearum,
1175 2390 1246 2451 ques

249 2457 419 2537 praesidere
433 2457 546 2517 vatibus
563 2457 701 2518 creditum
717 2467 778 2534 est,
795 2466 825 2517 et
839 2458 975 2516 intentum
988 2458 1138 2535 proposita
1152 2474 1247 2516 rerum

249 2541 444 2618 magnitudInc
460 2551 489 2601 et
506 2541 630 2601 docilem
653 2559 759 2601 summa
784 2541 921 2602 celeriter
943 2540 1152 2619 comprehensa
1166 2540 1245 2599 lacit.

247 2625 374 2685 Narrare
389 2642 460 2685 vero
477 2627 540 2704 quis
559 2624 675 2684 brevius
691 2626 840 2704 quamqui
855 2634 976 2684 mortem
991 2625 1099 2683 nuntiat
1110 2624 1246 2699 Patrocli,
1253 2628 1288 2684 49

249 2711 313 2788 quis
336 2709 543 2786 significantius
564 2718 662 2788 potest
684 2726 767 2787 quarn
795 2710 843 2787 qui
865 2706 999 2768 Curetum
1019 2708 1248 2785 Aetolorumque

247 2792 390 2872 proelium
407 2790 547 2872 exponit?
576 2792 638 2860 lam,
649 2793 864 2867 similitudines,
882 2793 1130 2871 amplificationes,
1150 2810 1245 2852 exem·

247 2877 308 2956 pla,
327 2876 487 2953 digressus,
504 2879 586 2953 signa
602 2895 696 2936 rerum
712 2886 741 2936 et
752 2885 918 2954 argumenta
936 2885 1092 2954 ceteraque
1107 2875 1247 2954 probandi

248 2979 284 3020 ac
303 2960 447 3020 refutandi
464 2971 529 3020 sunt
545 2963 583 3020 ita
603 2960 705 3036 multa,
726 2970 757 3019 ut
777 2963 861 3020 etiarn
880 2961 927 3040 qui
945 2961 981 3020 de
997 2961 1103 3019 artibus
1121 2961 1246 3037 scripse-

247 3053 313 3104 runt
328 3045 441 3122 plurimi
462 3045 560 3105 harum
583 3064 678 3104 rerum
699 3046 890 3104 testimonium
908 3044 943 3104 ab
961 3043 1018 3103 hoc
1035 3052 1122 3120 poeta
1137 3049 1245 3122 petant.

246 3127 319 3186 Nam
338 3127 471 3205 epilogus
488 3129 602 3207 quidem
618 3130 681 3206 quis
696 3146 819 3207 unquam
833 3130 941 3206 poterit
957 3127 1014 3186 illis
1028 3128 1130 3188 Priami
1144 3131 1289 3202 rogan-50

247 3213 285 3270 tis
301 3211 446 3271 Achillem
461 3213 597 3290 precibus
615 3209 754 3290 aequari?
793 3211 890 3286 Quid?
905 3213 933 3270 in
947 3210 1062 3285 verbis,
1085 3209 1246 3284 sententiis,

247 3296 366 3372 liguris,
389 3295 580 3374 dispositione
597 3297 683 3355 totius
707 3297 806 3374 operis
829 3313 923 3355 nonne
938 3294 1050 3354 humani
1066 3295 1172 3370 ingenii
1186 3309 1246 3352 mo·

247 3380 313 3439 dnm
336 3379 472 3439 excedit?
495 3390 525 3440 ut
551 3381 645 3457 magni
671 3381 708 3439 sit
732 3382 852 3438 virtutes
878 3380 940 3437 eius
964 3394 1022 3436 non
1045 3378 1246 3453 aemulatione,

248 3461 326 3541 quod
343 3463 405 3523 lieri
419 3481 476 3523 non
492 3473 600 3542 potest,
618 3462 669 3523 sed
684 3463 834 3523 intellectu
849 3464 941 3540 sequi.
971 3461 1078 3521 Verum
1088 3462 1135 3521 hic
1146 3478 1245 3521 omncs
1254 3471 1288 3523 51

247 3548 311 3606 sine
325 3547 411 3608 duhio
428 3549 499 3607 etin
515 3549 590 3607 omni
607 3565 717 3624 genere
732 3547 916 3624 eloquentiae
927 3546 1030 3624 procul
1046 3563 1105 3606 ase
1119 3546 1245 3623 reliquit,

247 3633 351 3709 epicos
370 3640 464 3691 tamen
482 3633 656 3710 praecipue,
675 3630 814 3690 videlicet
831 3632 897 3708 quia
914 3630 1072 3690 clarissima
1085 3631 1114 3689 in
1128 3630 1246 3689 materia

246 3714 334 3775 simili
349 3716 525 3794 comparatio
542 3722 596 3774 est.
630 3714 708 3775 Raro
724 3714 850 3791 assurgit
870 3713 1068 3791 Hesiodus,
1086 3719 1287 3790 magnaqnetn
