3184 4409
350 453 411 514 222
665 463 1027 524 numennumen

350 621 412 700 pari
429 619 611 680 deformitate
629 627 659 679 et
674 617 851 679 contrahitur
865 627 895 679 et
909 617 1051 694 tenditur,
1076 619 1135 683 sed
1155 629 1249 684 tenso
1264 621 1336 683 subet

349 714 378 764 et
393 702 492 779 labor,
508 712 697 782 tenuaturque
711 720 770 762 vox
785 720 821 764 ae
837 703 986 781 fatigatum
1007 702 1129 765 affixum
1146 708 1271 785 peetori
1284 724 1336 767 ner

307 797 405 852 situm
420 789 511 847 minus
527 786 634 847 olerum
652 795 681 846 et
695 787 777 864 qnasi
791 786 925 851 latiorem
936 803 1041 867 presso
1055 797 1186 864 gabuta
1199 790 1282 853 iaoit
1301 789 1335 851 ts

348 888 492 931 merorum
502 887 569 931 raro
583 871 692 931 deoens
704 871 841 931 silentio
852 880 939 949 atque
951 872 1114 933 ooutruotio
1127 881 1197 943 est;
1214 872 1336 939 brsvtstr

348 958 424 1016 enim
440 956 541 1015 cervix
560 964 590 1014 et
606 964 721 1032 gestum
738 956 881 1033 quendam
895 954 1030 1015 bannilem
1051 963 1146 1035 atque
1167 959 1336 1025 servilent

348 1041 430 1119 quasi
447 1036 657 1099 fraudbl'entum
672 1037 758 1115 lacit,
774 1056 839 1099 oum
854 1056 887 1098 se
902 1038 931 1099 in
944 1037 1072 1099 habiturn
1087 1039 1293 1120 adulationis,
1310 1040 1337 1103 sl

306 1124 520 1198 84mirationis,
541 1130 634 1182 metus
656 1122 773 1198 lingunt.
803 1120 918 1183 Broobii
938 1122 1089 1187 moderata
1111 1125 1292 1203 proieotio,
1312 1142 1338 1185 re

348 1208 444 1267 missis
464 1205 591 1265 humeris
610 1213 697 1284 atque
726 1204 939 1284 explinantibns
959 1224 993 1267 se
1017 1206 1045 1266 iu
1065 1207 1261 1284 proferenda
1280 1226 1340 1269 ιιιιι

348 1292 463 1368 digitis,
487 1290 639 1349 sandonus
662 1298 692 1349 et
713 1289 903 1351 decurrentes
926 1289 1162 1352 locos-maxime
1187 1294 1291 1355 deoet.
1320 1291 1341 1351 b

348 1393 411 1435 oum
427 1374 590 1452 spesiosius
607 1373 674 1451 quid
689 1372 867 1453 uberiusque
882 1372 1033 1435 dicendum
1048 1384 1163 1451 estsut
1179 1377 1258 1439 illud
1273 1376 1342 1440 Sua

346 1467 438 1537 olqee
457 1458 636 1518 solitudines
654 1458 724 1519 ooei
746 1456 950 1536 respondente
977 1458 1147 1537 expatiatur
1176 1462 1210 1523 in
1234 1462 1342 1523 latusrt

304 1545 409 1621 85ipsn
426 1540 636 1620 quodammodo
652 1559 685 1600 se
703 1558 767 1601 oum
780 1550 867 1618 gestu
882 1541 973 1603 inndit
987 1542 1093 1603 oratio.
1119 1540 1259 1607 blanus
1277 1562 1342 1618 vero.

347 1627 410 1685 sine
434 1623 538 1702 quibus
561 1634 661 1685 trunoa
683 1634 763 1685 esset
782 1626 858 1686 sotio
881 1643 918 1686 uo
939 1624 1060 1702 debilis,
1082 1626 1135 1687 vix
1163 1629 1228 1691 diei
1249 1637 1343 1709 potest

347 1719 417 1788 quot
440 1716 533 1768 motus
556 1707 700 1784 habeant,
730 1727 793 1769 oum
817 1727 910 1789 paene
932 1710 1024 1788 ipsam
1046 1709 1216 1785 verborum
1244 1716 1344 1795 eupit·

346 1801 568 1872 persequantur.
594 1792 666 1852 Nam
682 1803 800 1854 ceterae
815 1803 914 1872 partes
929 1793 1096 1872 loquentem
1111 1794 1276 1875 adiuvant,
1291 1797 1343 1869 tae,

303 1887 441 1956 86prope
459 1887 504 1935 est
526 1885 556 1935 ιιι
571 1875 680 1953 dioam,
702 1878 785 1955 ipsae
807 1875 971 1957 loquuntur.
999 1876 1050 1937 His
1066 1878 1246 1959 posuimus,
1273 1880 1343 1961 poili

348 1978 462 2036 osnnr,
484 1977 641 2037 vocamus,
666 1961 846 2037 dimittimus,
867 1963 1020 2036 minamur,
1048 1962 1277 2043 supplicamus,
1296 1963 1342 2047 ⁸ab

346 2046 518 2119 ominamur,
534 2045 681 2119 timemus,
702 2046 928 2122 interrogamus,
944 2062 1096 2122 negamus:
1120 2048 1287 2126 gaudium,
1306 2048 1359 2107 tui,

346 2130 464 2204 stitiam,
487 2127 709 2202 dubitationem,
728 2129 960 2205 confessionem,
975 2129 1211 2209 poeniteutiam,
1229 2134 1338 2204 moden.

303 2220 336 2274 87
345 2215 476 2292 copiam,
497 2230 658 2288 numerum,
681 2221 794 2290 tempus
812 2213 997 2273 ostendimus.
1024 2211 1093 2273 Non
1110 2214 1337 2279 oouoitautiir

344 2293 464 2356 bibent?
491 2293 635 2373 probanti
657 2293 849 2357 admirantur?
869 2294 1121 2357 verecundantur?
1158 2298 1233 2361 Non
1251 2300 1336 2373 ,in-de

344 2380 533 2440 monstrandis
546 2380 621 2439 loeis
633 2398 667 2438 ao
680 2382 814 2457 personis
831 2380 1033 2442 adverbiorum
1044 2390 1133 2460 atque
1145 2378 1336 2461 pronomina!

344 2464 474 2523 obtinent
493 2460 608 2522 vioem‘l
636 2462 674 2523 Ut
695 2466 723 2523 in
746 2473 824 2525 tauta
839 2483 893 2544 per
910 2482 1009 2527 ornnes
1028 2474 1135 2542 gentes
1153 2471 1334 2546 nationesque

344 2549 458 2623 linguae
471 2548 638 2607 diversitate
649 2548 697 2608 bio
707 2548 778 2608 mibi·
785 2551 909 2609 omnium
920 2548 1066 2633 bominum¹
1074 2555 1243 2615 eommunis
1256 2564 1333 2613 serni

342 2632 482 2690 videatur.

300 2723 336 2774 88
425 2713 462 2774 Ει
478 2714 506 2773 bi
523 2716 653 2793 quidem,
677 2718 714 2777 de
733 2715 836 2794 quibus
851 2735 913 2793 sum
928 2716 1059 2792 loeutus,
1079 2711 1152 2777 oum
1176 2721 1253 2798 ipsis
1270 2717 1332 2779 roei

344 2799 396 2858 bus
412 2798 580 2858 naturaliter
600 2809 706 2858 exeunt
721 2810 838 2876 gestum
865 2801 913 2861 alii
928 2809 1009 2876 sunt,
1037 2801 1085 2879 qui
1110 2819 1163 2860 res
1189 2805 1332 2864 imitatione

342 2882 519 2958 significant,
536 2892 565 2941 ιιι
580 2885 605 2941 si
620 2901 738 2960 aegrum
754 2887 917 2963 temptantis
932 2902 1021 2945 venas
1036 2884 1143 2944 medici
1160 2886 1332 2949 similitudine

342 2976 389 3024 aut
410 2966 606 3026 citharoedum
621 2968 750 3027 formatis
766 2968 802 3028 ad
818 2969 933 3029 modum
953 2969 1149 3047 perentientis.
1159 2988 1274 3031 nervos
1288 2985 1332 3029 nr

341 3050 423 3108 nibus
447 3051 599 3118 ostendam
624 3053 701 3129 quod
717 3060 763 3111 est
777 3071 870 3129 genus
887 3070 971 3131 quam
989 3051 1160 3130 longissime
1179 3055 1211 3114 in
1232 3056 1333 3117 serious

297 3133 514 3210 89iugiendum.
546 3134 661 3194 Abesse
678 3137 751 3194 enim
766 3137 917 3216 plurimum
931 3154 947 3195 a
963 3137 1102 3197 saltatore
1118 3134 1214 3199 debet
1237 3147 1332 3208 orator,

340 3226 369 3275 ιιι
386 3218 421 3276 sit
437 3228 537 3294 gestus
553 3219 588 3278 ad
603 3232 718 3278 sensum
732 3221 825 3297 magis
837 3239 921 3298 quam
935 3218 1071 3281 adverba
1086 3224 1332 3285 accommodatus:

340 3301 416 3376 quod
440 3304 524 3361 etiam
547 3302 732 3362 histrionibus
748 3303 835 3382 paulo
851 3303 1032 3382 gravioribus
1053 3304 1155 3365 lasere
1173 3309 1266 3367 moris
1282 3305 1331 3366 luit

339 3383 418 3460 Ergo
437 3395 467 3444 ut
484 3388 568 3446 adse
586 3405 697 3447 manum
712 3388 842 3464 referre,
864 3407 928 3448 oum
944 3388 981 3450 de
1003 3407 1036 3447 se
1053 3389 1120 3466 ipso
1135 3387 1292 3468 loquatur,
1312 3394 1334 3447 et

337 3469 366 3525 in
388 3486 471 3543 erum,
499 3487 584 3546 quem
607 3471 802 3547 demonstret,
831 3472 980 3533 intendere
998 3481 1030 3537 ¹et
1050 3472 1149 3551 aliqua
1171 3473 1221 3536 bis
1240 3473 1333 3537 similit

339 3553 535 3628 permiserim·
562 3557 600 3614 ita
621 3573 678 3614 non
699 3556 840 3633 effingere
858 3565 949 3617 status
965 3556 1105 3634 quosdam
1129 3566 1177 3634 et,
1203 3553 1333 3639 quidquid

295 3635 430 3708 90dioet,
454 3637 619 3697 ostendere.
650 3638 753 3719 Neque
777 3641 806 3702 id
828 3640 1004 3701 inmanibus
1026 3639 1123 3701 solum
1145 3643 1202 3703 sed
1221 3645 1249 3704 in
1268 3638 1333 3705 omri

289 3760 291 3764 ,
336 3727 423 3794 gestu
439 3736 564 3779 aevoee
582 3725 752 3784 servandum
768 3734 822 3785 est.
853 3724 919 3786 Non
936 3724 1011 3785 euim
1025 3733 1073 3785 aut
1088 3725 1119 3785 in
1135 3725 1192 3789 illa
1206 3725 1332 3809 periodo,
