3184 4409
572 492 1012 560 Iusr.oanrou.urs.111,1.
1234 480 1293 541 105

668 759 846 855 bruun
874 759 937 824 ιιι.

290 907 369 957 Libro
385 900 461 956 tertio
479 904 542 954 haec
558 906 729 952 continentur:
746 904 906 952 Prooemium
925 904 1139 968 descriptoribus
1157 913 1218 964 ertrs
1236 906 1294 956 rhe-
1357 953 1359 965 ,

324 978 432 1026 toricae.
474 974 546 1032 Quod
568 974 668 1021 initium
690 972 849 1024 rhetorices*
882 973 951 1031 Quae
974 981 1068 1036 partes.
1109 974 1177 1032 Quae
1199 991 1293 1040 genera

326 1058 470 1094 causarum.
484 1064 487 1069 ·
501 1042 596 1100 Quibus
618 1043 773 1091 commeatur
792 1043 874 1091 omnis
889 1043 952 1091 ratio
969 1042 1078 1090 dicendi.
1109 1042 1174 1100 Quid
1192 1045 1225 1092 sit
1242 1054 1293 1097 sta-

325 1123 377 1162 tus.
402 1112 476 1163 Unde
489 1113 601 1162 ducetur.
631 1110 695 1168 Quot
710 1111 789 1174 etqui
807 1119 895 1183 status.
920 1111 957 1160 De
972 1111 1046 1159 laude
1062 1123 1084 1160 er
1098 1113 1291 1175 vituperatione,

326 1182 364 1232 De
384 1183 500 1232 suasoria
515 1189 539 1231 et
556 1181 752 1245 prosopopoeia.
782 1179 820 1230 De
837 1180 953 1244 partibus
972 1195 1104 1229 causarum
1123 1181 1290 1236 iudicialium.

325 1252 364 1301 De
383 1251 521 1316 generibus
539 1250 683 1300 earundem.
717 1247 782 1306 Quid
800 1250 833 1298 sit
851 1250 973 1313 quaestio,
992 1250 1065 1310 ratio,
1084 1250 1213 1310 iudicatio,
1233 1265 1292 1301 con-

327 1323 424 1382 tinens,
444 1330 468 1370 et
484 1327 605 1383 quatenus
624 1319 775 1368 necessaria.

366 1445 559 1497 PROOEMIUM
576 1445 619 1494 DE
639 1443 870 1494 SCRIPTORIBUS
888 1443 984 1494 ARTIS
1002 1443 1217 1495 RHETORICAE.

294 1563 316 1623 1.
350 1529 494 1638 Quoniam
510 1563 538 1620 in
553 1561 627 1621 libro
646 1562 773 1622 secundo
790 1565 950 1640 quaesitum
968 1573 1029 1639 est,
1048 1564 1114 1640 qnid
1131 1572 1210 1636 esset
1225 1564 1290 1624 rhe-

295 1652 387 1710 torice
403 1654 434 1706 et
449 1649 512 1724 quis
528 1646 591 1705 finis
610 1649 686 1715 eius;
708 1655 797 1706 artem
813 1666 929 1725 quoque
945 1666 1011 1706 esse
1028 1665 1091 1707 earn
1105 1658 1133 1708 et
1148 1649 1246 1708 utilem
1261 1657 1291 1709 et

295 1734 445 1806 virtutem,
463 1739 494 1791 ot
518 1731 595 1789 vires
613 1741 730 1791 nostrae
753 1731 895 1808 tulerunt,
917 1732 1107 1800 ostendimus;
1131 1735 1289 1793 materiam·

298 1835 352 1894 que
368 1819 395 1877 ei
410 1833 460 1874 res
479 1832 600 1890 omnes,
620 1816 656 1875 de
676 1815 777 1895 quibus
794 1815 893 1876 dicere
910 1825 1077 1894 oporteret,
1100 1817 1288 1877 subiecimus:

296 1903 348 1961 iam
368 1903 451 1974 hiric,
480 1899 555 1957 unde
576 1901 722 1977 coeperit,
747 1900 849 1977 quibus
875 1908 1003 1976 constet,
1029 1917 1085 1979 quo
1108 1919 1239 1979 quaeque
1262 1903 1290 1960 in

296 2004 328 2046 ea
352 1985 440 2045 modo
466 1985 636 2044 invenienda
663 1993 748 2062 atque
771 1986 920 2045 tractanda
946 1987 1019 2059 sint,
1043 2003 1186 2063 exequar;
1216 1987 1289 2045 intra

296 2088 378 2147 quem
394 2067 509 2127 modurn
530 2068 662 2146 plerique
682 2071 842 2145 scriptores
858 2067 969 2127 Artium
986 2071 1191 2143 constiterunt,
1215 2070 1288 2129 adeo

294 2164 323 2214 nt
338 2152 541 2232 Apollodorus
558 2162 709 2212 contentus
725 2153 796 2211 solis
818 2151 998 2211 iudicialibus
1014 2152 1110 2211 suerit.
1148 2152 1210 2212 Nec
1228 2160 1314 2212 sum2

293 2240 431 2316 ignaros,
453 2235 542 2296 hoca
559 2255 604 2296 me
620 2237 794 2315 praecipue,
820 2236 895 2314 quod
909 2236 955 2294 hic
973 2235 1046 2296 liber
1060 2237 1191 2311 inchoat,
1216 2253 1289 2314 opus

293 2324 442 2384 studiosos
458 2321 520 2378 eius
536 2321 737 2395 desiderasse,
758 2330 788 2378 ut
809 2321 993 2398 inquisitione
1012 2323 1191 2399 opinionum,
1215 2338 1289 2399 quae

293 2403 509 2466 diversissimae
526 2405 655 2480 fuerunt,
678 2404 765 2481 longe
783 2404 995 2480 difficillimum,
1016 2407 1054 2464 ita
1071 2406 1171 2464 nescio
1188 2423 1223 2464 an
1238 2406 1288 2464 rni-

292 2493 386 2551 nimae
401 2489 566 2565 legentibus
587 2489 711 2548 futurum
725 2489 881 2569 voluptati;
903 2490 1009 2568 quippe
1032 2490 1108 2567 quod
1124 2506 1217 2567 prope
1237 2507 1287 2548 nu·

292 2576 354 2634 dam
378 2582 602 2652 praeceptorum
625 2574 806 2633 traditionem
827 2572 983 2633 desideret.
1030 2573 1061 2632 ln
1084 2575 1190 2634 ceteris
1214 2571 1313 2633 enim3

294 2661 455 2719 admiscere
477 2652 675 2734 temptavimus
697 2657 804 2735 aliquid
824 2659 940 2731 nitoris,
962 2675 1019 2718 non
1039 2659 1161 2718 iactandi
1182 2655 1288 2735 ingenii
1328 2683 1330 2687 ¹

294 2746 402 2818 gratia,
426 2759 546 2818 namque
570 2742 645 2801 inid
668 2741 737 2818 eligi
752 2743 871 2801 materia
892 2751 1006 2818 poterat
1027 2742 1160 2818 uberior,
1183 2743 1235 2802 sed
1258 2750 1289 2801 ut

295 2827 348 2887 boc
371 2829 438 2904 ipso
461 2825 642 2885 alliceremus
657 2828 748 2902 magis
770 2828 945 2885 iuventutern
965 2826 1001 2886 ad
1022 2829 1216 2903 cognitionem
1238 2843 1287 2886 eo·

294 2929 369 2985 ram,
395 2928 469 2987 qnae
487 2911 652 2969 necessaria
670 2911 769 2970 studiis
785 2909 1009 2986 arbitrabamur,
1029 2913 1053 2970 si
1069 2912 1145 2971 ducti
1161 2911 1287 2970 iucundi·

294 3003 350 3054 tate
367 2994 464 3071 aliqua
481 2994 614 3053 lectionis
630 2994 763 3053 libentius
780 2993 925 3053 discerent
941 3012 991 3069 ea,
1009 3013 1128 3072 quorum
1143 3014 1178 3054 ne
1194 2997 1287 3054 ieiuna

294 3088 379 3156 atque
405 3078 484 3137 arida
511 3079 625 3137 traditio
648 3087 793 3136 averteret
819 3079 928 3137 animos
954 3087 983 3139 et
1009 3097 1095 3138 aures
1118 3081 1288 3158 praesertim

292 3170 347 3221 tam
364 3163 504 3222 delicatas
519 3163 652 3237 raderet,
668 3160 849 3221 verebamur.
887 3161 949 3235 Qua
965 3166 1076 3236 ratione
1092 3181 1125 3223 se
1140 3164 1314 3223 Lucretius4

292 3246 361 3305 dicit
377 3255 535 3324 praecepta
552 3245 754 3324 philosophiae
772 3248 896 3306 carmine
912 3265 980 3306 esse
996 3248 1192 3328 complexum
1212 3265 1289 3308 nam·

292 3348 349 3407 que
365 3331 435 3407 hac,
455 3339 485 3389 ut
500 3339 545 3389 est
560 3340 674 3406 notum,
697 3330 878 3390 similitudine
894 3333 993 3391 utitur:

445 3430 484 3478 Ac
498 3430 576 3478 veluti
590 3431 676 3496 pueris
692 3428 820 3480 absinthia
835 3437 915 3480 taetra
932 3431 1062 3481 medentes

446 3512 509 3563 Cum
525 3514 584 3564 dare
603 3523 736 3578 conentur,
754 3515 826 3579 prius
843 3528 900 3564 oras
914 3515 1006 3579 pocula
1022 3515 1117 3565 circum

445 3597 566 3662 Aspiraut
584 3599 666 3649 mellis
683 3599 751 3649 dulci
770 3599 887 3662 flavoque
906 3599 1018 3662 liquore,

292 3687 322 3738 et
340 3697 416 3757 quae
436 3691 604 3757 sequuntur.
643 3682 701 3741 Sed
723 3699 776 3740 nos
799 3699 947 3756 veremur,
970 3699 1006 3742 ne
1029 3700 1128 3760 parum
1150 3681 1196 3741 bic
1217 3682 1314 3745 libero

290 3763 390 3825 mellis
414 3772 443 3824 et
459 3765 590 3858 absinthii
608 3767 724 3826 muitum
743 3765 852 3827 babere
867 3765 1017 3846 videatur,
1038 3769 1138 3848 sitque
1149 3765 1298 3826 saiubrior
