<?xml version="1.0" encoding="UTF-8"?>
<!DOCTYPE html PUBLIC "-//W3C//DTD XHTML 1.0 Transitional//EN"
    "http://www.w3.org/TR/xhtml1/DTD/xhtml1-transitional.dtd">
<html xmlns="http://www.w3.org/1999/xhtml" xml:lang="en" lang="en">
 <head>
  <title>
</title>
<meta http-equiv="Content-Type" content="text/html;charset=utf-8" />
  <meta name='ocr-system' content='tesseract 3.04.00' />
  <meta name='ocr-capabilities' content='ocr_page ocr_carea ocr_par ocr_line ocrx_word'/>
</head>
<body>
  <div class='ocr_page' id='page_1' title='image "./mfabiiquintilia02quingoog_0124.png"; bbox 0 0 3184 4409; ppageno 0'>
   <div class='ocr_carea' id='block_1_1' title="bbox 336 459 1014 534">
    <p class='ocr_par' dir='ltr' id='par_1_1' title="bbox 336 459 1014 534">
     <span class='ocr_line' id='line_1_1' title="bbox 336 459 1014 534; baseline 0.003 -12"><span class='ocrx_word' id='word_1_1' title='bbox 336 459 377 522; x_wconf 88' lang='grc'><strong>96</strong></span> <span class='ocrx_word' id='word_1_2' title='bbox 510 487 527 497; x_wconf 84' lang='lat'><strong>..</strong></span> <span class='ocrx_word' id='word_1_3' title='bbox 655 472 782 522; x_wconf 65' lang='lat' dir='ltr'><strong>nunu.</strong></span> <span class='ocrx_word' id='word_1_4' title='bbox 795 474 1014 534; x_wconf 78' lang='lat' dir='ltr'><strong>oomrmrnm</strong></span> 
     </span>
    </p>
   </div>
   <div class='ocr_carea' id='block_1_2' title="bbox 277 626 1332 3395">
    <p class='ocr_par' dir='ltr' id='par_1_2' title="bbox 293 626 1332 1546">
     <span class='ocr_line' id='line_1_2' title="bbox 334 626 1331 714; baseline 0.004 -25"><span class='ocrx_word' id='word_1_5' title='bbox 334 631 391 689; x_wconf 89' lang='lat' dir='ltr'><strong>tori</strong></span> <span class='ocrx_word' id='word_1_6' title='bbox 408 626 606 689; x_wconf 71' lang='lat' dir='ltr'><strong>benedixisse</strong></span> <span class='ocrx_word' id='word_1_7' title='bbox 623 627 686 687; x_wconf 86' lang='lat' dir='ltr'><strong>finis</strong></span> <span class='ocrx_word' id='word_1_8' title='bbox 707 636 761 688; x_wconf 88' lang='grc' dir='ltr'><strong>εει.</strong></span> <span class='ocrx_word' id='word_1_9' title='bbox 793 626 865 689; x_wconf 89' lang='lat' dir='ltr'><strong>Nam</strong></span> <span class='ocrx_word' id='word_1_10' title='bbox 885 639 930 690; x_wconf 97' lang='grc' dir='ltr'><strong>εει</strong></span> <span class='ocrx_word' id='word_1_11' title='bbox 950 649 997 690; x_wconf 86' lang='lat' dir='ltr'><strong>are</strong></span> <span class='ocrx_word' id='word_1_12' title='bbox 1018 648 1067 705; x_wconf 86' lang='lat' dir='ltr'><strong>ea,</strong></span> <span class='ocrx_word' id='word_1_13' title='bbox 1088 639 1118 690; x_wconf 91' lang='lat' dir='ltr'><strong>ut</strong></span> <span class='ocrx_word' id='word_1_14' title='bbox 1131 640 1199 709; x_wconf 86' lang='lat' dir='ltr'><strong>post</strong></span> <span class='ocrx_word' id='word_1_15' title='bbox 1215 634 1331 714; x_wconf 72' lang='lat' dir='ltr'><strong>ppulum</strong></span> 
     </span>
     <span class='ocr_line' id='line_1_3' title="bbox 293 712 1331 790; baseline 0.005 -18"><span class='ocrx_word' id='word_1_16' title='bbox 293 712 440 776; x_wconf 74' lang='lat' dir='ltr'><strong>adalarius</strong></span> <span class='ocrx_word' id='word_1_17' title='bbox 456 713 651 788; x_wconf 78' lang='lat' dir='ltr'><strong>ostendemus,</strong></span> <span class='ocrx_word' id='word_1_18' title='bbox 669 715 697 771; x_wconf 91' lang='lat' dir='ltr'><strong>in</strong></span> <span class='ocrx_word' id='word_1_19' title='bbox 711 721 776 772; x_wconf 89' lang='lat' dir='ltr'><strong>aotu</strong></span> <span class='ocrx_word' id='word_1_20' title='bbox 792 715 887 790; x_wconf 91' lang='lat' dir='ltr'><strong>posita</strong></span> <span class='ocrx_word' id='word_1_21' title='bbox 901 731 958 772; x_wconf 92' lang='lat' dir='ltr'><strong>non</strong></span> <span class='ocrx_word' id='word_1_22' title='bbox 973 716 1002 773; x_wconf 92' lang='lat' dir='ltr'><strong>in</strong></span> <span class='ocrx_word' id='word_1_23' title='bbox 1017 714 1132 774; x_wconf 81' lang='lat' dir='ltr'><strong>effectu.</strong></span> <span class='ocrx_word' id='word_1_24' title='bbox 1166 715 1209 775; x_wconf 89' lang='lat' dir='ltr'><strong>lta</strong></span> <span class='ocrx_word' id='word_1_25' title='bbox 1224 714 1331 781; x_wconf 69' lang='lat' dir='ltr'><strong>tabum</strong></span> 
     </span>
     <span class='ocr_line' id='line_1_4' title="bbox 336 796 1332 876; baseline 0.006 -21"><span class='ocrx_word' id='word_1_26' title='bbox 336 796 480 859; x_wconf 88' lang='lat' dir='ltr'><strong>eritillud</strong></span> <span class='ocrx_word' id='word_1_27' title='bbox 502 813 634 875; x_wconf 86' lang='lat' dir='ltr'><strong>quoque,</strong></span> <span class='ocrx_word' id='word_1_28' title='bbox 658 797 735 874; x_wconf 90' lang='lat' dir='ltr'><strong>quod</strong></span> <span class='ocrx_word' id='word_1_29' title='bbox 755 798 877 872; x_wconf 82' lang='lat' dir='ltr'><strong>dicitur,</strong></span> <span class='ocrx_word' id='word_1_30' title='bbox 898 808 983 859; x_wconf 76' lang='lat' dir='ltr'><strong>artes</strong></span> <span class='ocrx_word' id='word_1_31' title='bbox 1001 800 1101 874; x_wconf 71' lang='lat' dir='ltr'><strong>seire,</strong></span> <span class='ocrx_word' id='word_1_32' title='bbox 1128 800 1253 876; x_wconf 80' lang='lat' dir='ltr'><strong>quondo</strong></span> <span class='ocrx_word' id='word_1_33' title='bbox 1270 803 1332 861; x_wconf 75' lang='lat' dir='ltr'><strong>rint</strong></span> 
     </span>
     <span class='ocr_line' id='line_1_5' title="bbox 333 880 1330 960; baseline 0.004 -21"><span class='ocrx_word' id='word_1_34' title='bbox 333 881 425 958; x_wconf 78' lang='lat' dir='ltr'><strong>finem</strong></span> <span class='ocrx_word' id='word_1_35' title='bbox 438 889 637 951; x_wconf 55' lang='lat' dir='ltr'><strong>consecuta&amp;</strong></span> <span class='ocrx_word' id='word_1_36' title='bbox 652 881 824 943; x_wconf 73' lang='lat' dir='ltr'><strong>rtetortcen</strong></span> <span class='ocrx_word' id='word_1_37' title='bbox 836 883 965 945; x_wconf 78' lang='lat' dir='ltr'><strong>nescire.</strong></span> <span class='ocrx_word' id='word_1_38' title='bbox 991 880 1063 942; x_wconf 91' lang='lat' dir='ltr'><strong>Nam</strong></span> <span class='ocrx_word' id='word_1_39' title='bbox 1074 900 1107 941; x_wconf 86' lang='grc' dir='ltr'><strong>εε</strong></span> <span class='ocrx_word' id='word_1_40' title='bbox 1119 884 1241 960; x_wconf 88' lang='lat' dir='ltr'><strong>quisque</strong></span> <span class='ocrx_word' id='word_1_41' title='bbox 1254 883 1330 944; x_wconf 89' lang='lat' dir='ltr'><strong>bene</strong></span> 
     </span>
     <span class='ocr_line' id='line_1_6' title="bbox 336 964 593 1041; baseline 0 -18"><span class='ocrx_word' id='word_1_42' title='bbox 336 965 435 1023; x_wconf 85' lang='lat' dir='ltr'><strong>dicere</strong></span> <span class='ocrx_word' id='word_1_43' title='bbox 447 964 593 1041; x_wconf 83' lang='lat' dir='ltr'><strong>iutelligit.</strong></span> 
     </span>
     <span class='ocr_line' id='line_1_7' title="bbox 423 1045 1329 1126; baseline 0.003 -19"><span class='ocrx_word' id='word_1_44' title='bbox 423 1045 470 1108; x_wconf 79' lang='lat' dir='ltr'><strong>Uti</strong></span> <span class='ocrx_word' id='word_1_45' title='bbox 485 1051 570 1107; x_wconf 89' lang='lat' dir='ltr'><strong>etiam</strong></span> <span class='ocrx_word' id='word_1_46' title='bbox 583 1048 666 1109; x_wconf 69' lang='lat' dir='ltr'><strong>vitiis</strong></span> <span class='ocrx_word' id='word_1_47' title='bbox 678 1046 866 1123; x_wconf 73' lang='lat' dir='ltr'><strong>rhetoricen,</strong></span> <span class='ocrx_word' id='word_1_48' title='bbox 886 1048 964 1126; x_wconf 89' lang='lat' dir='ltr'><strong>quod</strong></span> <span class='ocrx_word' id='word_1_49' title='bbox 984 1066 1031 1108; x_wconf 88' lang='lat' dir='ltr'><strong>ars</strong></span> <span class='ocrx_word' id='word_1_50' title='bbox 1048 1049 1127 1109; x_wconf 93' lang='lat' dir='ltr'><strong>nulla</strong></span> <span class='ocrx_word' id='word_1_51' title='bbox 1150 1048 1255 1126; x_wconf 81' lang='lat' dir='ltr'><strong>faeiat,</strong></span> <span class='ocrx_word' id='word_1_52' title='bbox 1276 1054 1329 1110; x_wconf 81' lang='lat' dir='ltr'><strong>ori-</strong></span> 
     </span>
     <span class='ocr_line' id='line_1_8' title="bbox 293 1130 1330 1210; baseline 0.009 -25"><span class='ocrx_word' id='word_1_53' title='bbox 293 1130 491 1208; x_wconf 69' lang='lat' dir='ltr'><strong>biminantur,</strong></span> <span class='ocrx_word' id='word_1_54' title='bbox 511 1135 576 1210; x_wconf 92' lang='lat' dir='ltr'><strong>quia</strong></span> <span class='ocrx_word' id='word_1_55' title='bbox 598 1140 626 1190; x_wconf 91' lang='lat' dir='ltr'><strong>et</strong></span> <span class='ocrx_word' id='word_1_56' title='bbox 636 1131 744 1191; x_wconf 80' lang='lat' dir='ltr'><strong>&#39;ialsum</strong></span> <span class='ocrx_word' id='word_1_57' title='bbox 762 1132 838 1191; x_wconf 89' lang='lat' dir='ltr'><strong>dieat</strong></span> <span class='ocrx_word' id='word_1_58' title='bbox 858 1141 887 1191; x_wconf 87' lang='lat' dir='ltr'><strong>et</strong></span> <span class='ocrx_word' id='word_1_59' title='bbox 906 1133 1027 1192; x_wconf 83' lang='lat' dir='ltr'><strong>allectus</strong></span> <span class='ocrx_word' id='word_1_60' title='bbox 1041 1142 1165 1193; x_wconf 90' lang='lat' dir='ltr'><strong>moveat.</strong></span> <span class='ocrx_word' id='word_1_61' title='bbox 1200 1133 1330 1207; x_wconf 83' lang='lat' dir='ltr'><strong>Quorum</strong></span> 
     </span>
     <span class='ocr_line' id='line_1_9' title="bbox 335 1215 1329 1294; baseline 0 -20"><span class='ocrx_word' id='word_1_62' title='bbox 335 1225 465 1274; x_wconf 90' lang='lat' dir='ltr'><strong>neutrum</strong></span> <span class='ocrx_word' id='word_1_63' title='bbox 485 1226 529 1275; x_wconf 90' lang='lat' dir='ltr'><strong>est</strong></span> <span class='ocrx_word' id='word_1_64' title='bbox 545 1225 646 1293; x_wconf 84' lang='lat' dir='ltr'><strong>turpe,</strong></span> <span class='ocrx_word' id='word_1_65' title='bbox 671 1234 734 1275; x_wconf 89' lang='lat' dir='ltr'><strong>oum</strong></span> <span class='ocrx_word' id='word_1_66' title='bbox 749 1233 786 1273; x_wconf 87' lang='lat' dir='ltr'><strong>ex</strong></span> <span class='ocrx_word' id='word_1_67' title='bbox 800 1215 876 1275; x_wconf 90' lang='lat' dir='ltr'><strong>bona</strong></span> <span class='ocrx_word' id='word_1_68' title='bbox 890 1218 1000 1290; x_wconf 88' lang='lat' dir='ltr'><strong>ratione</strong></span> <span class='ocrx_word' id='word_1_69' title='bbox 1016 1218 1224 1294; x_wconf 79' lang='lat' dir='ltr'><strong>proficiscitur,</strong></span> <span class='ocrx_word' id='word_1_70' title='bbox 1248 1218 1329 1278; x_wconf 69' lang='lat' dir='ltr'><strong>ideo-v</strong></span> 
     </span>
     <span class='ocr_line' id='line_1_10' title="bbox 336 1297 1329 1379; baseline 0.003 -21"><span class='ocrx_word' id='word_1_71' title='bbox 336 1318 391 1379; x_wconf 92' lang='lat' dir='ltr'><strong>que</strong></span> <span class='ocrx_word' id='word_1_72' title='bbox 411 1308 541 1358; x_wconf 91' lang='lat' dir='ltr'><strong>neutrum</strong></span> <span class='ocrx_word' id='word_1_73' title='bbox 560 1301 666 1357; x_wconf 87' lang='lat' dir='ltr'><strong>vitium.</strong></span> <span class='ocrx_word' id='word_1_74' title='bbox 706 1297 777 1357; x_wconf 86' lang='lat' dir='ltr'><strong>Nam</strong></span> <span class='ocrx_word' id='word_1_75' title='bbox 803 1309 833 1359; x_wconf 92' lang='lat' dir='ltr'><strong>et</strong></span> <span class='ocrx_word' id='word_1_76' title='bbox 852 1301 1030 1360; x_wconf 82' lang='lat' dir='ltr'><strong>mendacium</strong></span> <span class='ocrx_word' id='word_1_77' title='bbox 1051 1301 1150 1361; x_wconf 83' lang='lat' dir='ltr'><strong>dicere</strong></span> <span class='ocrx_word' id='word_1_78' title='bbox 1176 1302 1263 1360; x_wconf 88' lang='lat' dir='ltr'><strong>etiam</strong></span> <span class='ocrx_word' id='word_1_79' title='bbox 1284 1321 1329 1361; x_wconf 83' lang='lat' dir='ltr'><strong>sa-</strong></span> 
     </span>
     <span class='ocr_line' id='line_1_11' title="bbox 334 1383 1330 1462; baseline 0.004 -20"><span class='ocrx_word' id='word_1_80' title='bbox 334 1386 423 1462; x_wconf 83' lang='lat' dir='ltr'><strong>pienti</strong></span> <span class='ocrx_word' id='word_1_81' title='bbox 448 1383 600 1461; x_wconf 87' lang='lat' dir='ltr'><strong>aliquando</strong></span> <span class='ocrx_word' id='word_1_82' title='bbox 627 1399 797 1442; x_wconf 80' lang='lat' dir='ltr'><strong>conoessum</strong></span> <span class='ocrx_word' id='word_1_83' title='bbox 823 1393 884 1460; x_wconf 88' lang='grc' dir='ltr'><strong>εει,</strong></span> <span class='ocrx_word' id='word_1_84' title='bbox 913 1394 942 1443; x_wconf 88' lang='grc' dir='ltr'><strong>ει</strong></span> <span class='ocrx_word' id='word_1_85' title='bbox 966 1385 1103 1460; x_wconf 72' lang='lat' dir='ltr'><strong>allectus,</strong></span> <span class='ocrx_word' id='word_1_86' title='bbox 1129 1387 1154 1445; x_wconf 85' lang='lat' dir='ltr'><strong>si</strong></span> <span class='ocrx_word' id='word_1_87' title='bbox 1180 1383 1266 1444; x_wconf 90' lang='lat' dir='ltr'><strong>aliter</strong></span> <span class='ocrx_word' id='word_1_88' title='bbox 1293 1386 1330 1446; x_wconf 85' lang='lat' dir='ltr'><strong>ad</strong></span> 
     </span>
     <span class='ocr_line' id='line_1_12' title="bbox 335 1466 1331 1546; baseline 0.001 -19"><span class='ocrx_word' id='word_1_89' title='bbox 335 1469 507 1544; x_wconf 78' lang='lat' dir='ltr'><strong>aequitatem</strong></span> <span class='ocrx_word' id='word_1_90' title='bbox 529 1466 649 1544; x_wconf 87' lang='lat' dir='ltr'><strong>perduoi</strong></span> <span class='ocrx_word' id='word_1_91' title='bbox 670 1467 756 1526; x_wconf 90' lang='lat' dir='ltr'><strong>iudex</strong></span> <span class='ocrx_word' id='word_1_92' title='bbox 780 1485 838 1526; x_wconf 92' lang='lat' dir='ltr'><strong>non</strong></span> <span class='ocrx_word' id='word_1_93' title='bbox 858 1471 983 1546; x_wconf 82' lang='lat' dir='ltr'><strong>poterit,</strong></span> <span class='ocrx_word' id='word_1_94' title='bbox 1011 1470 1179 1527; x_wconf 88' lang='lat' dir='ltr'><strong>necessario</strong></span> <span class='ocrx_word' id='word_1_95' title='bbox 1201 1469 1331 1528; x_wconf 87' lang='lat' dir='ltr'><strong>movebit</strong></span> 
     </span>
    </p>

    <p class='ocr_par' dir='ltr' id='par_1_3' title="bbox 277 1550 1330 1966">
     <span class='ocr_line' id='line_1_13' title="bbox 277 1550 1330 1630; baseline 0.001 -18"><span class='ocrx_word' id='word_1_96' title='bbox 277 1560 442 1612; x_wconf 74' lang='lat' dir='ltr'><strong>‘aeoraton</strong></span> <span class='ocrx_word' id='word_1_97' title='bbox 487 1550 614 1627; x_wconf 85' lang='lat' dir='ltr'><strong>Imperiti</strong></span> <span class='ocrx_word' id='word_1_98' title='bbox 641 1552 715 1609; x_wconf 91' lang='lat' dir='ltr'><strong>enim</strong></span> <span class='ocrx_word' id='word_1_99' title='bbox 739 1551 864 1610; x_wconf 87' lang='lat' dir='ltr'><strong>iudicant</strong></span> <span class='ocrx_word' id='word_1_100' title='bbox 899 1561 928 1611; x_wconf 91' lang='lat' dir='ltr'><strong>et</strong></span> <span class='ocrx_word' id='word_1_101' title='bbox 953 1554 1000 1629; x_wconf 92' lang='lat' dir='ltr'><strong>qui</strong></span> <span class='ocrx_word' id='word_1_102' title='bbox 1025 1552 1193 1630; x_wconf 86' lang='lat' dir='ltr'><strong>frequenter</strong></span> <span class='ocrx_word' id='word_1_103' title='bbox 1216 1554 1245 1611; x_wconf 93' lang='lat' dir='ltr'><strong>iu</strong></span> <span class='ocrx_word' id='word_1_104' title='bbox 1271 1553 1330 1613; x_wconf 89' lang='lat' dir='ltr'><strong>boo</strong></span> 
     </span>
     <span class='ocr_line' id='line_1_14' title="bbox 335 1634 1329 1714; baseline 0.001 -20"><span class='ocrx_word' id='word_1_105' title='bbox 335 1638 428 1711; x_wconf 91' lang='lat' dir='ltr'><strong>ipsum</strong></span> <span class='ocrx_word' id='word_1_106' title='bbox 447 1634 567 1693; x_wconf 84' lang='lat' dir='ltr'><strong>fallendi</strong></span> <span class='ocrx_word' id='word_1_107' title='bbox 588 1635 658 1709; x_wconf 83' lang='lat' dir='ltr'><strong>sint,</strong></span> <span class='ocrx_word' id='word_1_108' title='bbox 680 1653 716 1692; x_wconf 89' lang='lat' dir='ltr'><strong>ne</strong></span> <span class='ocrx_word' id='word_1_109' title='bbox 740 1645 846 1694; x_wconf 87' lang='lat' dir='ltr'><strong>errent.</strong></span> <span class='ocrx_word' id='word_1_110' title='bbox 877 1635 964 1711; x_wconf 83' lang='lat' dir='ltr'><strong>Nam,</strong></span> <span class='ocrx_word' id='word_1_111' title='bbox 989 1638 1013 1695; x_wconf 89' lang='lat' dir='ltr'><strong>si</strong></span> <span class='ocrx_word' id='word_1_112' title='bbox 1032 1637 1099 1695; x_wconf 92' lang='lat' dir='ltr'><strong>mibi</strong></span> <span class='ocrx_word' id='word_1_113' title='bbox 1123 1638 1272 1714; x_wconf 80' lang='lat' dir='ltr'><strong>sapientes</strong></span> <span class='ocrx_word' id='word_1_114' title='bbox 1287 1640 1329 1697; x_wconf 89' lang='lat' dir='ltr'><strong>iu·</strong></span> 
     </span>
     <span class='ocr_line' id='line_1_15' title="bbox 336 1718 1328 1797; baseline 0.001 -19"><span class='ocrx_word' id='word_1_115' title='bbox 336 1720 416 1778; x_wconf 88' lang='lat' dir='ltr'><strong>dioes</strong></span> <span class='ocrx_word' id='word_1_116' title='bbox 438 1718 554 1793; x_wconf 85' lang='lat' dir='ltr'><strong>dentur,</strong></span> <span class='ocrx_word' id='word_1_117' title='bbox 581 1719 750 1795; x_wconf 90' lang='lat' dir='ltr'><strong>sapientium</strong></span> <span class='ocrx_word' id='word_1_118' title='bbox 773 1721 924 1778; x_wconf 87' lang='lat' dir='ltr'><strong>contiones</strong></span> <span class='ocrx_word' id='word_1_119' title='bbox 946 1729 1033 1797; x_wconf 89' lang='lat' dir='ltr'><strong>atque</strong></span> <span class='ocrx_word' id='word_1_120' title='bbox 1055 1738 1138 1779; x_wconf 84' lang='lat' dir='ltr'><strong>omne</strong></span> <span class='ocrx_word' id='word_1_121' title='bbox 1160 1718 1328 1786; x_wconf 83' lang='lat' dir='ltr'><strong>eonsilium:</strong></span> 
     </span>
     <span class='ocr_line' id='line_1_16' title="bbox 335 1801 1329 1882; baseline 0.002 -22"><span class='ocrx_word' id='word_1_122' title='bbox 335 1801 404 1861; x_wconf 91' lang='lat' dir='ltr'><strong>nihil</strong></span> <span class='ocrx_word' id='word_1_123' title='bbox 421 1802 524 1861; x_wconf 88' lang='lat' dir='ltr'><strong>invidia</strong></span> <span class='ocrx_word' id='word_1_124' title='bbox 539 1801 652 1876; x_wconf 85' lang='lat' dir='ltr'><strong>valeat,</strong></span> <span class='ocrx_word' id='word_1_125' title='bbox 674 1801 742 1861; x_wconf 91' lang='lat' dir='ltr'><strong>nihil</strong></span> <span class='ocrx_word' id='word_1_126' title='bbox 757 1805 861 1878; x_wconf 81' lang='lat' dir='ltr'><strong>gratia,</strong></span> <span class='ocrx_word' id='word_1_127' title='bbox 879 1802 948 1862; x_wconf 91' lang='lat' dir='ltr'><strong>nihil</strong></span> <span class='ocrx_word' id='word_1_128' title='bbox 964 1805 1061 1881; x_wconf 94' lang='lat' dir='ltr'><strong>opinio</strong></span> <span class='ocrx_word' id='word_1_129' title='bbox 1076 1812 1259 1882; x_wconf 85' lang='lat' dir='ltr'><strong>praesumpta</strong></span> <span class='ocrx_word' id='word_1_130' title='bbox 1274 1804 1329 1863; x_wconf 86' lang='lat' dir='ltr'><strong>ial-</strong></span> 
     </span>
     <span class='ocr_line' id='line_1_17' title="bbox 335 1886 1330 1966; baseline 0.002 -22"><span class='ocrx_word' id='word_1_131' title='bbox 335 1888 417 1964; x_wconf 85' lang='lat' dir='ltr'><strong>sique</strong></span> <span class='ocrx_word' id='word_1_132' title='bbox 433 1894 540 1944; x_wconf 87' lang='lat' dir='ltr'><strong>testes:</strong></span> <span class='ocrx_word' id='word_1_133' title='bbox 556 1903 693 1963; x_wconf 89' lang='lat' dir='ltr'><strong>perquam</strong></span> <span class='ocrx_word' id='word_1_134' title='bbox 707 1888 744 1944; x_wconf 88' lang='lat' dir='ltr'><strong>sit</strong></span> <span class='ocrx_word' id='word_1_135' title='bbox 760 1888 881 1963; x_wconf 83' lang='lat' dir='ltr'><strong>exiguus</strong></span> <span class='ocrx_word' id='word_1_136' title='bbox 895 1886 1079 1966; x_wconf 82' lang='lat' dir='ltr'><strong>eloquentiae</strong></span> <span class='ocrx_word' id='word_1_137' title='bbox 1093 1888 1175 1947; x_wconf 85' lang='lat' dir='ltr'><strong>loous</strong></span> <span class='ocrx_word' id='word_1_138' title='bbox 1190 1896 1219 1946; x_wconf 89' lang='lat' dir='ltr'><strong>et</strong></span> <span class='ocrx_word' id='word_1_139' title='bbox 1232 1904 1330 1966; x_wconf 89' lang='lat' dir='ltr'><strong>prope</strong></span> 
     </span>
    </p>

    <p class='ocr_par' dir='ltr' id='par_1_4' title="bbox 293 1968 1329 2302">
     <span class='ocr_line' id='line_1_18' title="bbox 293 1968 1329 2047; baseline 0.001 -18"><span class='ocrx_word' id='word_1_140' title='bbox 293 1973 361 2035; x_wconf 76' lang='lat' dir='ltr'><strong>29in</strong></span> <span class='ocrx_word' id='word_1_141' title='bbox 376 1971 439 2029; x_wconf 90' lang='lat' dir='ltr'><strong>sola</strong></span> <span class='ocrx_word' id='word_1_142' title='bbox 454 1970 647 2033; x_wconf 75' lang='lat' dir='ltr'><strong>delectatione</strong></span> <span class='ocrx_word' id='word_1_143' title='bbox 668 1968 800 2047; x_wconf 72' lang='lat' dir='ltr'><strong>ponatur.</strong></span> <span class='ocrx_word' id='word_1_144' title='bbox 832 1971 881 2030; x_wconf 89' lang='lat' dir='ltr'><strong>Sin</strong></span> <span class='ocrx_word' id='word_1_145' title='bbox 896 1981 924 2030; x_wconf 90' lang='lat' dir='ltr'><strong>et</strong></span> <span class='ocrx_word' id='word_1_146' title='bbox 943 1971 1116 2031; x_wconf 90' lang='lat' dir='ltr'><strong>audientium</strong></span> <span class='ocrx_word' id='word_1_147' title='bbox 1129 1970 1252 2031; x_wconf 84' lang='lat' dir='ltr'><strong>mobiles</strong></span> <span class='ocrx_word' id='word_1_148' title='bbox 1268 1975 1329 2030; x_wconf 91' lang='lat' dir='ltr'><strong>ani-</strong></span> 
     </span>
     <span class='ocr_line' id='line_1_19' title="bbox 334 2054 1328 2133; baseline 0.002 -21"><span class='ocrx_word' id='word_1_149' title='bbox 334 2057 372 2112; x_wconf 92' lang='lat' dir='ltr'><strong>mi</strong></span> <span class='ocrx_word' id='word_1_150' title='bbox 387 2064 415 2113; x_wconf 93' lang='lat' dir='ltr'><strong>et</strong></span> <span class='ocrx_word' id='word_1_151' title='bbox 430 2063 471 2112; x_wconf 92' lang='lat' dir='ltr'><strong>tot</strong></span> <span class='ocrx_word' id='word_1_152' title='bbox 486 2055 568 2114; x_wconf 88' lang='lat' dir='ltr'><strong>malis</strong></span> <span class='ocrx_word' id='word_1_153' title='bbox 583 2054 707 2113; x_wconf 88' lang='lat' dir='ltr'><strong>obnoxia</strong></span> <span class='ocrx_word' id='word_1_154' title='bbox 721 2057 844 2114; x_wconf 87' lang='lat' dir='ltr'><strong>veritas:</strong></span> <span class='ocrx_word' id='word_1_155' title='bbox 867 2065 929 2115; x_wconf 90' lang='lat' dir='ltr'><strong>arte</strong></span> <span class='ocrx_word' id='word_1_156' title='bbox 946 2057 1127 2133; x_wconf 86' lang='lat' dir='ltr'><strong>pugnandum</strong></span> <span class='ocrx_word' id='word_1_157' title='bbox 1142 2065 1187 2115; x_wconf 87' lang='lat' dir='ltr'><strong>est</strong></span> <span class='ocrx_word' id='word_1_158' title='bbox 1204 2065 1234 2114; x_wconf 92' lang='lat' dir='ltr'><strong>et</strong></span> <span class='ocrx_word' id='word_1_159' title='bbox 1248 2056 1328 2116; x_wconf 84' lang='lat' dir='ltr'><strong>adbi-</strong></span> 
     </span>
     <span class='ocr_line' id='line_1_20' title="bbox 334 2137 1328 2218; baseline 0.001 -22"><span class='ocrx_word' id='word_1_160' title='bbox 334 2137 427 2197; x_wconf 90' lang='lat' dir='ltr'><strong>benda</strong></span> <span class='ocrx_word' id='word_1_161' title='bbox 451 2156 524 2216; x_wconf 90' lang='lat' dir='ltr'><strong>quae</strong></span> <span class='ocrx_word' id='word_1_162' title='bbox 548 2149 676 2216; x_wconf 90' lang='lat' dir='ltr'><strong>prosunt.</strong></span> <span class='ocrx_word' id='word_1_163' title='bbox 715 2138 818 2217; x_wconf 84' lang='lat' dir='ltr'><strong>Neque</strong></span> <span class='ocrx_word' id='word_1_164' title='bbox 842 2142 931 2215; x_wconf 87' lang='lat' dir='ltr'><strong>enim,</strong></span> <span class='ocrx_word' id='word_1_165' title='bbox 952 2143 1000 2218; x_wconf 90' lang='lat' dir='ltr'><strong>qui</strong></span> <span class='ocrx_word' id='word_1_166' title='bbox 1019 2150 1101 2200; x_wconf 89' lang='lat' dir='ltr'><strong>reeta</strong></span> <span class='ocrx_word' id='word_1_167' title='bbox 1120 2141 1168 2199; x_wconf 81' lang='lat' dir='ltr'><strong>via</strong></span> <span class='ocrx_word' id='word_1_168' title='bbox 1187 2139 1328 2217; x_wconf 90' lang='lat' dir='ltr'><strong>depulsus</strong></span> 
     </span>
     <span class='ocr_line' id='line_1_21' title="bbox 335 2223 997 2302; baseline 0.002 -22"><span class='ocrx_word' id='word_1_169' title='bbox 335 2232 396 2297; x_wconf 82' lang='grc' dir='ltr'><strong>εει,</strong></span> <span class='ocrx_word' id='word_1_170' title='bbox 417 2223 515 2282; x_wconf 91' lang='lat' dir='ltr'><strong>reduoi</strong></span> <span class='ocrx_word' id='word_1_171' title='bbox 530 2225 565 2283; x_wconf 94' lang='lat' dir='ltr'><strong>ad</strong></span> <span class='ocrx_word' id='word_1_172' title='bbox 580 2242 641 2284; x_wconf 89' lang='lat' dir='ltr'><strong>eam</strong></span> <span class='ocrx_word' id='word_1_173' title='bbox 655 2225 709 2283; x_wconf 89' lang='lat' dir='ltr'><strong>nisi</strong></span> <span class='ocrx_word' id='word_1_174' title='bbox 723 2223 780 2283; x_wconf 91' lang='lat' dir='ltr'><strong>alio</strong></span> <span class='ocrx_word' id='word_1_175' title='bbox 797 2223 873 2283; x_wconf 89' lang='lat' dir='ltr'><strong>ilexu</strong></span> <span class='ocrx_word' id='word_1_176' title='bbox 889 2232 997 2302; x_wconf 86' lang='lat' dir='ltr'><strong>potest.</strong></span> 
     </span>
    </p>

    <p class='ocr_par' dir='ltr' id='par_1_5' title="bbox 292 2306 1329 2889">
     <span class='ocr_line' id='line_1_22' title="bbox 292 2306 1327 2381; baseline -0.008 -10"><span class='ocrx_word' id='word_1_177' title='bbox 292 2318 328 2371; x_wconf 81' lang='lat'><strong>30</strong></span> <span class='ocrx_word' id='word_1_178' title='bbox 418 2307 540 2366; x_wconf 88' lang='lat' dir='ltr'><strong>Plurima</strong></span> <span class='ocrx_word' id='word_1_179' title='bbox 561 2326 632 2366; x_wconf 89' lang='lat' dir='ltr'><strong>vero</strong></span> <span class='ocrx_word' id='word_1_180' title='bbox 659 2324 754 2366; x_wconf 89' lang='lat' dir='ltr'><strong>exeo</strong></span> <span class='ocrx_word' id='word_1_181' title='bbox 781 2317 881 2367; x_wconf 87' lang='lat' dir='ltr'><strong>eontra</strong></span> <span class='ocrx_word' id='word_1_182' title='bbox 907 2308 1071 2381; x_wconf 65' lang='lat' dir='ltr'><strong>rhetoricen</strong></span> <span class='ocrx_word' id='word_1_183' title='bbox 1098 2306 1243 2366; x_wconf 81' lang='lat' dir='ltr'><strong>ouvillatio</strong></span> <span class='ocrx_word' id='word_1_184' title='bbox 1271 2315 1327 2380; x_wconf 82' lang='lat' dir='ltr'><strong>est,</strong></span> 
     </span>
     <span class='ocr_line' id='line_1_23' title="bbox 335 2390 1328 2469; baseline 0 -21"><span class='ocrx_word' id='word_1_185' title='bbox 335 2391 412 2468; x_wconf 92' lang='lat' dir='ltr'><strong>quod</strong></span> <span class='ocrx_word' id='word_1_186' title='bbox 434 2410 471 2449; x_wconf 85' lang='lat' dir='ltr'><strong>ex</strong></span> <span class='ocrx_word' id='word_1_187' title='bbox 491 2400 612 2469; x_wconf 88' lang='lat' dir='ltr'><strong>utraque</strong></span> <span class='ocrx_word' id='word_1_188' title='bbox 631 2408 735 2450; x_wconf 86' lang='lat' dir='ltr'><strong>causae</strong></span> <span class='ocrx_word' id='word_1_189' title='bbox 751 2401 833 2469; x_wconf 88' lang='lat' dir='ltr'><strong>parte</strong></span> <span class='ocrx_word' id='word_1_190' title='bbox 854 2391 973 2451; x_wconf 83' lang='lat' dir='ltr'><strong>dicatur.</strong></span> <span class='ocrx_word' id='word_1_191' title='bbox 1007 2390 1077 2450; x_wconf 89' lang='lat' dir='ltr'><strong>lude</strong></span> <span class='ocrx_word' id='word_1_192' title='bbox 1099 2390 1187 2450; x_wconf 88' lang='lat' dir='ltr'><strong>baeo:</strong></span> <span class='ocrx_word' id='word_1_193' title='bbox 1210 2391 1328 2450; x_wconf 78' lang='lat' dir='ltr'><strong>nullam</strong></span> 
     </span>
     <span class='ocr_line' id='line_1_24' title="bbox 334 2476 1328 2551; baseline -0.002 -16"><span class='ocrx_word' id='word_1_194' title='bbox 334 2483 518 2535; x_wconf 72' lang='lat' dir='ltr'><strong>estuantem</strong></span> <span class='ocrx_word' id='word_1_195' title='bbox 543 2477 731 2536; x_wconf 81' lang='lat' dir='ltr'><strong>contrariam</strong></span> <span class='ocrx_word' id='word_1_196' title='bbox 755 2477 830 2551; x_wconf 81' lang='lat' dir='ltr'><strong>sibi,</strong></span> <span class='ocrx_word' id='word_1_197' title='bbox 854 2476 1026 2537; x_wconf 72' lang='lat' dir='ltr'><strong>rhetoricen</strong></span> <span class='ocrx_word' id='word_1_198' title='bbox 1050 2493 1117 2536; x_wconf 78' lang='lat' dir='ltr'><strong>eoae</strong></span> <span class='ocrx_word' id='word_1_199' title='bbox 1138 2476 1328 2536; x_wconf 53' lang='lat' dir='ltr'><strong>contrariam</strong></span> 
     </span>
     <span class='ocr_line' id='line_1_25' title="bbox 333 2558 1329 2642; baseline 0.001 -26"><span class='ocrx_word' id='word_1_200' title='bbox 333 2558 407 2623; x_wconf 58' lang='lat' dir='ltr'><strong>sibi·</strong></span> <span class='ocrx_word' id='word_1_201' title='bbox 425 2559 542 2620; x_wconf 82' lang='lat' dir='ltr'><strong>nullam</strong></span> <span class='ocrx_word' id='word_1_202' title='bbox 556 2567 653 2620; x_wconf 85' lang='lat' dir='ltr'><strong>ortem</strong></span> <span class='ocrx_word' id='word_1_203' title='bbox 667 2561 842 2633; x_wconf 80' lang='lat' dir='ltr'><strong>destruere,</strong></span> <span class='ocrx_word' id='word_1_204' title='bbox 858 2560 940 2636; x_wconf 80' lang='lat' dir='ltr'><strong>quod</strong></span> <span class='ocrx_word' id='word_1_205' title='bbox 954 2559 1096 2642; x_wconf 66' lang='lat' dir='ltr'><strong>effecerit,</strong></span> <span class='ocrx_word' id='word_1_206' title='bbox 1111 2558 1258 2619; x_wconf 80' lang='lat' dir='ltr'><strong>accidere</strong></span> <span class='ocrx_word' id='word_1_207' title='bbox 1270 2558 1329 2618; x_wconf 87' lang='lat' dir='ltr'><strong>boo</strong></span> 
     </span>
     <span class='ocr_line' id='line_1_26' title="bbox 334 2641 1327 2719; baseline 0.004 -21"><span class='ocrx_word' id='word_1_208' title='bbox 334 2641 501 2703; x_wconf 74' lang='lat' dir='ltr'><strong>rhetorices</strong></span> <span class='ocrx_word' id='word_1_209' title='bbox 521 2644 627 2719; x_wconf 79' lang='lat' dir='ltr'><strong>operi,-</strong></span> <span class='ocrx_word' id='word_1_210' title='bbox 650 2644 721 2704; x_wconf 84' lang='lat' dir='ltr'><strong>item</strong></span> <span class='ocrx_word' id='word_1_211' title='bbox 740 2651 795 2704; x_wconf 80' lang='lat' dir='ltr'><strong>out</strong></span> <span class='ocrx_word' id='word_1_212' title='bbox 817 2643 951 2704; x_wconf 80' lang='lat' dir='ltr'><strong>dicanda</strong></span> <span class='ocrx_word' id='word_1_213' title='bbox 972 2661 1041 2704; x_wconf 85' lang='lat' dir='ltr'><strong>eom</strong></span> <span class='ocrx_word' id='word_1_214' title='bbox 1062 2641 1177 2703; x_wconf 81' lang='lat' dir='ltr'><strong>dooere</strong></span> <span class='ocrx_word' id='word_1_215' title='bbox 1192 2649 1247 2700; x_wconf 84' lang='lat' dir='ltr'><strong>out</strong></span> <span class='ocrx_word' id='word_1_216' title='bbox 1267 2660 1327 2702; x_wconf 82' lang='lat' dir='ltr'><strong>non</strong></span> 
     </span>
     <span class='ocr_line' id='line_1_27' title="bbox 335 2725 1328 2805; baseline 0 -21"><span class='ocrx_word' id='word_1_217' title='bbox 335 2725 484 2801; x_wconf 81' lang='lat' dir='ltr'><strong>dicendo,</strong></span> <span class='ocrx_word' id='word_1_218' title='bbox 502 2727 606 2802; x_wconf 80' lang='lat' dir='ltr'><strong>itaque</strong></span> <span class='ocrx_word' id='word_1_219' title='bbox 620 2729 669 2788; x_wconf 83' lang='lat' dir='ltr'><strong>oet</strong></span> <span class='ocrx_word' id='word_1_220' title='bbox 680 2746 739 2805; x_wconf 87' lang='lat' dir='ltr'><strong>per</strong></span> <span class='ocrx_word' id='word_1_221' title='bbox 753 2727 810 2789; x_wconf 86' lang='lat' dir='ltr'><strong>boo</strong></span> <span class='ocrx_word' id='word_1_222' title='bbox 824 2747 884 2788; x_wconf 84' lang='lat' dir='ltr'><strong>noo</strong></span> <span class='ocrx_word' id='word_1_223' title='bbox 898 2747 964 2789; x_wconf 76' lang='lat' dir='ltr'><strong>erte</strong></span> <span class='ocrx_word' id='word_1_224' title='bbox 978 2735 1091 2802; x_wconf 85' lang='lat' dir='ltr'><strong>ortem,</strong></span> <span class='ocrx_word' id='word_1_225' title='bbox 1108 2727 1189 2803; x_wconf 83' lang='lat' dir='ltr'><strong>quod</strong></span> <span class='ocrx_word' id='word_1_226' title='bbox 1202 2744 1263 2785; x_wconf 83' lang='lat' dir='ltr'><strong>non</strong></span> <span class='ocrx_word' id='word_1_227' title='bbox 1278 2726 1328 2785; x_wconf 82' lang='lat' dir='ltr'><strong>di-</strong></span> 
     </span>
     <span class='ocr_line' id='line_1_28' title="bbox 335 2811 1329 2889; baseline 0 -20"><span class='ocrx_word' id='word_1_228' title='bbox 335 2811 435 2870; x_wconf 81' lang='lat' dir='ltr'><strong>oendo</strong></span> <span class='ocrx_word' id='word_1_229' title='bbox 448 2813 640 2888; x_wconf 76' lang='lat' dir='ltr'><strong>praecipiat,</strong></span> <span class='ocrx_word' id='word_1_230' title='bbox 657 2813 707 2872; x_wconf 85' lang='lat' dir='ltr'><strong>oei</strong></span> <span class='ocrx_word' id='word_1_231' title='bbox 716 2830 776 2889; x_wconf 85' lang='lat' dir='ltr'><strong>per</strong></span> <span class='ocrx_word' id='word_1_232' title='bbox 791 2811 867 2886; x_wconf 80' lang='lat' dir='ltr'><strong>boe,</strong></span> <span class='ocrx_word' id='word_1_233' title='bbox 886 2812 982 2889; x_wconf 83' lang='lat' dir='ltr'><strong>quod,</strong></span> <span class='ocrx_word' id='word_1_234' title='bbox 1001 2830 1069 2871; x_wconf 82' lang='lat' dir='ltr'><strong>com</strong></span> <span class='ocrx_word' id='word_1_235' title='bbox 1086 2811 1220 2872; x_wconf 78' lang='lat' dir='ltr'><strong>dicendo</strong></span> <span class='ocrx_word' id='word_1_236' title='bbox 1233 2827 1329 2887; x_wconf 81' lang='lat' dir='ltr'><strong>prae·</strong></span> 
     </span>
    </p>

    <p class='ocr_par' dir='ltr' id='par_1_6' title="bbox 293 2894 1328 3226">
     <span class='ocr_line' id='line_1_29' title="bbox 293 2894 1328 2972; baseline -0.003 -19"><span class='ocrx_word' id='word_1_237' title='bbox 293 2902 325 2954; x_wconf 84' lang='grc'><strong>31</strong></span> <span class='ocrx_word' id='word_1_238' title='bbox 335 2896 465 2972; x_wconf 71' lang='lat' dir='ltr'><strong>ceperit,</strong></span> <span class='ocrx_word' id='word_1_239' title='bbox 485 2896 575 2956; x_wconf 82' lang='lat' dir='ltr'><strong>etiam</strong></span> <span class='ocrx_word' id='word_1_240' title='bbox 592 2898 753 2956; x_wconf 69' lang='lat' dir='ltr'><strong>contrario</strong></span> <span class='ocrx_word' id='word_1_241' title='bbox 773 2896 821 2955; x_wconf 78' lang='lat' dir='ltr'><strong>bis</strong></span> <span class='ocrx_word' id='word_1_242' title='bbox 838 2898 955 2957; x_wconf 81' lang='lat' dir='ltr'><strong>doceat.</strong></span> <span class='ocrx_word' id='word_1_243' title='bbox 990 2894 1071 2968; x_wconf 82' lang='lat' dir='ltr'><strong>Quae</strong></span> <span class='ocrx_word' id='word_1_244' title='bbox 1091 2895 1184 2953; x_wconf 90' lang='lat' dir='ltr'><strong>omnia</strong></span> <span class='ocrx_word' id='word_1_245' title='bbox 1204 2901 1328 2971; x_wconf 88' lang='lat' dir='ltr'><strong>apparet</strong></span> 
     </span>
     <span class='ocr_line' id='line_1_30' title="bbox 336 2976 1327 3056; baseline -0.002 -21"><span class='ocrx_word' id='word_1_246' title='bbox 336 2977 372 3035; x_wconf 90' lang='lat' dir='ltr'><strong>de</strong></span> <span class='ocrx_word' id='word_1_247' title='bbox 389 2994 423 3036; x_wconf 88' lang='lat' dir='ltr'><strong>ea</strong></span> <span class='ocrx_word' id='word_1_248' title='bbox 444 2977 589 3037; x_wconf 86' lang='lat' dir='ltr'><strong>rhetorice</strong></span> <span class='ocrx_word' id='word_1_249' title='bbox 604 2979 675 3054; x_wconf 84' lang='lat' dir='ltr'><strong>diei,</strong></span> <span class='ocrx_word' id='word_1_250' title='bbox 694 2997 767 3056; x_wconf 89' lang='lat' dir='ltr'><strong>quae</strong></span> <span class='ocrx_word' id='word_1_251' title='bbox 783 2982 820 3038; x_wconf 83' lang='lat' dir='ltr'><strong>sit</strong></span> <span class='ocrx_word' id='word_1_252' title='bbox 835 2997 852 3039; x_wconf 93' lang='lat' dir='ltr'><strong>a</strong></span> <span class='ocrx_word' id='word_1_253' title='bbox 868 2979 944 3039; x_wconf 91' lang='lat' dir='ltr'><strong>bono</strong></span> <span class='ocrx_word' id='word_1_254' title='bbox 960 2981 1023 3038; x_wconf 90' lang='lat' dir='ltr'><strong>viro</strong></span> <span class='ocrx_word' id='word_1_255' title='bbox 1039 2987 1126 3056; x_wconf 89' lang='lat' dir='ltr'><strong>atque</strong></span> <span class='ocrx_word' id='word_1_256' title='bbox 1141 2976 1175 3036; x_wconf 84' lang='lat' dir='ltr'><strong>ab</strong></span> <span class='ocrx_word' id='word_1_257' title='bbox 1191 2979 1255 3054; x_wconf 92' lang='lat' dir='ltr'><strong>ipsa</strong></span> <span class='ocrx_word' id='word_1_258' title='bbox 1269 2976 1327 3034; x_wconf 89' lang='lat' dir='ltr'><strong>vir·</strong></span> 
     </span>
     <span class='ocr_line' id='line_1_31' title="bbox 335 3061 1328 3141; baseline 0 -23"><span class='ocrx_word' id='word_1_259' title='bbox 335 3070 395 3130; x_wconf 85' lang='lat' dir='ltr'><strong>tute</strong></span> <span class='ocrx_word' id='word_1_260' title='bbox 411 3065 555 3130; x_wconf 79' lang='lat' dir='ltr'><strong>seiuncta;</strong></span> <span class='ocrx_word' id='word_1_261' title='bbox 572 3063 680 3141; x_wconf 92' lang='lat' dir='ltr'><strong>alioqui</strong></span> <span class='ocrx_word' id='word_1_262' title='bbox 694 3063 741 3122; x_wconf 92' lang='lat' dir='ltr'><strong>ubi</strong></span> <span class='ocrx_word' id='word_1_263' title='bbox 755 3066 857 3123; x_wconf 89' lang='lat' dir='ltr'><strong>iniusta</strong></span> <span class='ocrx_word' id='word_1_264' title='bbox 870 3081 958 3123; x_wconf 84' lang='lat' dir='ltr'><strong>eausa</strong></span> <span class='ocrx_word' id='word_1_265' title='bbox 973 3071 1033 3137; x_wconf 84' lang='lat' dir='ltr'><strong>est,</strong></span> <span class='ocrx_word' id='word_1_266' title='bbox 1055 3062 1095 3121; x_wconf 95' lang='lat' dir='ltr'><strong>ibi</strong></span> <span class='ocrx_word' id='word_1_267' title='bbox 1109 3061 1255 3120; x_wconf 89' lang='lat' dir='ltr'><strong>rhetorioe</strong></span> <span class='ocrx_word' id='word_1_268' title='bbox 1269 3077 1328 3118; x_wconf 90' lang='lat' dir='ltr'><strong>nou</strong></span> 
     </span>
     <span class='ocr_line' id='line_1_32' title="bbox 336 3145 1328 3226; baseline 0 -24"><span class='ocrx_word' id='word_1_269' title='bbox 336 3155 396 3221; x_wconf 82' lang='lat' dir='ltr'><strong>est,</strong></span> <span class='ocrx_word' id='word_1_270' title='bbox 420 3147 493 3207; x_wconf 88' lang='lat' dir='ltr'><strong>adeo</strong></span> <span class='ocrx_word' id='word_1_271' title='bbox 508 3155 538 3205; x_wconf 90' lang='lat' dir='ltr'><strong>ut</strong></span> <span class='ocrx_word' id='word_1_272' title='bbox 556 3149 604 3205; x_wconf 82' lang='lat' dir='ltr'><strong>vix</strong></span> <span class='ocrx_word' id='word_1_273' title='bbox 619 3148 777 3207; x_wconf 82' lang='lat' dir='ltr'><strong>admirabili</strong></span> <span class='ocrx_word' id='word_1_274' title='bbox 796 3149 919 3226; x_wconf 90' lang='lat' dir='ltr'><strong>quodam</strong></span> <span class='ocrx_word' id='word_1_275' title='bbox 936 3166 1003 3207; x_wconf 88' lang='lat' dir='ltr'><strong>casu</strong></span> <span class='ocrx_word' id='word_1_276' title='bbox 1018 3148 1112 3224; x_wconf 83' lang='lat' dir='ltr'><strong>possit</strong></span> <span class='ocrx_word' id='word_1_277' title='bbox 1126 3145 1277 3219; x_wconf 76' lang='lat' dir='ltr'><strong>accidere,</strong></span> <span class='ocrx_word' id='word_1_278' title='bbox 1297 3152 1328 3203; x_wconf 92' lang='lat' dir='ltr'><strong>ut</strong></span> 
     </span>
    </p>

    <p class='ocr_par' dir='ltr' id='par_1_7' title="bbox 292 3227 1328 3395">
     <span class='ocr_line' id='line_1_33' title="bbox 292 3227 1328 3309; baseline 0 -23"><span class='ocrx_word' id='word_1_279' title='bbox 292 3234 372 3287; x_wconf 80' lang='lat' dir='ltr'><strong>3‘tex</strong></span> <span class='ocrx_word' id='word_1_280' title='bbox 395 3241 515 3309; x_wconf 89' lang='lat' dir='ltr'><strong>utraque</strong></span> <span class='ocrx_word' id='word_1_281' title='bbox 536 3234 618 3309; x_wconf 82' lang='lat' dir='ltr'><strong>parte</strong></span> <span class='ocrx_word' id='word_1_282' title='bbox 640 3241 755 3307; x_wconf 81' lang='lat' dir='ltr'><strong>orator,</strong></span> <span class='ocrx_word' id='word_1_283' title='bbox 780 3232 808 3290; x_wconf 93' lang='lat' dir='ltr'><strong>id</strong></span> <span class='ocrx_word' id='word_1_284' title='bbox 832 3242 877 3291; x_wconf 90' lang='lat' dir='ltr'><strong>est</strong></span> <span class='ocrx_word' id='word_1_285' title='bbox 895 3234 939 3290; x_wconf 84' lang='lat' dir='ltr'><strong>vir</strong></span> <span class='ocrx_word' id='word_1_286' title='bbox 959 3231 1069 3305; x_wconf 83' lang='lat' dir='ltr'><strong>bonus,</strong></span> <span class='ocrx_word' id='word_1_287' title='bbox 1092 3229 1178 3289; x_wconf 85' lang='lat' dir='ltr'><strong>dieat.</strong></span> <span class='ocrx_word' id='word_1_288' title='bbox 1219 3227 1328 3287; x_wconf 87' lang='lat' dir='ltr'><strong>Tamen</strong></span> 
     </span>
     <span class='ocr_line' id='line_1_34' title="bbox 336 3313 1327 3395; baseline -0.002 -23"><span class='ocrx_word' id='word_1_289' title='bbox 336 3317 469 3390; x_wconf 87' lang='lat' dir='ltr'><strong>quoniam</strong></span> <span class='ocrx_word' id='word_1_290' title='bbox 483 3316 540 3374; x_wconf 90' lang='lat' dir='ltr'><strong>hoo</strong></span> <span class='ocrx_word' id='word_1_291' title='bbox 555 3332 671 3395; x_wconf 90' lang='lat' dir='ltr'><strong>quoque</strong></span> <span class='ocrx_word' id='word_1_292' title='bbox 686 3317 713 3374; x_wconf 94' lang='lat' dir='ltr'><strong>in</strong></span> <span class='ocrx_word' id='word_1_293' title='bbox 727 3333 823 3374; x_wconf 92' lang='lat' dir='ltr'><strong>rerum</strong></span> <span class='ocrx_word' id='word_1_294' title='bbox 838 3325 964 3374; x_wconf 89' lang='lat' dir='ltr'><strong>naturam</strong></span> <span class='ocrx_word' id='word_1_295' title='bbox 978 3315 1063 3390; x_wconf 83' lang='lat' dir='ltr'><strong>eadit,</strong></span> <span class='ocrx_word' id='word_1_296' title='bbox 1079 3323 1110 3371; x_wconf 91' lang='lat' dir='ltr'><strong>ut</strong></span> <span class='ocrx_word' id='word_1_297' title='bbox 1125 3313 1197 3380; x_wconf 71' lang='lat' dir='ltr'><strong>duos</strong></span> <span class='ocrx_word' id='word_1_298' title='bbox 1213 3314 1327 3390; x_wconf 88' lang='lat' dir='ltr'><strong>sapien·</strong></span> 
     </span>
    </p>
   </div>
   <div class='ocr_carea' id='block_1_3' title="bbox 292 3396 1326 3810">
    <p class='ocr_par' dir='ltr' id='par_1_8' title="bbox 292 3396 1326 3810">
     <span class='ocr_line' id='line_1_35' title="bbox 335 3396 1326 3477; baseline -0.002 -21"><span class='ocrx_word' id='word_1_299' title='bbox 335 3405 381 3456; x_wconf 88' lang='lat' dir='ltr'><strong>tes</strong></span> <span class='ocrx_word' id='word_1_300' title='bbox 403 3399 555 3477; x_wconf 90' lang='lat' dir='ltr'><strong>aliquando</strong></span> <span class='ocrx_word' id='word_1_301' title='bbox 583 3401 674 3458; x_wconf 90' lang='lat' dir='ltr'><strong>iustae</strong></span> <span class='ocrx_word' id='word_1_302' title='bbox 698 3417 802 3458; x_wconf 86' lang='lat' dir='ltr'><strong>causae</strong></span> <span class='ocrx_word' id='word_1_303' title='bbox 826 3400 855 3457; x_wconf 94' lang='lat' dir='ltr'><strong>in</strong></span> <span class='ocrx_word' id='word_1_304' title='bbox 877 3399 1021 3458; x_wconf 87' lang='lat' dir='ltr'><strong>diversum</strong></span> <span class='ocrx_word' id='word_1_305' title='bbox 1040 3397 1169 3472; x_wconf 86' lang='lat' dir='ltr'><strong>trahant,</strong></span> <span class='ocrx_word' id='word_1_306' title='bbox 1195 3396 1326 3474; x_wconf 90' lang='lat' dir='ltr'><strong>(quando</strong></span> 
     </span>
     <span class='ocr_line' id='line_1_36' title="bbox 337 3480 1325 3560; baseline -0.001 -20"><span class='ocrx_word' id='word_1_307' title='bbox 337 3485 420 3541; x_wconf 90' lang='lat' dir='ltr'><strong>etiam</strong></span> <span class='ocrx_word' id='word_1_308' title='bbox 436 3491 611 3560; x_wconf 82' lang='lat' dir='ltr'><strong>pugnaturos</strong></span> <span class='ocrx_word' id='word_1_309' title='bbox 627 3501 679 3541; x_wconf 88' lang='lat' dir='ltr'><strong>eos</strong></span> <span class='ocrx_word' id='word_1_310' title='bbox 694 3484 767 3541; x_wconf 91' lang='lat' dir='ltr'><strong>inter</strong></span> <span class='ocrx_word' id='word_1_311' title='bbox 782 3499 832 3556; x_wconf 89' lang='grc' dir='ltr'><strong>εε,</strong></span> <span class='ocrx_word' id='word_1_312' title='bbox 854 3484 879 3541; x_wconf 83' lang='grc' dir='ltr'><strong>εἰ</strong></span> <span class='ocrx_word' id='word_1_313' title='bbox 894 3485 966 3542; x_wconf 90' lang='lat' dir='ltr'><strong>ratio</strong></span> <span class='ocrx_word' id='word_1_314' title='bbox 982 3484 1021 3542; x_wconf 93' lang='lat' dir='ltr'><strong>ita</strong></span> <span class='ocrx_word' id='word_1_315' title='bbox 1035 3482 1166 3555; x_wconf 84' lang='lat' dir='ltr'><strong>duxerit,</strong></span> <span class='ocrx_word' id='word_1_316' title='bbox 1189 3480 1325 3557; x_wconf 84' lang='lat' dir='ltr'><strong>eredunt)</strong></span> 
     </span>
     <span class='ocr_line' id='line_1_37' title="bbox 335 3564 1326 3644; baseline -0.005 -19"><span class='ocrx_word' id='word_1_317' title='bbox 335 3566 521 3643; x_wconf 89' lang='lat' dir='ltr'><strong>respondebo</strong></span> <span class='ocrx_word' id='word_1_318' title='bbox 538 3569 711 3644; x_wconf 84' lang='lat' dir='ltr'><strong>propositis,</strong></span> <span class='ocrx_word' id='word_1_319' title='bbox 728 3575 813 3643; x_wconf 91' lang='lat' dir='ltr'><strong>atque</strong></span> <span class='ocrx_word' id='word_1_320' title='bbox 827 3568 865 3626; x_wconf 88' lang='lat' dir='ltr'><strong>ita</strong></span> <span class='ocrx_word' id='word_1_321' title='bbox 881 3568 1012 3644; x_wconf 84' lang='lat' dir='ltr'><strong>quidem,</strong></span> <span class='ocrx_word' id='word_1_322' title='bbox 1032 3576 1063 3625; x_wconf 91' lang='lat' dir='ltr'><strong>ut</strong></span> <span class='ocrx_word' id='word_1_323' title='bbox 1077 3574 1232 3643; x_wconf 85' lang='lat' dir='ltr'><strong>appareat,</strong></span> <span class='ocrx_word' id='word_1_324' title='bbox 1253 3564 1326 3623; x_wconf 86' lang='lat' dir='ltr'><strong>haee</strong></span> 
     </span>
     <span class='ocr_line' id='line_1_38' title="bbox 336 3646 1326 3729; baseline -0.006 -19"><span class='ocrx_word' id='word_1_325' title='bbox 336 3652 475 3711; x_wconf 87' lang='lat' dir='ltr'><strong>adversus</strong></span> <span class='ocrx_word' id='word_1_326' title='bbox 497 3668 549 3709; x_wconf 88' lang='lat' dir='ltr'><strong>eos</strong></span> <span class='ocrx_word' id='word_1_327' title='bbox 570 3668 685 3729; x_wconf 88' lang='lat' dir='ltr'><strong>quoque</strong></span> <span class='ocrx_word' id='word_1_328' title='bbox 704 3649 809 3709; x_wconf 89' lang='lat' dir='ltr'><strong>irustra</strong></span> <span class='ocrx_word' id='word_1_329' title='bbox 830 3653 1008 3727; x_wconf 82' lang='lat' dir='ltr'><strong>excogitata,</strong></span> <span class='ocrx_word' id='word_1_330' title='bbox 1030 3651 1078 3727; x_wconf 89' lang='lat' dir='ltr'><strong>qui</strong></span> <span class='ocrx_word' id='word_1_331' title='bbox 1096 3649 1178 3708; x_wconf 83' lang='lat' dir='ltr'><strong>malis</strong></span> <span class='ocrx_word' id='word_1_332' title='bbox 1199 3646 1326 3706; x_wconf 73' lang='lat' dir='ltr'><strong>moribus</strong></span> 
     </span>
     <span class='ocr_line' id='line_1_39' title="bbox 292 3731 1326 3810; baseline -0.008 -14"><span class='ocrx_word' id='word_1_333' title='bbox 292 3742 439 3797; x_wconf 81' lang='lat' dir='ltr'><strong>33nomeu</strong></span> <span class='ocrx_word' id='word_1_334' title='bbox 455 3735 578 3795; x_wconf 83' lang='lat' dir='ltr'><strong>oratoris</strong></span> <span class='ocrx_word' id='word_1_335' title='bbox 593 3734 768 3810; x_wconf 76' lang='lat' dir='ltr'><strong>indulgeant.</strong></span> <span class='ocrx_word' id='word_1_336' title='bbox 802 3733 873 3794; x_wconf 90' lang='lat' dir='ltr'><strong>Nam</strong></span> <span class='ocrx_word' id='word_1_337' title='bbox 888 3734 1034 3795; x_wconf 87' lang='lat' dir='ltr'><strong>rbetorioe</strong></span> <span class='ocrx_word' id='word_1_338' title='bbox 1048 3751 1105 3793; x_wconf 91' lang='lat' dir='ltr'><strong>uon</strong></span> <span class='ocrx_word' id='word_1_339' title='bbox 1120 3741 1166 3792; x_wconf 85' lang='lat' dir='ltr'><strong>est</strong></span> <span class='ocrx_word' id='word_1_340' title='bbox 1182 3731 1326 3795; x_wconf 81' lang='lat' dir='ltr'><strong>contraria</strong></span> 
     </span>
    </p>
   </div>
   <div class='ocr_carea' id='block_1_4' title="bbox 0 0 1596 4409">
    <p class='ocr_par' dir='ltr' id='par_1_9' title="bbox 0 0 1596 4409">
     <span class='ocr_line' id='line_1_40' title="bbox 0 0 1596 4409; baseline 0 1"><span class='ocrx_word' id='word_1_341' title='bbox 0 0 1596 4409; x_wconf 95' lang='lat' dir='ltr'><strong> </strong></span> 
     </span>
    </p>
   </div>
  </div>
 </body>
</html>
