3184 4409
355 471 412 534 148
662 416 1019 547 resuscitaturum

326 639 530 703 acredibillter
543 646 649 719 potest.
675 637 707 698 ln
716 638 843 699 iudiciali
858 648 951 700 autem
964 640 1082 700 materia
1094 639 1246 723 dupliciter
1260 644 1336 702 acci·

350 724 454 801 pianda
476 733 535 782 est:
564 725 656 783 altero
677 723 780 797 modo,
803 740 860 801 quo
884 723 1002 783 dicimus
1023 724 1126 783 multas
1141 720 1337 802 ¹''q'naestiones

350 806 458 866 habere
475 808 715 881 controversiam,
733 823 788 883 quo
806 809 890 866 ctiam
904 809 1030 868 minores
1048 823 1147 866 omnes
1165 808 1336 886 complecti-

307 916 309 921 s
348 908 426 964 mur,
449 889 557 965 altero,
575 907 632 968 quo
649 889 840 967 significamus
856 908 990 953 summum
1006 890 1099 964 illam,
1122 892 1150 949 in
1170 909 1226 969 qua
1249 909 1336 952 causa

349 975 484 1041 vestitum
507 975 542 1033 de
564 973 617 1033 hac
637 992 712 1032 nunc
731 970 853 1051 loquor,
876 992 913 1032 ex
935 992 990 1051 qua
1011 975 1136 1033 nascitur
1151 983 1259 1050 status,
1290 975 1337 1034 lla

324 1057 453 1116 stantum
467 1055 524 1116 sit?
550 1056 623 1130 Quid
638 1058 744 1116 lactum
758 1053 816 1116 sit?
840 1056 884 1114 An
899 1066 980 1116 recte
996 1057 1100 1116 iactum
1113 1054 1171 1116 sit‘l
1193 1057 1251 1116 llas
1263 1058 1336 1118 ller-

347 1157 479 1216 magoras
503 1150 531 1199 et
554 1141 751 1218 Apollodorus
775 1149 804 1199 et
827 1140 874 1198 alii
896 1140 1008 1219 plurimi
1031 1142 1191 1218 scriptores
1216 1145 1336 1220 proprie

347 1227 539 1301 quaestiones
552 1233 672 1299 vocant,
694 1224 882 1299 Theodorus,
904 1232 935 1282 ut
950 1224 1025 1299 dixi,
1045 1226 1150 1302 capita
1162 1229 1335 1304 qeneratta,

347 1309 422 1366 siout
443 1308 508 1368 illas
523 1310 647 1367 minores
663 1317 710 1367 aut
726 1326 763 1366 ex
779 1307 836 1366 illis
852 1307 1013 1385 pendentes
1027 1309 1186 1385 specialia.
1218 1307 1290 1368 Nam
1306 1320 1337 1368 et

324 1394 546 1469 ‘quaestionem
566 1411 603 1451 ex
623 1394 792 1469 quaestione
813 1393 892 1450 nasci
913 1399 943 1450 et
965 1393 1094 1469 speciem
1112 1392 1140 1449 in
1157 1394 1273 1470 species
1293 1393 1334 1452 di-

320 1476 402 1534 4vidi
423 1477 567 1534 convenit.
603 1474 683 1534 Hanc
707 1476 793 1551 igitur
816 1476 1012 1552 quaestionem
1034 1474 1124 1534 veluti
1145 1476 1334 1553 principalem

345 1569 449 1618 vocant
465 1553 582 1635 ζήτημα.
612 1559 719 1618 Ratio
735 1567 830 1618 autem
846 1567 907 1631 est,
928 1558 1036 1636 quaid,
1053 1557 1129 1635 quod
1143 1557 1247 1618 iactum
1265 1578 1334 1619 esse

346 1650 467 1717 constat,
484 1642 655 1702 defenditur.
687 1641 724 1701 Et
740 1661 790 1701 our
807 1658 864 1699 non
878 1651 989 1701 utamur
1005 1643 1119 1716 eodem,
1136 1659 1193 1719 quo
1209 1652 1273 1702 sunt
1288 1647 1334 1702 usi

345 1742 444 1785 omnes
461 1726 540 1800 iere,
562 1723 720 1804 exemplo?
752 1723 873 1785 Orestes
892 1733 1018 1786 matrem
1037 1727 1165 1802 oceidit,
1185 1726 1242 1785 hoc
1263 1743 1332 1785 corr·

344 1812 413 1877 stat;
436 1809 504 1868 dicit
524 1828 558 1870 se
574 1812 651 1871 iuste
669 1810 799 1887 fecisse:
815 1817 910 1872 ,status
931 1811 985 1868 erit
1006 1808 1166 1886 qualitatis;
1186 1812 1332 1887 quaestio,

342 1891 392 1952 Aa
418 1895 496 1954 iuste
520 1893 652 1970 feceret?
685 1894 775 1968 ratio,
808 1889 897 1964 Ouod
923 1890 1162 1972 Clytaemnestra
1188 1895 1334 1955 maurum

342 1995 447 2053 mam,
461 1985 581 2055 patrem
598 1975 729 2053 Orestis,
750 1977 878 2042 noradin·
897 1975 954 2035 hoc
972 1975 1066 2036 αἴτιον
1083 1977 1194 2036 dicitur.
1224 1970 1331 2056 Κριτό-

342 2081 431 2137 μενον
450 2069 542 2120 autem
564 2062 760 2136 iudicatio,
780 2058 829 2120 Au
843 2061 1010 2138 oportuerit
1027 2061 1077 2123 vet
1093 2068 1248 2122 nocentem
1264 2081 1330 2121 rua-

317 2154 416 2206 ttrem
434 2164 455 2207 a
468 2146 530 2223 fitia
551 2147 671 2206 occidi?
703 2143 824 2217 Quidam
839 2144 995 2228 diviserunt
1010 2143 1130 2203 αἰτίαν
1145 2154 1174 2203 et
1190 2143 1330 2220 αἰτίαν,

343 2237 373 2287 ut
396 2237 475 2287 esset
498 2228 607 2305 altera,
628 2237 850 2307 propterquam
871 2228 1003 2286 iudicium
1023 2229 1205 2287 constitutum
1220 2237 1281 2303 est,
1301 2238 1330 2286 ut

342 2314 446 2373 occisa
467 2311 705 2392 Clytaemnestra
710 2334 725 2380 ,·
757 2313 865 2386 altera,
892 2328 947 2389 qua
967 2311 1071 2370 iactum
1094 2311 1272 2386 detenditur,
1299 2320 1330 2370 ut

341 2397 463 2456 occisus
476 2395 689 2474 Apamensem.
720 2396 779 2455 Sed
804 2403 879 2455 tanta
902 2402 948 2453 est
970 2396 1048 2454 circa
1068 2394 1158 2454 verba
1174 2394 1327 2470 dissensio,

341 2487 372 2536 ut
390 2479 437 2538 alii
454 2479 550 2538 αἰτίαν
561 2497 688 2540 cansam
702 2480 822 2553 iudicii,
841 2477 935 2537 αἴτιον
949 2487 1043 2536 autem
1055 2479 1132 2556 facti
1145 2487 1263 2552 vocent,
1281 2479 1328 2538 alii

341 2561 442 2621 eadem
456 2564 484 2620 in
501 2563 673 2621 contrarium
684 2571 806 2621 vertant.
829 2559 992 2621 Latinorum
1003 2560 1115 2638 quidam
1130 2559 1203 2639 haec
1213 2564 1329 2622 initium

330 2654 369 2720 et
391 2647 537 2706 rationem
558 2654 751 2721 vocaverunt,
780 2645 894 2724 quidam
915 2653 1066 2723 utrumque
1089 2644 1192 2704 eodem
1215 2647 1327 2705 nomine

313 2727 495 2805 6appellant.
526 2727 620 2789 Causa
637 2746 752 2808 quoque
769 2746 925 2803 excausa,
948 2728 1038 2788 idest
1058 2728 1152 2788 αἴτιον
1173 2726 1202 2801 ἐξ
1223 2729 1326 2803 αἰτίου,

339 2814 418 2871 nasci
437 2812 566 2886 videtur,
594 2814 679 2890 quale
703 2822 761 2872 est:
789 2810 910 2874 Occidit
929 2809 1182 2889 Apamemaouem
1206 2811 1326 2890 Clytae-

337 2903 486 2972 mnestra,
504 2897 577 2973 quia
591 2898 642 2957 iile
655 2897 750 2974 filiam
767 2915 950 2958 cmmauem
965 2897 1174 2957 immolaverat
1185 2903 1213 2956 el
1227 2897 1327 2973 eapti-

336 2996 406 3040 oam
419 2981 557 3058 pellicem
572 2982 757 3042 adducebat.
792 2979 881 3039 lidern
902 2987 1016 3058 putant,
1042 2987 1071 3038 et
1091 2978 1217 3037 sultuna
1237 2997 1326 3056 quae·

337 3064 431 3123 stione
447 3065 546 3142 plures
571 3083 637 3125 esse
655 3066 800 3138 rationes,
823 3073 854 3122 ut
871 3065 895 3123 si
912 3063 1030 3123 Orestes
1047 3071 1076 3121 et
1091 3061 1209 3122 alteram
1224 3062 1328 3122 afferat

338 3164 453 3207 causam
472 3149 570 3208 matris
584 3158 722 3224 necatae,
741 3149 823 3225 quad
843 3149 998 3226 responsis
1012 3148 1050 3207 sit
1068 3147 1234 3225 impulsum·
1257 3154 1327 3224 quot

337 3241 432 3290 autem
448 3250 551 3292 causas
566 3232 691 3292 faciendi
706 3232 825 3291 totidem
838 3230 1040 3305 iudicationes,
1057 3248 1121 3288 nam
1138 3229 1256 3288 ethaeo
1272 3232 1327 3288 erit

310 3315 488 3391 liudicatio,
505 3314 554 3376 Aa
570 3318 725 3396 responsis
735 3334 853 3394 parere
867 3316 1026 3376 debuerit?
1051 3314 1110 3374 Sed
1125 3322 1155 3373 et
1169 3331 1224 3373 una
1239 3330 1325 3372 causa

336 3397 436 3476 plures
456 3399 566 3460 habere
586 3403 772 3479 quaestiones
791 3408 821 3458 et
838 3399 1027 3458 iudicationes
1051 3397 1096 3475 (ut
1114 3413 1169 3473 ego
1186 3396 1323 3475 arbitror)

336 3491 452 3561 potest,
480 3486 558 3543 utin
579 3502 633 3560 eo,
657 3487 723 3562 qui,
745 3500 808 3542 cnm
829 3482 986 3542 adulteram
1010 3481 1221 3560 deprehensam
1247 3481 1325 3540 occi·
1350 3495 1352 3499 ·

245 3577 248 3583 ’
336 3566 443 3642 disset,
460 3567 634 3642 adulterum,
652 3570 772 3645 quitum
788 3566 946 3643 effugerat,
964 3575 1067 3645 postea
1082 3568 1110 3624 in
1126 3564 1191 3624 foro
1208 3564 1323 3624 occidit.

338 3648 433 3712 Causa
447 3653 520 3710 enirn
537 3659 581 3710 cst
596 3670 666 3726 una,
690 3652 814 3714 adulter
831 3652 908 3729 fuit·
930 3651 1115 3729 quaestiones
1132 3658 1161 3708 et
1175 3648 1324 3708 iudicatio·

307 3742 402 3813 Sues,
424 3754 467 3798 au
481 3737 532 3798 ἰίίο
554 3744 701 3815 tempore,
725 3755 767 3798 aa
781 3735 833 3798 tttn
852 3736 919 3798 laco
936 3735 1056 3814 licuerit
1073 3734 1236 3795 occidere?
1265 3730 1324 3791 Sed
