3184 4409
327 418 388 480 270
640 431 677 478 u.
692 430 770 477 aas.
787 429 1010 489 cumanum

326 604 404 661 mus,
427 585 505 664 quod
525 583 672 644 veteribus
688 584 905 664 praecipueque
921 582 1044 645 Graecis
1069 584 1103 644 in
1126 603 1185 646 usu
1207 600 1259 645 non

328 669 420 748 (apud
439 667 612 728 Ciceronem
633 671 706 727 enim
727 670 861 747 invenio)
886 669 952 730 dum
970 685 1034 729 rem
1053 670 1234 730 contineant
1246 676 1307 729 ela
1343 673 1359 714 θ’

327 755 375 830 pia
390 770 446 811 non
461 753 622 812 redundent
637 761 665 811 et
676 751 711 811 ad
725 754 876 812 victoriam
890 758 1038 832 spectent,
1058 755 1132 832 quis
1147 754 1223 815 utile
1234 758 1299 829 nep!
1344 758 1359 797 θ’

326 835 443 896 Feriunt
470 838 590 896 animum
619 845 649 895 et
676 852 733 894 uno
760 837 818 895 ictu
844 837 1014 917 frequenter
1035 836 1206 915 impellunt
1228 844 1257 900 et
1344 841 1359 901 l

326 920 467 980 brevitate
484 921 574 996 magis
587 920 710 979 haerent
728 928 757 979 et
774 920 968 980 delectatione
984 921 1190 998 persuadent.
1358 948 1359 951 ¹

327 1255 579 1331 estomittendns,
601 1255 678 1334 quod
700 1255 800 1334 plures
820 1255 994 1316 eruditorum
1011 1254 1101 1316 aliam
1128 1274 1205 1317 esse
1228 1256 1256 1317 lt
1347 1244 1353 1258 ’

326 1341 465 1400 rationem
482 1340 566 1398 aliam
582 1339 728 1399 scribendi
743 1348 928 1417 putaveruut;
949 1339 1078 1416 ideoque
1094 1342 1125 1400 in
1143 1340 1266 1418 agendo

327 1426 456 1483 nissimos
481 1423 619 1500 quosdam
643 1423 711 1484 nihil
734 1425 898 1501 posteritati
919 1425 1124 1503 mansurisque
1145 1441 1223 1485 mox
1237 1420 1312 1485 lueis
1347 1431 1359 1512 ξ

327 1508 494 1586 reliquisse,
512 1516 541 1566 ut
557 1506 711 1581 Periclem,
729 1516 758 1566 ut
775 1507 935 1583 Demaden,
951 1525 1049 1566 rursus
1067 1507 1149 1567 alios
1167 1509 1207 1570 ad
1223 1526 1258 1571 co
1348 1515 1359 1555 l

328 1591 450 1651 nendum
466 1592 590 1668 optimos
606 1591 767 1651 actionibus
783 1591 905 1651 idoneos
922 1607 979 1650 nos
993 1590 1106 1666 inisse,
1123 1601 1158 1652 ut
1171 1591 1314 1653 lsocnlflt
1350 1599 1359 1640 Ι

287 1690 319 1739 50
330 1685 483 1754 praeterea
506 1675 534 1733 in
550 1676 664 1751 agendo
685 1676 750 1753 plus
772 1677 896 1754 impetus
918 1675 1091 1755 plerumque
1109 1685 1141 1736 et
1159 1668 1315 1754 petimrsl
1352 1683 1359 1724 l

329 1760 414 1839 paulo
437 1759 570 1819 licentius
590 1758 774 1835 voluptates,
795 1759 1020 1819 commovendos
1042 1760 1123 1819 enim
1139 1777 1217 1821 esse
1233 1760 1315 1821 duee
1353 1768 1359 1808 ¹

329 1846 441 1923 desque
464 1844 573 1902 animos
594 1843 804 1920 imperitorum
828 1852 856 1904 at
877 1843 954 1922 quod
975 1841 1056 1902 libris
1080 1842 1244 1905 dedicatur
1262 1838 1316 1903 αἱ
1353 1852 1359 1891 1

330 1928 493 2007 exemplum
509 1925 611 2001 editur,
627 1936 735 1987 tersum
751 1946 785 1987 ao
801 1927 926 1987 limatum
942 1935 972 1986 et
986 1927 1022 1987 ad
1036 1926 1139 2004 legem
1156 1945 1196 1989 ac
1210 1924 1317 2005 repul!
1354 1937 1359 1992 l

330 2013 519 2096 compositum
542 2029 610 2070 esse
634 2021 789 2089 oportere,
812 2012 877 2089 quia
894 2012 991 2071 veniat
1011 2011 1163 2087 immamus
1187 2012 1316 2073 doctor!
1356 2022 1359 2057 ¹

288 2113 316 2161 51
330 2107 359 2155 et
374 2097 484 2156 iudices
500 2097 569 2155 artis
590 2094 695 2155 habeat
718 2095 855 2155 artifices.
888 2094 962 2168 Quin
984 2094 1026 2153 illi
1049 2094 1182 2155 subtiles
1200 2097 1249 2174 (ut
1262 2090 1316 2155 sil'·
1357 2109 1359 2140 ³

330 2182 404 2240 libus
421 2181 514 2239 multis
531 2183 752 2258 persuaserunt)
768 2181 904 2256 magistri,
911 2170 1101 2258 παράδειγμα
1122 2174 1316 2255 dicerunt*

329 2259 454 2341 θύμημα
470 2262 623 2322 scribendo
640 2282 707 2322 esse
722 2265 827 2342 aptius,
843 2263 1028 2323 tradiderunt.
1055 2261 1130 2323 tlibi
1144 2281 1239 2324 unum
1253 2272 1316 2341 alp!

329 2349 403 2408 idem
418 2347 531 2406 videtur
547 2346 623 2405 benc
639 2348 737 2407 dicere
754 2367 788 2408 ao
804 2347 879 2407 bene
896 2346 1037 2421 scribere,
1052 2364 1156 2426 neque
1175 2348 1256 2409 aliud
1270 2358 1316 2406 esst

331 2433 421 2492 oratio
449 2434 556 2509 scripta
582 2448 666 2508 quam
691 2440 902 2491 monumentum
925 2432 1047 2492 actionis
1067 2429 1206 2493 habitae.
1240 2430 1317 2508 lisa!

331 2517 424 2575 nullas
439 2534 505 2590 non,
522 2525 551 2574 ut
567 2516 680 2593 opinor,
699 2516 787 2574 debet
803 2514 922 2592 babere,
937 2517 1057 2575 virtutes
1074 2515 1164 2592 dico,
1185 2533 1248 2576 non
1260 2513 1317 2574 vtis

331 2601 402 2658 Nam
417 2600 553 2677 imperitis
567 2600 685 2676 placere
701 2600 854 2678 aliquando
869 2619 943 2678 quae
958 2601 1062 2660 vitiosa
1077 2600 1148 2674 sint,
1167 2601 1248 2661 scio.
1272 2596 1318 2671 0⁸⁰

290 2693 324 2743 52
332 2685 464 2742 different
480 2680 585 2758 igitur?
622 2683 737 2757 Quodsi
749 2684 816 2742 mihi
834 2684 887 2744 des
908 2683 1058 2743 consilium
1071 2683 1209 2744 iudicum
1226 2682 1318 2762 sapiu·

265 2816 267 2821 .
331 2779 405 2840 tum,
429 2783 567 2844 perquam
590 2768 677 2828 multa
698 2769 824 2827 recidam
848 2787 886 2827 ex
908 2766 1085 2827 orationibus
1104 2785 1168 2826 non
1186 2762 1319 2829 creenr'r

332 2851 418 2909 modo
435 2850 487 2908 sed
503 2852 588 2909 etiam
604 2853 684 2926 eius,
711 2854 758 2930 qui
778 2861 823 2911 est
838 2853 964 2911 strictior
982 2849 1088 2924 multo,
1114 2848 1319 2911 bonosolatio

332 2934 435 3011 Neque
452 2935 525 2992 enim
541 2935 661 2993 allectus
679 2937 792 2994 omnino
807 2935 943 2994 movendi
958 2942 1056 3008 erunt,
1072 2952 1132 2993 nec
1148 2952 1243 2996 aures
1259 2930 1321 2997 dete

333 3020 456 3078 clatione
481 3018 665 3089 mulcendae,
692 3038 754 3078 cum
775 3021 859 3078 etiam
879 3017 1028 3097 prooemia
1053 3034 1249 3096 supervacua
1270 3028 1320 3079 em

333 3104 407 3181 apud
426 3102 501 3161 tales
522 3102 698 3161 Aristoteles
720 3103 878 3170 existimet;
900 3119 957 3162 non
973 3102 1047 3162 enim
1061 3101 1225 3163 trabeutnr
1238 3096 1321 3165 listi

333 3189 495 3264 sapientes;
519 3189 637 3264 proprie
662 3196 691 3246 et
712 3187 907 3263 significanter
926 3204 988 3245 rem
1008 3185 1159 3262 indicare,
1188 3186 1321 3267 probatio·

292 3277 386 3330 53nes
404 3270 562 3346 colligere,
587 3271 656 3330 satis
675 3281 728 3330 est.
761 3269 831 3330 Cum
852 3287 924 3329 vero
939 3270 1027 3330 iudex
1041 3269 1129 3329 detur
1144 3280 1197 3330 aut
1212 3267 1322 3351 populns

334 3362 381 3412 aut
403 3373 441 3412 ex
461 3354 588 3432 populo,
615 3355 755 3432 laturique
782 3356 952 3414 senteutiam
975 3353 1083 3413 indocti
1109 3356 1235 3433 saepius
1252 3364 1322 3431 atque

333 3437 445 3496 interim
460 3440 574 3497 rustici:
603 3440 712 3514 omnia,
736 3457 810 3516 quae
832 3437 868 3496 ad
888 3438 1090 3512 obtinendum,
1116 3439 1200 3516 quod
1217 3432 1321 3501 intend

335 3538 412 3594 mus,
430 3521 572 3597 prodesse
589 3522 755 3597 credemus,
778 3521 939 3582 adhibenda
954 3529 1030 3588 sunt:
1049 3539 1149 3601 eaque
1166 3531 1279 3584 etcum
1291 3517 1321 3579 li·

336 3606 424 3664 cimus
440 3605 597 3682 promenda
614 3615 643 3666 et
659 3624 721 3666 cum
737 3605 887 3666 scribimus
903 3604 1080 3666 ostendenda
1095 3613 1181 3681 suut,
1207 3608 1233 3667 si
1250 3600 1320 3665 nob

295 3690 401 3752 54ideo
423 3687 589 3765 scribimus,
614 3699 645 3748 ut
673 3691 829 3750 doceamus
855 3689 998 3769 quomodo
1020 3689 1078 3750 dici
1104 3698 1256 3769 oporteat.
1285 3683 1320 3747 l·
