3184 4409
339 492 380 557 28
579 481 582 488 ’
656 506 783 557 ιιιιιι.
796 505 1037 565 contemnum·

298 659 558 740 39Noot‘pooc’mos
582 661 701 726 Pelusio
727 667 760 726 in
785 661 1031 732 Alexandriam
1060 661 1241 723 detractione
1266 657 1330 724 Ant·

340 746 410 808 dolo
429 747 527 822 ciam,
549 744 684 827 Aeqypto
704 750 807 825 uenio,
829 745 876 808 Ne
896 750 953 810 ltoc
966 747 1065 826 ’[ιιίιι
1086 747 1330 821 transmutatione,

341 847 396 908 qua
416 830 487 890 ordo
507 829 652 906 turbatur,
677 829 802 911 Quoque
821 851 892 911 epo,
915 829 1004 892 Enim
1025 832 1081 893 doc
1099 833 1208 906 coluit,
1226 827 1330 892 Autem

339 933 400 974 nort
417 914 530 975 hoholt.
574 915 620 974 Ex
642 933 699 993 quo
722 935 832 993 genere
853 934 889 975 an
913 917 949 975 sit
973 916 1069 993 iqttcr
1089 916 1169 975 initio
1190 915 1330 974 sermonis

341 999 479 1076 positum,
499 998 620 1058 dubitari
639 1008 751 1078 potest,
775 1002 841 1079 quia
859 1000 997 1059 maximos
1017 1009 1152 1059 auctores
1171 1000 1200 1059 in
1220 998 1330 1058 diversa

341 1081 430 1141 luisse
454 1085 588 1160 opinione
611 1084 714 1159 video,
741 1102 805 1144 cum
830 1083 906 1163 apud
927 1082 1000 1142 alios
1019 1085 1056 1142 sit
1078 1085 1163 1143 etiam
1183 1082 1330 1160 frequens,

298 1165 416 1243 40upud
438 1166 510 1227 alios
533 1186 674 1246 nunquam
693 1170 864 1247 reperiatur.
902 1166 982 1226 llaec
1007 1168 1061 1227 tria
1086 1185 1196 1244 genera
1221 1166 1330 1265 quidam

342 1250 484 1310 deducunt
507 1268 523 1311 a
546 1251 739 1328 soloecismo,
767 1262 796 1312 et
822 1252 991 1311 adiectionis
1018 1253 1117 1350 vitipm
1140 1242 1330 1327 πλεονασμόν,

341 1335 526 1394 detractionis
545 1334 721 1412 ἔλλειψιν,
712 1336 884 1396 inversionis
906 1325 1097 1436 ιἰναστροφὴν
1115 1344 1222 1395 vocant
1230 1340 1330 1412 ,quet

341 1421 365 1477 si
386 1421 413 1477 in
434 1422 562 1496 speciem
584 1419 750 1480 soloecismi
776 1421 875 1494 eadat,
900 1410 1064 1498 ιιιιερβαιὸν
1089 1435 1206 1497 quoque
1231 1418 1330 1478 eodem

299 1511 333 1564 41
341 1502 481 1580 appellarr
497 1503 582 1562 modo
598 1520 697 1602 posse
727 1503 924 1563 lmmutatio
900 1521 963 1562 sune
979 1505 1177 1562 controversia
1193 1510 1253 1577 est,
1272 1519 1330 1562 cum

342 1586 418 1646 aliud
437 1604 490 1664 pro
512 1587 569 1646 alio
589 1588 712 1665 ponitur.
750 1587 782 1647 ld
802 1605 855 1665 per
878 1605 977 1646 omues
1001 1587 1139 1648 orationis
1163 1595 1264 1665 partes
1286 1585 1330 1645 do

342 1670 561 1748 prehendimus,
589 1671 822 1749 frequentissime
846 1673 875 1730 in
896 1670 1005 1746 verbo,
1032 1672 1098 1749 quia
1122 1670 1245 1749 plurimu
1269 1668 1330 1729 lnuir

342 1754 488 1822 accidunt3
516 1755 640 1833 ideoque
664 1756 692 1813 in
712 1773 748 1814 eo
767 1756 836 1815 liunt
856 1755 1022 1815 soloecismi
1043 1773 1097 1833 per
1117 1772 1243 1831 genera,
1264 1762 1330 1813 tem·

342 1855 429 1915 pora,
452 1855 609 1916 personas,
631 1840 749 1914 modos,
772 1842 834 1899 sive
853 1844 899 1899 cui
920 1847 1018 1900 statue
1039 1856 1091 1898 eos
1110 1839 1166 1898 dici
1186 1856 1241 1898 seu
1261 1853 1330 1916 que

341 1923 441 1983 litotes
454 1922 562 2000 placet,
578 1922 627 1982 vel
643 1941 697 1982 sex
710 1924 774 1999 vel,
791 1933 822 1982 ut
837 1923 885 1983 alii
901 1923 1013 1997 volunt,
1031 1932 1113 1990 octo;
1133 1941 1255 1993 —nam
1270 1922 1330 1982 toti·

342 2006 406 2066 dem
419 2008 552 2067 vitiorum
568 2016 649 2066 erunt
665 2007 790 2083 lormac,
813 2009 842 2066 in
858 2017 928 2085 quot
946 2009 1062 2086 species
1078 2023 1178 2066 eorum
1196 2008 1330 2085 quidque,

299 2102 334 2155 42
342 2090 377 2150 de
395 2090 497 2168 quihus
512 2109 599 2169 supra
615 2091 791 2167 dictumest,
811 2093 1330 2169 diviseris-praetereanumeros,

342 2177 371 2234 iu
395 2175 497 2272 quibus
521 2193 574 2234 nos
599 2176 774 2253 singularem
799 2193 834 2236 ao
854 2176 996 2254 pluralem
1021 2174 1158 2234 habemus
1183 2173 1289 2234 Graeci
1309 2154 1330 2232 el

343 2252 454 2320 deindo.
502 2259 668 2358 Quanquam
693 2261 823 2336 luerunt,
850 2261 898 2338 qui
925 2259 1025 2318 nobis
1014 2276 1149 2337 quoque
1177 2257 1330 2318 adiicerent

342 2344 455 2403 dualem
471 2346 642 2422 scripsere,
662 2347 781 2423 lepere5
800 2345 877 2422 quod
896 2343 1046 2403 evitandae
1065 2343 1228 2421 asperitatis
1244 2342 1330 2419 gratie

341 2428 481 2486 mollitum
497 2437 556 2501 est,
577 2436 608 2485 ut
628 2428 704 2504 apud
719 2436 836 2486 veteres
854 2444 907 2506 pro
922 2429 1001 2489 mole
1016 2428 1159 2502 mereris,
1179 2427 1261 2487 male
1276 2444 1330 2487 me

342 2530 423 2571 rere.
459 2509 586 2587 Ideoque
610 2510 686 2587 quod
709 2518 814 2569 vocant
840 2512 978 2588 dualem,
1005 2513 1034 2571 in
1055 2511 1106 2571 illo
1131 2509 1202 2568 solo
1224 2526 1330 2587 genem

344 2595 491 2668 consistit,
520 2612 582 2652 curn
603 2594 677 2672 apud
702 2593 829 2653 Graecos
853 2603 882 2654 et
902 2597 931 2654 in
954 2595 1035 2655 verbi
1057 2603 1118 2655 tota
1137 2595 1201 2653 lere
1224 2596 1330 2653 rationu

343 2685 372 2738 et
392 2680 420 2737 in
441 2676 600 2736 nominibus
628 2677 875 2755 deprehendatur,
905 2687 934 2739 et
961 2681 1005 2738 sic
1031 2696 1146 2758 quoque
1172 2679 1330 2737 rarissimus

301 2763 404 2822 eteius
427 2763 463 2820 sit
484 2780 568 2829 usus;
597 2761 672 2840 apud
697 2771 861 2822 nostrorum
881 2777 952 2823 vero
973 2766 1114 2823 neminem
1137 2761 1211 2821 haec
1234 2761 1330 2821 obser

341 2847 418 2906 vatio
436 2847 615 2924 reperiatur,
635 2848 702 2923 quin
724 2864 740 2905 e
759 2848 902 2908 contrario
921 2849 1071 2910 devenere
1089 2849 1171 2909 locos
1188 2854 1218 2905 et
1240 2846 1330 2908 conti·

342 2949 434 2991 caere
452 2949 557 2992 omnes
574 2939 603 2989 et
621 2931 787 2992 consedere
805 2933 902 2992 duces
917 2939 1017 3009 aperte
1034 2948 1088 2990 nos
1107 2931 1247 3005 doceant,
1266 2929 1330 2989 nihi

340 3011 443 3074 horum
464 3015 499 3074 ad
521 3012 591 3072 duos
615 3017 777 3091 pertinere;
801 3017 909 3076 dicere
935 3032 1066 3093 quoque,
1094 3014 1171 3093 quod
1193 3013 1330 3073 Antoniou

341 3096 434 3158 liuius
462 3116 499 3157 ιιι
525 3099 641 3158 diverso
667 3101 747 3177 ponit
774 3100 953 3177 exemplum,
988 3100 1024 3159 de
1052 3097 1181 3177 pluribus
1207 3099 1330 3175 patronit

300 3183 449 3258 lipraeco
465 3185 638 3260 pronuntiet.
658 3179 758 3256 Quid?
778 3201 835 3242 non
849 3183 944 3242 Livius
960 3185 1037 3242 circa
1052 3184 1129 3243 initia
1145 3184 1239 3241 statim
1254 3183 1328 3259 prim

270 3330 273 3334 ⁴
343 3264 418 3340 libri,
438 3265 584 3341 Tenuere,
599 3269 699 3344 inquit,
715 3285 820 3328 oreem
835 3265 966 3328 Sabini?
986 3276 1015 3326 et
1030 3284 1107 3340 mox,
1123 3267 1155 3326 tn
1169 3268 1330 3326 adversum

341 3347 472 3412 Romani
484 3352 626 3412 solutore?
648 3351 706 3411 Sed
722 3369 807 3429 quem
821 3352 916 3429 potius
932 3368 988 3427 ego
1005 3369 1088 3429 quam
1099 3349 1136 3410 ll.
1151 3348 1275 3409 Tullium
1291 3367 1330 3409 se

343 3451 429 3511 quar,
442 3436 489 3512 qui
501 3437 530 3513 in
541 3433 680 3510 Oratore,
695 3434 763 3496 Non
773 3436 978 3514 reprehendo,
991 3437 1097 3512 inquit,
1115 3435 1330 3512 scripsere,

287 3520 586 3597 atecripseront
601 3539 667 3580 esce
681 3521 784 3580 aerios
799 3521 917 3580 centio?
946 3519 1082 3578 Similiter
1098 3521 1127 3577 in
1140 3516 1293 3577 vocabulis
1310 3536 1330 3577 ι’

341 3601 501 3664 nominibus
514 3603 544 3662 lit
556 3603 746 3662 soloecismus
759 3621 881 3678 genere,
896 3619 1032 3676 numero,
1049 3604 1166 3681 proprie
1182 3609 1277 3661 autem
1290 3620 1330 3662 ca·

342 3687 432 3763 sibus,
449 3685 584 3765 quidquid
595 3687 695 3746 horum
707 3685 790 3746 alteri
806 3687 953 3745 succedet.
976 3685 1048 3745 Huic
1062 3687 1136 3764 parti
1148 3685 1330 3762 subiungatur

342 3771 412 3832 licet
429 3789 483 3852 per
502 3773 730 3852 comparationes
748 3779 776 3830 et
794 3769 1023 3849 superlationes,
1042 3772 1167 3847 itemque
1184 3771 1213 3828 iu
1233 3770 1330 3846 quibui
