3184 4409
563 429 651 488 rusb.
669 438 817 488 causon.
835 439 904 486 ura.
924 439 975 485 x11
981 469 991 504 ,
1007 437 1031 488 1.
1233 423 1293 486 243

271 595 455 737 ¹iuditcanda
477 603 520 653 est
540 593 658 663 malum;
682 595 800 672 peiores
823 594 897 652 euim
918 593 986 652 illos
1000 592 1084 667 iacit,
1107 591 1209 670 quibus
1226 608 1294 652 cou-

246 736 285 778 m
299 689 356 756 trgr
371 723 378 736 .

246 818 286 863 m
388 761 499 820 Videor
514 748 581 820 mibi
602 760 701 821 audire
721 761 860 838 quosdam
886 726 996 838 (neque
1013 759 1087 818 enim
1104 758 1224 819 deerunt
1243 771 1337 824 ιιι-33

246 904 260 924 ,
279 907 285 947 Ι
301 862 399 924 quam,
415 846 463 923 qui
479 845 578 905 diserti
594 862 660 904 esse
677 862 760 922 quam
775 844 843 903 boni
856 845 967 922 malint)
983 843 1032 902 illa
1047 843 1177 901 dicentes
1185 865 1193 940 ,²
1220 843 1296 917 Quid

246 935 285 1034 'h
302 946 377 1005 ergo
396 937 500 988 tantum
519 938 564 987 est
585 930 654 987 artis
675 929 703 986 iu
723 926 908 1005 eloquentia?
933 946 983 987 cur
998 937 1027 986 tu
1045 926 1081 985 de
1100 927 1247 999 colorrbus
1266 936 1295 986 et

301 1012 462 1073 difficilium
483 1029 632 1070 causarum
657 1011 844 1087 defensioue,
872 1011 999 1071 nonnihil
1020 1011 1104 1069 etiam
1126 1010 1162 1069 de
1181 1011 1295 1069 confes·

277 1062 386 1155 ¹sione
405 1095 518 1154 locutus
535 1113 583 1170 es,
608 1095 662 1153 nisi
686 1095 839 1173 aliquando
860 1096 905 1154 vis
927 1114 962 1154 ac
977 1094 1099 1154 facultas
1114 1093 1228 1152 dicendi
1245 1112 1295 1153 ex·

246 1162 282 1260 ,ff
302 1187 413 1257 pugnat
426 1179 518 1256 ipsam
532 1181 683 1256 veritatem
692 1177 706 1236 ‘l
735 1178 832 1238 Bonus
847 1180 921 1237 enim
934 1180 979 1236 vir
993 1196 1050 1237 non
1065 1179 1123 1254 agit
1137 1179 1191 1236 nisi
1205 1178 1296 1236 bonas

246 1234 275 1287 τ’
303 1280 422 1337 causas,
445 1271 495 1320 eas
520 1279 608 1340 porro
632 1263 717 1321 etiam
740 1263 803 1321 siue
826 1263 956 1322 doctrina
980 1264 1048 1321 satis
1070 1279 1124 1339 per
1148 1280 1180 1320 se
1200 1270 1296 1320 tuetur

246 1327 278 1423 ,F
301 1347 412 1405 veritas
428 1346 499 1423 ipsa.
535 1345 645 1418 Quibus
670 1362 745 1422 ego,
768 1365 831 1405 cum
854 1346 890 1406 de
910 1363 975 1405 meo
996 1347 1115 1423 primum
1136 1362 1226 1423 opere
1249 1360 1336 1414 ιιι-34

246 1499 253 1513 ,
301 1429 469 1506 spondero,
488 1430 573 1488 etiam
588 1447 641 1507 pro
659 1429 727 1488 boni
739 1431 794 1488 viri
810 1429 924 1505 cilicio,
943 1431 967 1488 si
984 1429 1096 1507 quando
1113 1447 1176 1488 eum
1194 1429 1229 1488 ad
1246 1428 1295 1487 de-

246 1502 273 1541 ‘¹
301 1513 464 1572 tensionem
488 1514 650 1571 nocentium
674 1515 748 1572 ratio
777 1514 904 1589 duxerit,
931 1514 1115 1573 satisfaciam.
1158 1511 1296 1572 Tractare

302 1597 395 1671 enim,
412 1596 554 1674 quomodo
571 1605 618 1655 aut
628 1613 681 1674 pro
697 1596 778 1656 falsis
793 1606 841 1657 aut
856 1600 941 1657 etiam
952 1615 1005 1675 pro
1018 1598 1129 1656 iniustis
1143 1595 1295 1675 aliquando

302 1681 425 1755 dicatur,
441 1698 498 1738 non
514 1689 559 1739 est
572 1681 683 1756 inutile,
698 1681 747 1740 vel
762 1691 883 1760 propter
896 1682 953 1741 hoc
968 1682 1071 1757 solum,
1087 1691 1118 1742 ut
1133 1699 1167 1739 ea
1183 1679 1296 1740 facilius

246 1738 265 1833 ἰ,
303 1772 334 1842 et
363 1763 610 1841 deprehendamus
637 1773 667 1823 et
694 1765 877 1833 refellamus;
906 1765 1143 1843 quemadmodum
1168 1763 1296 1824 remedia

246 1840 263 1918 Ι,
300 1846 406 1906 melius
420 1847 576 1923 adhibebit,
594 1849 639 1907 cui
650 1848 728 1923 nola,
745 1867 819 1926 quae
830 1859 947 1925 nocent,
963 1851 1077 1908 luerint.
1104 1847 1209 1927 Neque
1222 1849 1337 1912 animas

246 1925 260 1965 “¹
301 1930 488 2007 Academici,
512 1949 577 1991 cum
596 1933 625 1989 in
646 1940 794 2010 utramque
811 1932 1009 1992 disseruerunt
1028 1941 1155 2011 partem,
1176 1948 1233 1991 uon
1248 1950 1295 1990 se·

252 2010 258 2050 t
301 2015 425 2074 cundum
442 2015 560 2074 alteram
581 2015 694 2083 vivent;
716 2033 773 2075 nec
788 2013 954 2076 Carneades
969 2016 1034 2091 ille,
1058 2017 1106 2094 qui
1120 2015 1230 2075 Romae
1247 2033 1295 2074 au·

246 2096 256 2135 ¹
302 2098 400 2157 diente
418 2096 559 2158 Censorio
578 2095 688 2158 (latone
709 2117 766 2158 uon
788 2100 944 2158 minoribus
965 2098 1075 2159 viribus
1099 2107 1199 2158 contra
1216 2099 1294 2157 iusti-

246 2182 252 2263 !
302 2184 371 2241 tiam
388 2183 490 2242 dicitur
505 2183 677 2242 disseruisse
693 2200 776 2260 quam
796 2185 889 2262 pridie
911 2201 964 2261 pro
979 2184 1084 2243 iustitia
1102 2182 1229 2258 dixerat,
1253 2182 1294 2240 in·

246 2266 252 2345 ξ
302 2267 396 2324 iustus
419 2268 482 2344 ipse
503 2267 548 2324 vir
567 2266 627 2325 fuit.
661 2266 769 2326 Verum
794 2277 824 2327 et
844 2269 934 2326 virtus
957 2268 1023 2345 quid
1045 2268 1098 2342 sit,
1122 2267 1244 2326 adversa
1267 2266 1295 2325 ei

246 2348 251 2390 l
301 2349 409 2408 malitia
424 2350 544 2425 detegit,
560 2358 589 2409 et
604 2351 734 2427 aequitas
750 2350 780 2410 lit
795 2370 833 2410 ex
848 2352 936 2429 iniqui
951 2351 1193 2427 contemplatione
1207 2349 1296 2408 mani·¹

246 2434 249 2463 ¹
302 2434 417 2508 festior,
434 2441 463 2492 et
479 2432 598 2510 plurima
614 2435 764 2492 contrariis
779 2434 945 2514 probantur.
971 2434 1086 2496 Debent
1100 2450 1171 2510 ergo
1187 2434 1296 2492 oratori

246 2512 249 2557 ¹
303 2519 346 2576 sic
367 2535 434 2576 esse
456 2517 686 2580 adversariorum
699 2527 767 2578 nota
788 2518 909 2578 consilia
932 2527 962 2578 ut
981 2519 1103 2578 bostium
1118 2517 1294 2597 imperatori.
1351 2540 1353 2544 ·

301 2601 410 2660 Verum
437 2609 469 2658 et
493 2599 579 2675 illud,
609 2600 685 2678 quod
708 2602 799 2680 prima
825 2603 1027 2681 propositione
1054 2602 1152 2661 durum
1172 2603 1338 2672 videtur,36

301 2693 400 2763 potest
415 2684 520 2744 afferre
536 2685 624 2760 ratio,
647 2693 678 2744 ut
700 2687 745 2744 vir
766 2685 859 2758 bonus
874 2688 902 2745 iu
917 2687 1085 2746 defensioue
1102 2703 1207 2746 causae
1224 2685 1296 2745 velit

303 2769 418 2829 auferre
430 2769 582 2848 aliquando
595 2769 681 2829 iudici
692 2771 853 2830 veritatem.
873 2770 956 2843 Quod
967 2772 991 2829 si
1003 2772 1067 2849 quis
1079 2787 1095 2829 a
1110 2788 1156 2829 rue
1171 2770 1295 2849 proponi

302 2853 459 2927 mirabitur,
477 2854 652 2932 (quanquam
663 2869 720 2912 uon
732 2863 776 2913 est
787 2855 862 2914 baec
873 2873 937 2915 mea
953 2856 1071 2933 proprie
1087 2855 1228 2914 sententia
1243 2852 1296 2911 sed

287 2952 418 3011 eorum,
442 2954 515 3014 quos
537 2937 724 3013 gravissimos
748 2939 908 3016 sapientiae
931 2941 1085 3016 magistros
1110 2947 1190 2997 aetas
1211 2944 1295 2995 vetus

305 3018 445 3098 credidit)
468 3022 511 3079 sic
533 3022 656 3096 iudicet,
683 3021 824 3100 pleraque
845 3040 928 3098 esse,
959 3018 1034 3100 quae
1056 3039 1114 3080 non
1134 3029 1191 3080 tam
1211 3019 1295 3078 lactis

304 3119 387 3178 quam
404 3106 498 3162 causis
513 3122 613 3164 eorum
628 3104 677 3164 vel
691 3105 813 3166 honesta
833 3106 900 3166 liant
920 3106 970 3165 vel
987 3107 1089 3183 turpia.
1118 3102 1189 3162 Nam
1204 3103 1229 3161 si
1243 3102 1336 3164 bo·37

302 3186 407 3243 minem
433 3188 569 3248 occidere
591 3207 682 3266 saepe
703 3191 810 3265 virtus,
837 3189 948 3249 liberos
970 3206 1077 3248 necare
1095 3203 1295 3264 nonnunquam

302 3268 524 3347 pulcherrimum
542 3282 602 3332 est:
627 3274 776 3350 asperiora
797 3273 937 3351 quaedam
954 3272 1047 3332 adbuc
1063 3271 1154 3347 dictu,
1176 3271 1201 3329 si
1216 3287 1293 3330 com-

302 3353 394 3412 munis
415 3353 521 3412 utilitas
546 3355 694 3433 exegerit,
718 3356 819 3415 iacere
842 3356 1023 3424 conceditur;
1045 3373 1082 3413 ne
1101 3355 1159 3414 hoc
1179 3352 1294 3433 quidem

301 3435 406 3495 nudum
424 3444 468 3494 est
489 3438 665 3516 intuendum,
691 3439 806 3517 qualem
825 3457 940 3500 causam
960 3441 1005 3498 vir
1026 3438 1120 3499 bouus
1139 3438 1292 3497 sedetiam

302 3537 393 3599 quare
415 3529 444 3578 et
470 3537 526 3597 qua
545 3531 640 3582 mente
665 3523 811 3583 defendat.
841 3523 886 3582 bc
905 3524 1025 3602 primum
1046 3522 1206 3583 concedant
1225 3521 1335 3584 mihies

302 3622 402 3664 omnes
419 3611 551 3681 oportet,
576 3607 653 3683 quod
668 3608 832 3667 Stoicorum
850 3624 967 3687 quoque
987 3607 1145 3685 asperrimi
1156 3606 1292 3666 conlitea-

300 3699 362 3765 tur,
385 3689 524 3748 iacturum
545 3688 698 3768 aliquando
717 3693 809 3751 virum
823 3689 943 3768 bonum,
966 3700 996 3752 ut
1010 3691 1187 3826 meudapqiupn
1205 3689 1291 3764 dicat,
