3184 4409
648 462 685 510 Μ.
696 460 775 509 ΕΔΒ.
791 459 1011 520 cummim

600 616 643 666 DE
661 615 785 669 risonis
801 615 1064 667 SENTENTIARUM.

415 697 451 758 ll.
484 696 563 774 Ergo
581 700 626 756 cui
643 698 727 756 latius
743 697 899 775 complecti
914 697 1164 757 conformationes
1180 698 1316 759 verltomu

333 803 368 844 ac
384 783 587 841 sententiarum
610 781 768 859 placuerit,
787 781 885 855 habet,
902 781 980 859 quod
995 790 1155 858 sequatur,
1178 801 1240 842 nec
1261 783 1316 843 altr

332 885 411 926 mare
433 867 538 939 ausim,
556 867 707 941 quicquam
729 883 796 923 esse
816 864 935 932 melius;
959 865 1011 924 sed
1031 864 1106 924 haec
1129 867 1168 926 ad
1193 867 1316 946 propositi

334 953 389 1010 mei
404 951 543 1008 rationem
565 949 653 1024 legat.
683 948 755 1005 Nam
777 949 844 1007 milri
867 948 903 1007 de
926 949 970 1007 his
993 952 1275 1010 sententiarum
1289 951 1315 1010 li·

333 1035 435 1112 guris
453 1033 550 1091 dicere
566 1034 593 1089 in
611 1034 701 1090 animo
719 1041 780 1106 est,
806 1050 879 1109 quae
901 1032 937 1091 ab
952 1032 1004 1090 illo
1019 1032 1148 1110 simplici
1163 1035 1257 1095 modo
1268 1034 1316 1094 indi

335 1118 416 1178 caudi
442 1116 593 1181 receduut;
621 1116 696 1192 qnod
723 1115 797 1173 idem
825 1116 921 1193 multis
946 1116 1120 1176 doctissimis
1149 1119 1227 1177 viris
1253 1118 1317 1178 vito

305 1203 490 1280 iplaouisse.
522 1197 621 1271 Omnia
638 1209 732 1258 tamen
748 1199 814 1272 illa,
836 1200 921 1258 etiam
945 1208 1098 1276 quaesunt
1114 1199 1246 1261 alterius
1263 1201 1318 1261 moli

333 1287 447 1359 lumina,
464 1284 537 1342 adeo
554 1292 618 1341 sunt
633 1285 752 1341 virtutes
769 1284 924 1358 orationis,
941 1292 971 1342 ut
986 1285 1047 1341 sine
1061 1284 1096 1341 iis
1111 1284 1196 1344 nulla
1214 1285 1319 1361 intelligi

333 1371 395 1429 lere
417 1369 510 1446 possit
531 1370 633 1426 oratio.
669 1366 741 1425 Nam
765 1366 910 1444 quomodo
931 1367 1019 1426 iudex
1043 1366 1147 1426 doceri
1170 1368 1320 1446 potest-,ti

333 1454 407 1512 desit
426 1451 543 1510 illustris
560 1451 741 1529 explanatio,
764 1451 942 1527 propositio,
965 1452 1138 1528 promissio,
1155 1452 1276 1530 linitio,
1291 1469 1321 1512 se
1338 1494 1340 1501 ·

334 1537 456 1609 iunctio,
480 1536 624 1611 expositio
644 1535 803 1592 sententiae
824 1551 910 1608 suae,
932 1535 1051 1593 rationis
1075 1543 1144 1612 apta
1169 1537 1322 1609 conclusio,

333 1619 537 1699 praemunitio,
560 1618 730 1692 similitudo,
750 1610 926 1694 exemplum,
945 1619 1080 1694 digestio,
1098 1618 1282 1695 distributio,
1295 1623 1323 1679 irr

334 1702 517 1780 terpellatio,
554 1702 763 1779 interpellantis
795 1703 952 1781 coercitio,
989 1704 1155 1778 contentio,
1186 1707 1323 1782 purgatio,

305 1782 447 1849 tlaesio‘?
485 1784 558 1857 Quid
573 1803 644 1843 vero
668 1787 726 1862 agit
748 1787 861 1844 omnino
884 1786 1049 1862 eloquentia
1068 1785 1213 1846 detractis
1238 1788 1323 1866 ampli·

336 1869 436 1929 fucandi
459 1870 660 1945 minuendique
685 1866 865 1929 rationibus?
894 1868 1019 1942 Quarum
1039 1871 1120 1947 prior
1135 1869 1290 1932 desiderat
1301 1869 1323 1929 il·

335 1955 390 2014 lam
415 1952 480 2031 plus
502 1970 585 2029 quarn
606 1954 717 2013 dixeris·
736 1953 990 2030 significationem,
1012 1952 1041 2011 id
1061 1962 1107 2011 est
1135 1952 1286 2031 ἔμφασιν,
1304 1962 1324 2012 et

335 2037 559 2116 superlationem
581 2039 711 2096 veritatis
734 2047 764 2096 et
783 2039 1000 2104 traiectionem;
1024 2036 1100 2096 haec
1127 2037 1228 2098 altera
1257 2048 1322 2099 erte

334 2122 507 2195 ouationem,
523 2121 826 2198 deprecationemque.
865 2119 921 2193 Qui
944 2121 1065 2179 affectus
1088 2131 1174 2181 erunt
1194 2123 1248 2182 vel
1269 2139 1323 2182 con

336 2207 413 2265 citati
428 2205 557 2263 detracta
572 2222 648 2263 voce
669 2204 776 2279 libera,
802 2205 987 2264 effrenatione
1008 2204 1175 2280 iracundia,
1199 2206 1324 2283 obiurga·

334 2292 422 2363 tione,
440 2290 603 2367 optatione,
623 2285 890 2348 execrationeiuel
906 2288 948 2347 illi
970 2289 1109 2363 mitiores,
1129 2291 1186 2347 nisi
1200 2291 1324 2350 adiuvan-

336 2383 379 2432 tur
394 2373 653 2447 commendatione,
673 2373 886 2447 conciliatione,
905 2372 941 2431 ad
953 2372 1125 2431 hilaritatem
1137 2367 1325 2450 impulsione?

305 2456 416 2532 sQuae
437 2456 591 2515 delectatio
615 2465 663 2514 aut
683 2456 759 2532 quod
782 2455 966 2515 mediocriter
986 2456 1086 2514 saltem
1108 2455 1190 2515 docti
1212 2456 1326 2517 hominis

335 2540 483 2598 indicium:
510 2541 564 2597 uisi
590 2540 646 2599 alia
668 2541 841 2617 repetitione
867 2540 923 2598 alia
948 2541 1174 2599 commoratione
1200 2541 1326 2618 infigere,

335 2624 446 2698 digredi
463 2642 478 2681 a
494 2642 524 2681 re
543 2632 570 2680 ot
585 2624 680 2682 redire
696 2625 731 2684 ad
747 2625 928 2701 propositum
944 2642 1025 2682 suum
1043 2625 1156 2690 scierit;
1179 2640 1327 2684 removere

334 2725 350 2764 a
366 2724 409 2781 se,
427 2709 454 2764 in
470 2707 554 2764 alium
566 2709 714 2775 traiicere;
733 2725 807 2783 quae
824 2707 1023 2783 relinquenda,
1037 2725 1110 2784 quae
1123 2706 1327 2767 contemnenda

335 2791 400 2865 sint,
421 2786 569 2848 iudicare?
598 2788 692 2848 illotus
712 2799 756 2849 est
778 2792 806 2849 in
826 2790 870 2848 his
890 2793 1028 2849 orationis
1047 2800 1132 2867 atque
1149 2801 1250 2867 actus,
1273 2790 1327 2870 qui·

335 2874 388 2932 bus
410 2873 546 2932 detractis
569 2874 644 2932 iacet
670 2883 698 2932 et
721 2874 803 2934 velut
832 2876 957 2950 agitante
979 2891 1085 2952 corpus
1112 2875 1215 2952 spiritu
1242 2882 1327 2934 caret.

309 2958 417 3031 oQuae
441 2975 503 3015 curn
525 2957 629 3015 adesse
651 2957 774 3032 debent,
804 2967 861 3016 turn
882 2958 1061 3035 disponenda
1082 2966 1169 3035 atque
1195 2957 1328 3017 varianda

335 3052 409 3117 sunt,
427 3051 456 3100 ut
473 3041 642 3115 auditorem,
661 3042 736 3118 quod
755 3044 782 3100 in
799 3041 901 3102 fidibus
923 3042 985 3101 lieri
1000 3042 1146 3116 videmus,
1165 3043 1243 3114 omni
1261 3056 1328 3100 sono

335 3127 486 3185 mulceant.
514 3125 621 3184 Verum
636 3145 670 3184 ea
691 3126 861 3203 plerumque
879 3134 958 3184 recta
975 3134 1038 3184 sunt
1057 3143 1112 3184 neo
1129 3143 1162 3182 se
1179 3125 1291 3202 lingunt
1305 3132 1329 3182 et

336 3211 515 3269 confitentur.
549 3209 706 3269 Admittunt
721 3219 833 3285 autem,
851 3219 882 3268 ut
897 3209 970 3285 dixi,
986 3209 1113 3286 figuras,
1136 3210 1217 3285 quod
1232 3209 1284 3268 vel
1297 3224 1329 3267 ex

335 3296 463 3371 proxima
479 3294 578 3352 doceri
595 3303 701 3371 potest.

307 3384 324 3437 6
419 3376 492 3449 Quid
504 3379 577 3435 enirn
589 3386 645 3436 tam
658 3392 806 3435 commune
824 3395 908 3455 quam
924 3379 1167 3452 interrogare
1183 3377 1234 3436 vel
1250 3394 1329 3454 per·

337 3457 502 3518 contari?
547 3461 619 3519 Nam
646 3470 769 3538 utroque
797 3463 901 3519 utimur
930 3461 1141 3534 indifferenter,
1171 3475 1330 3538 quanquam

335 3542 456 3601 alterum
478 3545 616 3603 noscendi
638 3545 757 3604 alterum
782 3545 921 3621 arguendi
944 3547 1036 3621 gratia
1057 3544 1171 3603 uidetur
1190 3543 1329 3604 adhiberi.

336 3625 374 3684 At
393 3644 427 3684 ea
443 3644 507 3700 res,
528 3637 707 3704 utrocunque
723 3627 826 3686 dicitur
842 3629 943 3703 modo,
967 3629 1052 3687 etiarn
1073 3627 1228 3705 multiplex
1246 3626 1331 3686 habet

336 3709 462 3770 schema.
494 3710 664 3788 Incipiamus
681 3713 754 3771 enim
770 3711 873 3789 abiis,
898 3711 1001 3788 quibus
1018 3714 1113 3771 acrior
1127 3729 1162 3770 ac
1177 3710 1329 3771 vehemen-
