<?xml version="1.0" encoding="UTF-8"?>
<!DOCTYPE html PUBLIC "-//W3C//DTD XHTML 1.0 Transitional//EN"
    "http://www.w3.org/TR/xhtml1/DTD/xhtml1-transitional.dtd">
<html xmlns="http://www.w3.org/1999/xhtml" xml:lang="en" lang="en">
 <head>
  <title>
</title>
<meta http-equiv="Content-Type" content="text/html;charset=utf-8" />
  <meta name='ocr-system' content='tesseract 3.04.00' />
  <meta name='ocr-capabilities' content='ocr_page ocr_carea ocr_par ocr_line ocrx_word'/>
</head>
<body>
  <div class='ocr_page' id='page_1' title='image "./mfabiiquintilia02quingoog_0512.png"; bbox 0 0 3184 4409; ppageno 0'>
   <div class='ocr_carea' id='block_1_1' title="bbox 261 432 1009 517">
    <p class='ocr_par' dir='ltr' id='par_1_1' title="bbox 261 432 1009 517">
     <span class='ocr_line' id='line_1_1' title="bbox 261 432 1009 517; baseline -0.005 -9"><span class='ocrx_word' id='word_1_1' title='bbox 261 432 263 437; x_wconf 71' lang='grc'><strong>’</strong></span> <span class='ocrx_word' id='word_1_2' title='bbox 335 449 393 508; x_wconf 81' lang='lat'>180</span> <span class='ocrx_word' id='word_1_3' title='bbox 645 460 682 506; x_wconf 90' lang='grc' dir='ltr'>ιι.</span> <span class='ocrx_word' id='word_1_4' title='bbox 697 457 774 504; x_wconf 78' lang='lat' dir='ltr'>sse.</span> <span class='ocrx_word' id='word_1_5' title='bbox 792 456 1009 517; x_wconf 75' lang='lat' dir='ltr'>Qumrrursur</span> 
     </span>
    </p>
   </div>
   <div class='ocr_carea' id='block_1_2' title="bbox 288 610 1359 3789">
    <p class='ocr_par' dir='ltr' id='par_1_2' title="bbox 288 610 1359 3789">
     <span class='ocr_line' id='line_1_2' title="bbox 335 610 1326 694; baseline 0.001 -21"><span class='ocrx_word' id='word_1_6' title='bbox 335 625 363 674; x_wconf 88' lang='lat' dir='ltr'>et</span> <span class='ocrx_word' id='word_1_7' title='bbox 385 616 465 691; x_wconf 91' lang='lat' dir='ltr'>quasi</span> <span class='ocrx_word' id='word_1_8' title='bbox 486 613 639 672; x_wconf 77' lang='lat' dir='ltr'><strong>militantes</strong></span> <span class='ocrx_word' id='word_1_9' title='bbox 662 612 755 670; x_wconf 79' lang='lat' dir='ltr'>reficit</span> <span class='ocrx_word' id='word_1_10' title='bbox 778 631 813 671; x_wconf 90' lang='lat' dir='ltr'>ac</span> <span class='ocrx_word' id='word_1_11' title='bbox 834 621 950 689; x_wconf 88' lang='lat' dir='ltr'>reparat</span> <span class='ocrx_word' id='word_1_12' title='bbox 973 610 1048 671; x_wconf 89' lang='lat' dir='ltr'>haec</span> <span class='ocrx_word' id='word_1_13' title='bbox 1069 614 1159 674; x_wconf 84' lang='lat' dir='ltr'>velut</span> <span class='ocrx_word' id='word_1_14' title='bbox 1183 619 1282 694; x_wconf 86' lang='lat' dir='ltr'>sagina</span> <span class='ocrx_word' id='word_1_15' title='bbox 1296 618 1326 676; x_wconf 92' lang='lat' dir='ltr'>di-</span> 
     </span>
     <span class='ocr_line' id='line_1_3' title="bbox 335 695 1326 760; baseline 0.002 -4"><span class='ocrx_word' id='word_1_16' title='bbox 335 699 432 756; x_wconf 90' lang='lat' dir='ltr'>cendi:</span> <span class='ocrx_word' id='word_1_17' title='bbox 461 700 503 756; x_wconf 91' lang='lat' dir='ltr'>sic</span> <span class='ocrx_word' id='word_1_18' title='bbox 527 697 730 756; x_wconf 80' lang='lat' dir='ltr'>adolescentes</span> <span class='ocrx_word' id='word_1_19' title='bbox 754 713 810 754; x_wconf 91' lang='lat' dir='ltr'>non</span> <span class='ocrx_word' id='word_1_20' title='bbox 832 695 937 754; x_wconf 89' lang='lat' dir='ltr'>debent</span> <span class='ocrx_word' id='word_1_21' title='bbox 956 697 1071 755; x_wconf 90' lang='lat' dir='ltr'>nimium</span> <span class='ocrx_word' id='word_1_22' title='bbox 1094 700 1126 756; x_wconf 86' lang='lat' dir='ltr'>iu</span> <span class='ocrx_word' id='word_1_23' title='bbox 1151 700 1231 760; x_wconf 86' lang='lat' dir='ltr'>falsa</span> <span class='ocrx_word' id='word_1_24' title='bbox 1247 719 1326 760; x_wconf 89' lang='lat' dir='ltr'>rerum</span> 
     </span>
     <span class='ocr_line' id='line_1_4' title="bbox 333 779 1325 858; baseline 0.004 -18"><span class='ocrx_word' id='word_1_25' title='bbox 333 784 455 857; x_wconf 80' lang='lat' dir='ltr'>imagine</span> <span class='ocrx_word' id='word_1_26' title='bbox 469 783 589 840; x_wconf 80' lang='lat' dir='ltr'>detineri</span> <span class='ocrx_word' id='word_1_27' title='bbox 602 790 630 838; x_wconf 90' lang='lat' dir='ltr'>et</span> <span class='ocrx_word' id='word_1_28' title='bbox 642 779 769 838; x_wconf 90' lang='lat' dir='ltr'>inanibus</span> <span class='ocrx_word' id='word_1_29' title='bbox 782 798 814 837; x_wconf 88' lang='lat' dir='ltr'>se</span> <span class='ocrx_word' id='word_1_30' title='bbox 825 779 983 838; x_wconf 78' lang='lat' dir='ltr'>simulacris</span> <span class='ocrx_word' id='word_1_31' title='bbox 999 798 1094 858; x_wconf 89' lang='lat' dir='ltr'>usque</span> <span class='ocrx_word' id='word_1_32' title='bbox 1106 783 1204 858; x_wconf 90' lang='lat' dir='ltr'>adeo,</span> <span class='ocrx_word' id='word_1_33' title='bbox 1222 795 1253 844; x_wconf 92' lang='lat' dir='ltr'>ut</span> <span class='ocrx_word' id='word_1_34' title='bbox 1268 785 1325 844; x_wconf 89' lang='lat' dir='ltr'>diff·</span> 
     </span>
     <span class='ocr_line' id='line_1_5' title="bbox 334 862 1325 947; baseline 0.001 -23"><span class='ocrx_word' id='word_1_35' title='bbox 334 867 396 924; x_wconf 84' lang='lat' dir='ltr'>cilis</span> <span class='ocrx_word' id='word_1_36' title='bbox 413 866 448 924; x_wconf 89' lang='lat' dir='ltr'>ab</span> <span class='ocrx_word' id='word_1_37' title='bbox 464 865 507 923; x_wconf 91' lang='lat' dir='ltr'>his</span> <span class='ocrx_word' id='word_1_38' title='bbox 519 866 666 940; x_wconf 83' lang='lat' dir='ltr'>digressus</span> <span class='ocrx_word' id='word_1_39' title='bbox 683 866 728 935; x_wconf 91' lang='lat' dir='ltr'>sit,</span> <span class='ocrx_word' id='word_1_40' title='bbox 746 863 942 937; x_wconf 82' lang='lat' dir='ltr'>assuefacere,</span> <span class='ocrx_word' id='word_1_41' title='bbox 958 881 994 922; x_wconf 90' lang='lat' dir='ltr'>ne</span> <span class='ocrx_word' id='word_1_42' title='bbox 1006 862 1043 922; x_wconf 89' lang='lat' dir='ltr'>ab</span> <span class='ocrx_word' id='word_1_43' title='bbox 1055 865 1119 938; x_wconf 90' lang='lat' dir='ltr'>illa,</span> <span class='ocrx_word' id='word_1_44' title='bbox 1137 869 1170 927; x_wconf 90' lang='lat' dir='ltr'>iu</span> <span class='ocrx_word' id='word_1_45' title='bbox 1181 887 1240 946; x_wconf 91' lang='lat' dir='ltr'>qua</span> <span class='ocrx_word' id='word_1_46' title='bbox 1251 885 1325 947; x_wconf 85' lang='lat' dir='ltr'>prope</span> 
     </span>
     <span class='ocr_line' id='line_1_6' title="bbox 335 947 1324 1026; baseline 0.001 -19"><span class='ocrx_word' id='word_1_47' title='bbox 335 951 552 1023; x_wconf 78' lang='lat' dir='ltr'>consenuerint,</span> <span class='ocrx_word' id='word_1_48' title='bbox 577 947 674 1006; x_wconf 89' lang='lat' dir='ltr'>umbra</span> <span class='ocrx_word' id='word_1_49' title='bbox 696 965 765 1005; x_wconf 88' lang='lat' dir='ltr'>vera</span> <span class='ocrx_word' id='word_1_50' title='bbox 789 947 950 1006; x_wconf 90' lang='lat' dir='ltr'>discrimina</span> <span class='ocrx_word' id='word_1_51' title='bbox 971 947 1051 1006; x_wconf 88' lang='lat' dir='ltr'>velut</span> <span class='ocrx_word' id='word_1_52' title='bbox 1074 952 1324 1026; x_wconf 59' lang='lat' dir='ltr'>quendam-,solen</span> 
     </span>
     <span class='ocr_line' id='line_1_7' title="bbox 295 1030 1324 1114; baseline 0.003 -23"><span class='ocrx_word' id='word_1_53' title='bbox 295 1033 528 1099; x_wconf 69' lang='lat' dir='ltr'>lareformident.</span> <span class='ocrx_word' id='word_1_54' title='bbox 572 1031 656 1103; x_wconf 86' lang='lat' dir='ltr'>Quod</span> <span class='ocrx_word' id='word_1_55' title='bbox 679 1031 820 1088; x_wconf 89' lang='lat' dir='ltr'>accidisse</span> <span class='ocrx_word' id='word_1_56' title='bbox 837 1032 920 1088; x_wconf 89' lang='lat' dir='ltr'>etiam</span> <span class='ocrx_word' id='word_1_57' title='bbox 934 1030 1036 1090; x_wconf 92' lang='lat' dir='ltr'>Porcio</span> <span class='ocrx_word' id='word_1_58' title='bbox 1053 1031 1197 1111; x_wconf 84' lang='lat' dir='ltr'>Latroni,</span> <span class='ocrx_word' id='word_1_59' title='bbox 1222 1038 1271 1112; x_wconf 92' lang='lat' dir='ltr'>qui</span> <span class='ocrx_word' id='word_1_60' title='bbox 1284 1037 1324 1114; x_wconf 89' lang='lat' dir='ltr'>pri·</span> 
     </span>
     <span class='ocr_line' id='line_1_8' title="bbox 334 1113 1324 1192; baseline 0.001 -17"><span class='ocrx_word' id='word_1_61' title='bbox 334 1136 395 1174; x_wconf 90' lang='lat' dir='ltr'>mus</span> <span class='ocrx_word' id='word_1_62' title='bbox 413 1117 482 1175; x_wconf 89' lang='lat' dir='ltr'>clari</span> <span class='ocrx_word' id='word_1_63' title='bbox 503 1116 623 1173; x_wconf 90' lang='lat' dir='ltr'>nominis</span> <span class='ocrx_word' id='word_1_64' title='bbox 646 1114 796 1191; x_wconf 88' lang='lat' dir='ltr'>professor</span> <span class='ocrx_word' id='word_1_65' title='bbox 820 1113 886 1187; x_wconf 90' lang='lat' dir='ltr'>fuit,</span> <span class='ocrx_word' id='word_1_66' title='bbox 909 1115 1044 1189; x_wconf 84' lang='lat' dir='ltr'>traditur,</span> <span class='ocrx_word' id='word_1_67' title='bbox 1067 1125 1116 1192; x_wconf 86' lang='lat' dir='ltr'>ut,</span> <span class='ocrx_word' id='word_1_68' title='bbox 1137 1137 1206 1178; x_wconf 89' lang='lat' dir='ltr'>oum</span> <span class='ocrx_word' id='word_1_69' title='bbox 1224 1122 1252 1178; x_wconf 89' lang='lat' dir='ltr'>ei</span> <span class='ocrx_word' id='word_1_70' title='bbox 1269 1137 1324 1178; x_wconf 79' lang='lat' dir='ltr'>sun</span> 
     </span>
     <span class='ocr_line' id='line_1_9' title="bbox 334 1198 1325 1281; baseline 0.001 -23"><span class='ocrx_word' id='word_1_71' title='bbox 334 1219 405 1281; x_wconf 81' lang='lat' dir='ltr'>mam</span> <span class='ocrx_word' id='word_1_72' title='bbox 417 1203 444 1258; x_wconf 91' lang='lat' dir='ltr'>in</span> <span class='ocrx_word' id='word_1_73' title='bbox 456 1199 563 1258; x_wconf 88' lang='lat' dir='ltr'>scholis</span> <span class='ocrx_word' id='word_1_74' title='bbox 575 1199 737 1275; x_wconf 80' lang='lat' dir='ltr'>opinionem</span> <span class='ocrx_word' id='word_1_75' title='bbox 750 1198 888 1256; x_wconf 89' lang='lat' dir='ltr'>obtinenti</span> <span class='ocrx_word' id='word_1_76' title='bbox 897 1215 982 1257; x_wconf 87' lang='lat' dir='ltr'>causa</span> <span class='ocrx_word' id='word_1_77' title='bbox 992 1201 1020 1256; x_wconf 95' lang='lat' dir='ltr'>in</span> <span class='ocrx_word' id='word_1_78' title='bbox 1035 1198 1100 1258; x_wconf 90' lang='lat' dir='ltr'>foro</span> <span class='ocrx_word' id='word_1_79' title='bbox 1121 1212 1209 1262; x_wconf 87' lang='lat' dir='ltr'>esset</span> <span class='ocrx_word' id='word_1_80' title='bbox 1226 1203 1325 1263; x_wconf 83' lang='lat' dir='ltr'>oranda.</span> 
     </span>
     <span class='ocr_line' id='line_1_10' title="bbox 334 1281 1325 1360; baseline 0.001 -20"><span class='ocrx_word' id='word_1_81' title='bbox 334 1287 462 1360; x_wconf 91' lang='lat' dir='ltr'>impense</span> <span class='ocrx_word' id='word_1_82' title='bbox 475 1284 599 1360; x_wconf 91' lang='lat' dir='ltr'>petierit,</span> <span class='ocrx_word' id='word_1_83' title='bbox 616 1283 655 1339; x_wconf 94' lang='lat' dir='ltr'>uti</span> <span class='ocrx_word' id='word_1_84' title='bbox 673 1282 809 1339; x_wconf 90' lang='lat' dir='ltr'>subsellia</span> <span class='ocrx_word' id='word_1_85' title='bbox 825 1283 852 1339; x_wconf 91' lang='lat' dir='ltr'>in</span> <span class='ocrx_word' id='word_1_86' title='bbox 863 1281 1010 1341; x_wconf 88' lang='lat' dir='ltr'>basilicam</span> <span class='ocrx_word' id='word_1_87' title='bbox 1020 1285 1269 1346; x_wconf 88' lang='lat' dir='ltr'>transferrentur.</span> <span class='ocrx_word' id='word_1_88' title='bbox 1298 1285 1325 1344; x_wconf 82' lang='lat' dir='ltr'>lta</span> 
     </span>
     <span class='ocr_line' id='line_1_11' title="bbox 334 1365 1325 1445; baseline 0 -20"><span class='ocrx_word' id='word_1_89' title='bbox 334 1368 375 1426; x_wconf 87' lang='lat' dir='ltr'>illi</span> <span class='ocrx_word' id='word_1_90' title='bbox 398 1367 510 1426; x_wconf 88' lang='lat' dir='ltr'>coelom</span> <span class='ocrx_word' id='word_1_91' title='bbox 534 1383 637 1423; x_wconf 88' lang='lat' dir='ltr'>novum</span> <span class='ocrx_word' id='word_1_92' title='bbox 663 1365 730 1438; x_wconf 88' lang='lat' dir='ltr'>fuit,</span> <span class='ocrx_word' id='word_1_93' title='bbox 751 1374 781 1423; x_wconf 90' lang='lat' dir='ltr'>ut</span> <span class='ocrx_word' id='word_1_94' title='bbox 807 1367 897 1424; x_wconf 90' lang='lat' dir='ltr'>omnis</span> <span class='ocrx_word' id='word_1_95' title='bbox 919 1367 980 1424; x_wconf 91' lang='lat' dir='ltr'>eius</span> <span class='ocrx_word' id='word_1_96' title='bbox 1003 1367 1178 1445; x_wconf 84' lang='lat' dir='ltr'>eloquentia</span> <span class='ocrx_word' id='word_1_97' title='bbox 1202 1368 1325 1431; x_wconf 82' lang='lat' dir='ltr'>contineri</span> 
     </span>
     <span class='ocr_line' id='line_1_12' title="bbox 295 1448 1325 1530; baseline 0.001 -22"><span class='ocrx_word' id='word_1_98' title='bbox 295 1460 413 1516; x_wconf 84' lang='lat' dir='ltr'>19tecto</span> <span class='ocrx_word' id='word_1_99' title='bbox 431 1468 465 1508; x_wconf 92' lang='lat' dir='ltr'>ac</span> <span class='ocrx_word' id='word_1_100' title='bbox 481 1448 637 1526; x_wconf 90' lang='lat' dir='ltr'>parietibus</span> <span class='ocrx_word' id='word_1_101' title='bbox 661 1448 818 1507; x_wconf 90' lang='lat' dir='ltr'>videretur.</span> <span class='ocrx_word' id='word_1_102' title='bbox 853 1448 949 1522; x_wconf 82' lang='lat' dir='ltr'>Quare</span> <span class='ocrx_word' id='word_1_103' title='bbox 970 1451 1098 1525; x_wconf 83' lang='lat' dir='ltr'>invenis,</span> <span class='ocrx_word' id='word_1_104' title='bbox 1129 1455 1181 1530; x_wconf 89' lang='lat' dir='ltr'>qui</span> <span class='ocrx_word' id='word_1_105' title='bbox 1202 1457 1325 1514; x_wconf 85' lang='lat' dir='ltr'>rationem</span> 
     </span>
     <span class='ocr_line' id='line_1_13' title="bbox 336 1532 1325 1614; baseline 0.001 -23"><span class='ocrx_word' id='word_1_106' title='bbox 336 1534 497 1592; x_wconf 90' lang='lat' dir='ltr'>inveniendi</span> <span class='ocrx_word' id='word_1_107' title='bbox 514 1532 726 1609; x_wconf 88' lang='lat' dir='ltr'>eloquendique</span> <span class='ocrx_word' id='word_1_108' title='bbox 742 1550 758 1591; x_wconf 88' lang='lat' dir='ltr'>a</span> <span class='ocrx_word' id='word_1_109' title='bbox 773 1532 1011 1611; x_wconf 84' lang='lat' dir='ltr'>praeceptoribus</span> <span class='ocrx_word' id='word_1_110' title='bbox 1032 1534 1197 1610; x_wconf 84' lang='lat' dir='ltr'>diligenter</span> <span class='ocrx_word' id='word_1_111' title='bbox 1220 1553 1325 1614; x_wconf 82' lang='lat' dir='ltr'>aecepe</span> 
     </span>
     <span class='ocr_line' id='line_1_14' title="bbox 335 1602 1324 1694; baseline 0.002 -19"><span class='ocrx_word' id='word_1_112' title='bbox 335 1619 384 1680; x_wconf 84' lang='lat' dir='ltr'>rit:</span> <span class='ocrx_word' id='word_1_113' title='bbox 401 1602 477 1694; x_wconf 84' lang='lat' dir='ltr'>qubd</span> <span class='ocrx_word' id='word_1_114' title='bbox 494 1634 550 1674; x_wconf 90' lang='lat' dir='ltr'>non</span> <span class='ocrx_word' id='word_1_115' title='bbox 566 1625 610 1674; x_wconf 94' lang='lat' dir='ltr'>est</span> <span class='ocrx_word' id='word_1_116' title='bbox 624 1617 723 1675; x_wconf 90' lang='lat' dir='ltr'>infmiti</span> <span class='ocrx_word' id='word_1_117' title='bbox 741 1619 856 1694; x_wconf 92' lang='lat' dir='ltr'>operis,</span> <span class='ocrx_word' id='word_1_118' title='bbox 881 1617 906 1674; x_wconf 88' lang='lat' dir='ltr'>si</span> <span class='ocrx_word' id='word_1_119' title='bbox 926 1615 1034 1676; x_wconf 92' lang='lat' dir='ltr'>docere</span> <span class='ocrx_word' id='word_1_120' title='bbox 1055 1620 1160 1678; x_wconf 68' lang='lat' dir='ltr'>sciant·</span> <span class='ocrx_word' id='word_1_121' title='bbox 1179 1631 1211 1680; x_wconf 90' lang='lat' dir='ltr'>et</span> <span class='ocrx_word' id='word_1_122' title='bbox 1238 1621 1324 1680; x_wconf 84' lang='lat' dir='ltr'>velint:</span> 
     </span>
     <span class='ocr_line' id='line_1_15' title="bbox 336 1701 1324 1779; baseline 0 -20"><span class='ocrx_word' id='word_1_123' title='bbox 336 1701 573 1759; x_wconf 85' lang='lat' dir='ltr'>exercitationem</span> <span class='ocrx_word' id='word_1_124' title='bbox 591 1717 706 1777; x_wconf 91' lang='lat' dir='ltr'>quoque</span> <span class='ocrx_word' id='word_1_125' title='bbox 722 1701 861 1759; x_wconf 90' lang='lat' dir='ltr'>modicam</span> <span class='ocrx_word' id='word_1_126' title='bbox 878 1701 964 1760; x_wconf 89' lang='lat' dir='ltr'>fuerit</span> <span class='ocrx_word' id='word_1_127' title='bbox 981 1711 1181 1779; x_wconf 88' lang='lat' dir='ltr'>consecutus,</span> <span class='ocrx_word' id='word_1_128' title='bbox 1198 1715 1324 1765; x_wconf 87' lang='lat' dir='ltr'>oratoreu</span> 
     </span>
     <span class='ocr_line' id='line_1_16' title="bbox 336 1783 1323 1866; baseline 0.002 -25"><span class='ocrx_word' id='word_1_129' title='bbox 336 1783 389 1842; x_wconf 89' lang='lat' dir='ltr'>sibi</span> <span class='ocrx_word' id='word_1_130' title='bbox 405 1785 540 1862; x_wconf 87' lang='lat' dir='ltr'>aliquem,</span> <span class='ocrx_word' id='word_1_131' title='bbox 558 1783 634 1861; x_wconf 90' lang='lat' dir='ltr'>quod</span> <span class='ocrx_word' id='word_1_132' title='bbox 655 1785 729 1861; x_wconf 90' lang='lat' dir='ltr'>apud</span> <span class='ocrx_word' id='word_1_133' title='bbox 745 1786 869 1842; x_wconf 90' lang='lat' dir='ltr'>maiores</span> <span class='ocrx_word' id='word_1_134' title='bbox 885 1784 948 1842; x_wconf 89' lang='lat' dir='ltr'>lieri</span> <span class='ocrx_word' id='word_1_135' title='bbox 962 1783 1091 1860; x_wconf 87' lang='lat' dir='ltr'>solebat,</span> <span class='ocrx_word' id='word_1_136' title='bbox 1110 1786 1241 1864; x_wconf 83' lang='lat' dir='ltr'>deligat,</span> <span class='ocrx_word' id='word_1_137' title='bbox 1261 1802 1323 1866; x_wconf 87' lang='lat' dir='ltr'>quen</span> 
     </span>
     <span class='ocr_line' id='line_1_17' title="bbox 337 1867 1323 1948; baseline 0 -24"><span class='ocrx_word' id='word_1_138' title='bbox 337 1877 483 1944; x_wconf 91' lang='lat' dir='ltr'>sequatur,</span> <span class='ocrx_word' id='word_1_139' title='bbox 504 1885 587 1945; x_wconf 91' lang='lat' dir='ltr'>quem</span> <span class='ocrx_word' id='word_1_140' title='bbox 603 1869 740 1933; x_wconf 86' lang='lat' dir='ltr'>imitetur;</span> <span class='ocrx_word' id='word_1_141' title='bbox 757 1867 867 1926; x_wconf 90' lang='lat' dir='ltr'>iudiciis</span> <span class='ocrx_word' id='word_1_142' title='bbox 883 1867 994 1926; x_wconf 88' lang='lat' dir='ltr'>intersit</span> <span class='ocrx_word' id='word_1_143' title='bbox 1009 1887 1093 1947; x_wconf 91' lang='lat' dir='ltr'>quam</span> <span class='ocrx_word' id='word_1_144' title='bbox 1110 1870 1251 1948; x_wconf 89' lang='lat' dir='ltr'>plurimis</span> <span class='ocrx_word' id='word_1_145' title='bbox 1264 1881 1289 1931; x_wconf 87' lang='lat' dir='ltr'>et</span> <span class='ocrx_word' id='word_1_146' title='bbox 1301 1871 1323 1927; x_wconf 83' lang='lat' dir='ltr'>st</span> 
     </span>
     <span class='ocr_line' id='line_1_18' title="bbox 293 1951 1323 2029; baseline -0.003 -20"><span class='ocrx_word' id='word_1_147' title='bbox 293 1967 328 2019; x_wconf 79' lang='lat'>20</span> <span class='ocrx_word' id='word_1_148' title='bbox 338 1953 514 2026; x_wconf 90' lang='lat' dir='ltr'>certaminis,</span> <span class='ocrx_word' id='word_1_149' title='bbox 538 1953 583 2010; x_wconf 91' lang='lat' dir='ltr'>cui</span> <span class='ocrx_word' id='word_1_150' title='bbox 601 1951 771 2024; x_wconf 86' lang='lat' dir='ltr'>destinatur,</span> <span class='ocrx_word' id='word_1_151' title='bbox 787 1952 923 2029; x_wconf 83' lang='lat' dir='ltr'>frequens</span> <span class='ocrx_word' id='word_1_152' title='bbox 940 1961 1097 2028; x_wconf 87' lang='lat' dir='ltr'>spectator.</span> <span class='ocrx_word' id='word_1_153' title='bbox 1140 1954 1218 2014; x_wconf 85' lang='lat' dir='ltr'>Turn</span> <span class='ocrx_word' id='word_1_154' title='bbox 1245 1969 1323 2016; x_wconf 81' lang='lat' dir='ltr'>causas</span> 
     </span>
     <span class='ocr_line' id='line_1_19' title="bbox 336 2033 1322 2117; baseline 0.001 -25"><span class='ocrx_word' id='word_1_155' title='bbox 336 2035 383 2094; x_wconf 88' lang='lat' dir='ltr'>vel</span> <span class='ocrx_word' id='word_1_156' title='bbox 400 2035 531 2111; x_wconf 90' lang='lat' dir='ltr'>easdem,</span> <span class='ocrx_word' id='word_1_157' title='bbox 557 2052 626 2113; x_wconf 92' lang='lat' dir='ltr'>quas</span> <span class='ocrx_word' id='word_1_158' title='bbox 649 2037 694 2111; x_wconf 91' lang='lat' dir='ltr'>agi</span> <span class='ocrx_word' id='word_1_159' title='bbox 712 2035 846 2109; x_wconf 88' lang='lat' dir='ltr'>audierit,</span> <span class='ocrx_word' id='word_1_160' title='bbox 870 2035 936 2094; x_wconf 89' lang='lat' dir='ltr'>stilo</span> <span class='ocrx_word' id='word_1_161' title='bbox 958 2037 1070 2113; x_wconf 89' lang='lat' dir='ltr'>etipse</span> <span class='ocrx_word' id='word_1_162' title='bbox 1093 2050 1273 2117; x_wconf 88' lang='lat' dir='ltr'>componat,</span> <span class='ocrx_word' id='word_1_163' title='bbox 1292 2033 1322 2093; x_wconf 82' lang='lat' dir='ltr'>rel</span> 
     </span>
     <span class='ocr_line' id='line_1_20' title="bbox 337 2118 1322 2199; baseline 0 -22"><span class='ocrx_word' id='word_1_164' title='bbox 337 2121 420 2178; x_wconf 89' lang='lat' dir='ltr'>etiam</span> <span class='ocrx_word' id='word_1_165' title='bbox 436 2119 506 2178; x_wconf 89' lang='lat' dir='ltr'>alias</span> <span class='ocrx_word' id='word_1_166' title='bbox 522 2137 606 2178; x_wconf 87' lang='lat' dir='ltr'>veras</span> <span class='ocrx_word' id='word_1_167' title='bbox 623 2118 707 2177; x_wconf 93' lang='lat' dir='ltr'>modo</span> <span class='ocrx_word' id='word_1_168' title='bbox 725 2128 753 2177; x_wconf 91' lang='lat' dir='ltr'>et</span> <span class='ocrx_word' id='word_1_169' title='bbox 771 2121 903 2196; x_wconf 87' lang='lat' dir='ltr'>utrinque</span> <span class='ocrx_word' id='word_1_170' title='bbox 926 2128 1045 2195; x_wconf 87' lang='lat' dir='ltr'>tractet,</span> <span class='ocrx_word' id='word_1_171' title='bbox 1071 2129 1117 2195; x_wconf 91' lang='lat' dir='ltr'>et,</span> <span class='ocrx_word' id='word_1_172' title='bbox 1142 2126 1227 2199; x_wconf 92' lang='lat' dir='ltr'>quod</span> <span class='ocrx_word' id='word_1_173' title='bbox 1243 2125 1269 2182; x_wconf 89' lang='lat' dir='ltr'>iu</span> <span class='ocrx_word' id='word_1_174' title='bbox 1281 2120 1322 2198; x_wconf 82' lang='lat' dir='ltr'>gb·</span> 
     </span>
     <span class='ocr_line' id='line_1_21' title="bbox 337 2204 1357 2280; baseline -0.006 -18"><span class='ocrx_word' id='word_1_175' title='bbox 337 2204 492 2262; x_wconf 91' lang='lat' dir='ltr'>diatoribus</span> <span class='ocrx_word' id='word_1_176' title='bbox 515 2204 575 2262; x_wconf 89' lang='lat' dir='ltr'>freri</span> <span class='ocrx_word' id='word_1_177' title='bbox 600 2204 745 2276; x_wconf 85' lang='lat' dir='ltr'>videmus,</span> <span class='ocrx_word' id='word_1_178' title='bbox 768 2204 937 2261; x_wconf 89' lang='lat' dir='ltr'>decretoriis</span> <span class='ocrx_word' id='word_1_179' title='bbox 962 2213 1155 2280; x_wconf 85' lang='lat' dir='ltr'>exerceatur,</span> <span class='ocrx_word' id='word_1_180' title='bbox 1183 2217 1218 2266; x_wconf 91' lang='lat' dir='ltr'>ut</span> <span class='ocrx_word' id='word_1_181' title='bbox 1240 2207 1320 2266; x_wconf 83' lang='lat' dir='ltr'>iecisse</span> <span class='ocrx_word' id='word_1_182' title='bbox 1355 2246 1357 2251; x_wconf 95' lang='lat'>.</span> 
     </span>
     <span class='ocr_line' id='line_1_22' title="bbox 337 2284 1359 2365; baseline -0.001 -20"><span class='ocrx_word' id='word_1_183' title='bbox 337 2286 452 2345; x_wconf 87' lang='lat' dir='ltr'>Brutum</span> <span class='ocrx_word' id='word_1_184' title='bbox 470 2288 589 2346; x_wconf 88' lang='lat' dir='ltr'>diximus</span> <span class='ocrx_word' id='word_1_185' title='bbox 606 2304 658 2363; x_wconf 94' lang='lat' dir='ltr'>pro</span> <span class='ocrx_word' id='word_1_186' title='bbox 674 2284 791 2344; x_wconf 87' lang='lat' dir='ltr'>llilone.</span> <span class='ocrx_word' id='word_1_187' title='bbox 820 2285 923 2346; x_wconf 81' lang='lat' dir='ltr'>Melius</span> <span class='ocrx_word' id='word_1_188' title='bbox 935 2285 991 2346; x_wconf 90' lang='lat' dir='ltr'>hoc</span> <span class='ocrx_word' id='word_1_189' title='bbox 1007 2305 1091 2365; x_wconf 92' lang='lat' dir='ltr'>quam</span> <span class='ocrx_word' id='word_1_190' title='bbox 1107 2291 1320 2350; x_wconf 80' lang='lat' dir='ltr'>rescriberem</span> <span class='ocrx_word' id='word_1_191' title='bbox 1356 2308 1359 2335; x_wconf 72' lang='grc' dir='ltr'>ι</span> 
     </span>
     <span class='ocr_line' id='line_1_23' title="bbox 337 2338 1359 2444; baseline -0.002 -16"><span class='ocrx_word' id='word_1_192' title='bbox 337 2371 446 2429; x_wconf 87' lang='lat' dir='ltr'>teribus</span> <span class='ocrx_word' id='word_1_193' title='bbox 463 2371 656 2444; x_wconf 90' lang='lat' dir='ltr'>orationibus,</span> <span class='ocrx_word' id='word_1_194' title='bbox 679 2379 709 2428; x_wconf 92' lang='lat' dir='ltr'>ut</span> <span class='ocrx_word' id='word_1_195' title='bbox 730 2370 800 2429; x_wconf 92' lang='lat' dir='ltr'>fecit</span> <span class='ocrx_word' id='word_1_196' title='bbox 817 2368 931 2429; x_wconf 84' lang='lat' dir='ltr'>Cestius</span> <span class='ocrx_word' id='word_1_197' title='bbox 951 2380 1049 2430; x_wconf 89' lang='lat' dir='ltr'>contra</span> <span class='ocrx_word' id='word_1_198' title='bbox 1067 2368 1230 2433; x_wconf 82' lang='lat' dir='ltr'>Ciceronis</span> <span class='ocrx_word' id='word_1_199' title='bbox 1256 2373 1320 2433; x_wconf 86' lang='lat' dir='ltr'>actio</span> <span class='ocrx_word' id='word_1_200' title='bbox 1356 2338 1359 2413; x_wconf 79' lang='grc' dir='ltr'>Ι</span> 
     </span>
     <span class='ocr_line' id='line_1_24' title="bbox 334 2453 1359 2539; baseline -0.002 -27"><span class='ocrx_word' id='word_1_201' title='bbox 334 2473 399 2512; x_wconf 91' lang='lat' dir='ltr'>nem</span> <span class='ocrx_word' id='word_1_202' title='bbox 420 2454 543 2513; x_wconf 91' lang='lat' dir='ltr'>habitam</span> <span class='ocrx_word' id='word_1_203' title='bbox 565 2471 618 2532; x_wconf 94' lang='lat' dir='ltr'>pro</span> <span class='ocrx_word' id='word_1_204' title='bbox 642 2454 759 2528; x_wconf 90' lang='lat' dir='ltr'>eodem,</span> <span class='ocrx_word' id='word_1_205' title='bbox 791 2473 854 2512; x_wconf 91' lang='lat' dir='ltr'>cum</span> <span class='ocrx_word' id='word_1_206' title='bbox 879 2453 998 2513; x_wconf 87' lang='lat' dir='ltr'>alteram</span> <span class='ocrx_word' id='word_1_207' title='bbox 1020 2462 1135 2533; x_wconf 88' lang='lat' dir='ltr'>partem</span> <span class='ocrx_word' id='word_1_208' title='bbox 1162 2460 1237 2517; x_wconf 87' lang='lat' dir='ltr'>satis</span> <span class='ocrx_word' id='word_1_209' title='bbox 1257 2469 1320 2516; x_wconf 77' lang='lat' dir='ltr'>nosse</span> <span class='ocrx_word' id='word_1_210' title='bbox 1357 2464 1359 2539; x_wconf 65' lang='grc' dir='ltr'>ι</span> 
     </span>
     <span class='ocr_line' id='line_1_25' title="bbox 334 2537 1359 2615; baseline 0.001 -20"><span class='ocrx_word' id='word_1_211' title='bbox 334 2555 391 2596; x_wconf 89' lang='lat' dir='ltr'>non</span> <span class='ocrx_word' id='word_1_212' title='bbox 409 2547 511 2615; x_wconf 92' lang='lat' dir='ltr'>posset</span> <span class='ocrx_word' id='word_1_213' title='bbox 525 2557 562 2596; x_wconf 89' lang='lat' dir='ltr'>ex</span> <span class='ocrx_word' id='word_1_214' title='bbox 578 2538 639 2596; x_wconf 89' lang='lat' dir='ltr'>sola</span> <span class='ocrx_word' id='word_1_215' title='bbox 657 2537 835 2596; x_wconf 90' lang='lat' dir='ltr'>defensione.</span> <span class='ocrx_word' id='word_1_216' title='bbox 1357 2542 1359 2615; x_wconf 71' lang='lat' dir='ltr'>l</span> 
     </span>
     <span class='ocr_line' id='line_1_26' title="bbox 292 2619 1354 2703; baseline 0.001 -24"><span class='ocrx_word' id='word_1_217' title='bbox 292 2636 326 2689; x_wconf 79' lang='lat'>21</span> <span class='ocrx_word' id='word_1_218' title='bbox 418 2619 508 2680; x_wconf 84' lang='lat' dir='ltr'>Citius</span> <span class='ocrx_word' id='word_1_219' title='bbox 524 2631 617 2680; x_wconf 90' lang='lat' dir='ltr'>autem</span> <span class='ocrx_word' id='word_1_220' title='bbox 632 2622 752 2680; x_wconf 88' lang='lat' dir='ltr'>idoneus</span> <span class='ocrx_word' id='word_1_221' title='bbox 769 2623 823 2680; x_wconf 90' lang='lat' dir='ltr'>erit</span> <span class='ocrx_word' id='word_1_222' title='bbox 838 2623 959 2696; x_wconf 89' lang='lat' dir='ltr'>iuvenis,</span> <span class='ocrx_word' id='word_1_223' title='bbox 977 2638 1061 2697; x_wconf 90' lang='lat' dir='ltr'>quem</span> <span class='ocrx_word' id='word_1_224' title='bbox 1072 2635 1261 2703; x_wconf 86' lang='lat' dir='ltr'>praeceptor</span> <span class='ocrx_word' id='word_1_225' title='bbox 1274 2638 1321 2683; x_wconf 83' lang='lat' dir='ltr'>coe</span> <span class='ocrx_word' id='word_1_226' title='bbox 1348 2683 1354 2695; x_wconf 67' lang='grc'><strong><em>,</em></strong></span> 
     </span>
     <span class='ocr_line' id='line_1_27' title="bbox 331 2705 1324 2785; baseline 0.001 -23"><span class='ocrx_word' id='word_1_227' title='bbox 331 2706 408 2780; x_wconf 83' lang='lat' dir='ltr'>gerit</span> <span class='ocrx_word' id='word_1_228' title='bbox 429 2706 456 2762; x_wconf 95' lang='lat' dir='ltr'>in</span> <span class='ocrx_word' id='word_1_229' title='bbox 479 2705 665 2764; x_wconf 91' lang='lat' dir='ltr'>declamando</span> <span class='ocrx_word' id='word_1_230' title='bbox 693 2723 776 2782; x_wconf 92' lang='lat' dir='ltr'>quam</span> <span class='ocrx_word' id='word_1_231' title='bbox 800 2705 970 2764; x_wconf 91' lang='lat' dir='ltr'>simillimum</span> <span class='ocrx_word' id='word_1_232' title='bbox 993 2723 1060 2762; x_wconf 92' lang='lat' dir='ltr'>esse</span> <span class='ocrx_word' id='word_1_233' title='bbox 1084 2709 1210 2768; x_wconf 86' lang='lat' dir='ltr'>veritati</span> <span class='ocrx_word' id='word_1_234' title='bbox 1238 2717 1267 2768; x_wconf 88' lang='lat' dir='ltr'>et</span> <span class='ocrx_word' id='word_1_235' title='bbox 1287 2721 1324 2785; x_wconf 83' lang='lat' dir='ltr'>pet</span> 
     </span>
     <span class='ocr_line' id='line_1_28' title="bbox 332 2789 1359 2872; baseline 0.001 -27"><span class='ocrx_word' id='word_1_236' title='bbox 332 2796 407 2862; x_wconf 88' lang='lat' dir='ltr'>totas</span> <span class='ocrx_word' id='word_1_237' title='bbox 424 2790 466 2846; x_wconf 94' lang='lat' dir='ltr'>ire</span> <span class='ocrx_word' id='word_1_238' title='bbox 483 2791 632 2864; x_wconf 88' lang='lat' dir='ltr'>materias,</span> <span class='ocrx_word' id='word_1_239' title='bbox 656 2807 772 2865; x_wconf 89' lang='lat' dir='ltr'>quarum</span> <span class='ocrx_word' id='word_1_240' title='bbox 791 2807 865 2848; x_wconf 89' lang='lat' dir='ltr'>nuno</span> <span class='ocrx_word' id='word_1_241' title='bbox 885 2789 1021 2848; x_wconf 86' lang='lat' dir='ltr'>facillima</span> <span class='ocrx_word' id='word_1_242' title='bbox 1042 2797 1090 2846; x_wconf 91' lang='lat' dir='ltr'>aut</span> <span class='ocrx_word' id='word_1_243' title='bbox 1112 2793 1246 2853; x_wconf 89' lang='lat' dir='ltr'>maxime</span> <span class='ocrx_word' id='word_1_244' title='bbox 1262 2790 1324 2850; x_wconf 82' lang='lat' dir='ltr'>fano</span> <span class='ocrx_word' id='word_1_245' title='bbox 1358 2801 1359 2872; x_wconf 65' lang='lat' dir='ltr'>q</span> 
     </span>
     <span class='ocr_line' id='line_1_29' title="bbox 331 2871 1359 2955; baseline 0 -25"><span class='ocrx_word' id='word_1_246' title='bbox 331 2871 431 2930; x_wconf 90' lang='lat' dir='ltr'>rabilia</span> <span class='ocrx_word' id='word_1_247' title='bbox 448 2872 616 2949; x_wconf 90' lang='lat' dir='ltr'>decerpunt.</span> <span class='ocrx_word' id='word_1_248' title='bbox 649 2871 770 2930; x_wconf 88' lang='lat' dir='ltr'>Obstant</span> <span class='ocrx_word' id='word_1_249' title='bbox 791 2873 873 2947; x_wconf 90' lang='lat' dir='ltr'>huic,</span> <span class='ocrx_word' id='word_1_250' title='bbox 898 2873 975 2952; x_wconf 94' lang='lat' dir='ltr'>quod</span> <span class='ocrx_word' id='word_1_251' title='bbox 996 2872 1127 2932; x_wconf 91' lang='lat' dir='ltr'>secundo</span> <span class='ocrx_word' id='word_1_252' title='bbox 1151 2874 1225 2936; x_wconf 89' lang='lat' dir='ltr'>loco</span> <span class='ocrx_word' id='word_1_253' title='bbox 1247 2873 1325 2955; x_wconf 75' lang='lat' dir='ltr'>posui,</span> <span class='ocrx_word' id='word_1_254' title='bbox 1358 2873 1359 2876; x_wconf 73' lang='grc'>’</span> 
     </span>
     <span class='ocr_line' id='line_1_30' title="bbox 331 2955 1359 3033; baseline -0.005 -17"><span class='ocrx_word' id='word_1_255' title='bbox 331 2957 394 3016; x_wconf 86' lang='lat' dir='ltr'>lere</span> <span class='ocrx_word' id='word_1_256' title='bbox 412 2955 494 3015; x_wconf 91' lang='lat' dir='ltr'>turba</span> <span class='ocrx_word' id='word_1_257' title='bbox 515 2955 720 3033; x_wconf 89' lang='lat' dir='ltr'>discipulorum</span> <span class='ocrx_word' id='word_1_258' title='bbox 735 2965 764 3014; x_wconf 89' lang='lat' dir='ltr'>ct</span> <span class='ocrx_word' id='word_1_259' title='bbox 780 2956 959 3015; x_wconf 90' lang='lat' dir='ltr'>cousuetudo</span> <span class='ocrx_word' id='word_1_260' title='bbox 976 2955 1112 3015; x_wconf 90' lang='lat' dir='ltr'>classium</span> <span class='ocrx_word' id='word_1_261' title='bbox 1129 2961 1225 3018; x_wconf 87' lang='lat' dir='ltr'>certis</span> <span class='ocrx_word' id='word_1_262' title='bbox 1242 2958 1326 3020; x_wconf 81' lang='lat' dir='ltr'>diebus</span> <span class='ocrx_word' id='word_1_263' title='bbox 1358 2999 1359 3005; x_wconf 27' lang='grc' dir='ltr'>ι</span> 
     </span>
     <span class='ocr_line' id='line_1_31' title="bbox 332 3038 1327 3117; baseline -0.002 -18"><span class='ocrx_word' id='word_1_264' title='bbox 332 3038 549 3113; x_wconf 87' lang='lat' dir='ltr'>audiendarum,</span> <span class='ocrx_word' id='word_1_265' title='bbox 571 3040 697 3099; x_wconf 91' lang='lat' dir='ltr'>nonnihil</span> <span class='ocrx_word' id='word_1_266' title='bbox 719 3042 804 3099; x_wconf 91' lang='lat' dir='ltr'>etiam</span> <span class='ocrx_word' id='word_1_267' title='bbox 825 3041 977 3117; x_wconf 90' lang='lat' dir='ltr'>persuasio</span> <span class='ocrx_word' id='word_1_268' title='bbox 1000 3048 1111 3116; x_wconf 91' lang='lat' dir='ltr'>patrum</span> <span class='ocrx_word' id='word_1_269' title='bbox 1130 3044 1327 3103; x_wconf 80' lang='lat' dir='ltr'>numerantium</span> 
     </span>
     <span class='ocr_line' id='line_1_32' title="bbox 290 3123 1327 3205; baseline 0.001 -24"><span class='ocrx_word' id='word_1_270' title='bbox 290 3127 427 3201; x_wconf 64' lang='lat' dir='ltr'>adpotins</span> <span class='ocrx_word' id='word_1_271' title='bbox 452 3123 675 3183; x_wconf 89' lang='lat' dir='ltr'>declamationes</span> <span class='ocrx_word' id='word_1_272' title='bbox 702 3142 785 3201; x_wconf 90' lang='lat' dir='ltr'>quam</span> <span class='ocrx_word' id='word_1_273' title='bbox 808 3125 1024 3182; x_wconf 89' lang='lat' dir='ltr'>aestimantium.</span> <span class='ocrx_word' id='word_1_274' title='bbox 1066 3123 1146 3199; x_wconf 94' lang='lat' dir='ltr'>Sed,</span> <span class='ocrx_word' id='word_1_275' title='bbox 1177 3127 1262 3205; x_wconf 91' lang='lat' dir='ltr'>quod</span> <span class='ocrx_word' id='word_1_276' title='bbox 1283 3124 1327 3185; x_wconf 84' lang='lat' dir='ltr'>dixi</span> 
     </span>
     <span class='ocr_line' id='line_1_33' title="bbox 332 3205 1327 3290; baseline 0.001 -26"><span class='ocrx_word' id='word_1_277' title='bbox 332 3208 440 3283; x_wconf 87' lang='lat' dir='ltr'>primo,</span> <span class='ocrx_word' id='word_1_278' title='bbox 463 3217 493 3266; x_wconf 92' lang='lat' dir='ltr'>ut</span> <span class='ocrx_word' id='word_1_279' title='bbox 509 3207 648 3282; x_wconf 89' lang='lat' dir='ltr'>arbitror,</span> <span class='ocrx_word' id='word_1_280' title='bbox 675 3206 767 3280; x_wconf 91' lang='lat' dir='ltr'>libro,</span> <span class='ocrx_word' id='word_1_281' title='bbox 789 3226 844 3266; x_wconf 91' lang='lat' dir='ltr'>nec</span> <span class='ocrx_word' id='word_1_282' title='bbox 861 3208 911 3267; x_wconf 94' lang='lat' dir='ltr'>ille</span> <span class='ocrx_word' id='word_1_283' title='bbox 926 3225 958 3266; x_wconf 91' lang='lat' dir='ltr'>se</span> <span class='ocrx_word' id='word_1_284' title='bbox 974 3205 1066 3265; x_wconf 90' lang='lat' dir='ltr'>bonus</span> <span class='ocrx_word' id='word_1_285' title='bbox 1083 3220 1270 3290; x_wconf 88' lang='lat' dir='ltr'>praeceptor</span> <span class='ocrx_word' id='word_1_286' title='bbox 1283 3225 1327 3269; x_wconf 85' lang='lat' dir='ltr'>ma·</span> 
     </span>
     <span class='ocr_line' id='line_1_34' title="bbox 331 3289 1327 3369; baseline 0.004 -24"><span class='ocrx_word' id='word_1_287' title='bbox 331 3289 394 3348; x_wconf 92' lang='lat' dir='ltr'>iore</span> <span class='ocrx_word' id='word_1_288' title='bbox 412 3309 530 3350; x_wconf 92' lang='lat' dir='ltr'>numero</span> <span class='ocrx_word' id='word_1_289' title='bbox 549 3310 632 3368; x_wconf 90' lang='lat' dir='ltr'>qnam</span> <span class='ocrx_word' id='word_1_290' title='bbox 653 3293 795 3350; x_wconf 91' lang='lat' dir='ltr'>sustinere</span> <span class='ocrx_word' id='word_1_291' title='bbox 819 3293 913 3369; x_wconf 89' lang='lat' dir='ltr'>possit</span> <span class='ocrx_word' id='word_1_292' title='bbox 933 3290 1079 3363; x_wconf 84' lang='lat' dir='ltr'>onerabit,</span> <span class='ocrx_word' id='word_1_293' title='bbox 1105 3300 1136 3349; x_wconf 89' lang='lat' dir='ltr'>et</span> <span class='ocrx_word' id='word_1_294' title='bbox 1157 3294 1276 3354; x_wconf 86' lang='lat' dir='ltr'>inanem</span> <span class='ocrx_word' id='word_1_295' title='bbox 1297 3293 1327 3352; x_wconf 89' lang='lat' dir='ltr'>le·</span> 
     </span>
     <span class='ocr_line' id='line_1_35' title="bbox 333 3375 1327 3453; baseline 0.013 -25"><span class='ocrx_word' id='word_1_296' title='bbox 333 3375 504 3446; x_wconf 91' lang='lat' dir='ltr'>quacitatem</span> <span class='ocrx_word' id='word_1_297' title='bbox 520 3376 645 3448; x_wconf 88' lang='lat' dir='ltr'>recidet,</span> <span class='ocrx_word' id='word_1_298' title='bbox 673 3383 703 3432; x_wconf 92' lang='lat' dir='ltr'>ut</span> <span class='ocrx_word' id='word_1_299' title='bbox 719 3376 810 3433; x_wconf 91' lang='lat' dir='ltr'>omnia</span> <span class='ocrx_word' id='word_1_300' title='bbox 828 3393 901 3452; x_wconf 90' lang='lat' dir='ltr'>quae</span> <span class='ocrx_word' id='word_1_301' title='bbox 915 3384 980 3433; x_wconf 92' lang='lat' dir='ltr'>sunt</span> <span class='ocrx_word' id='word_1_302' title='bbox 994 3376 1022 3433; x_wconf 90' lang='lat' dir='ltr'>in</span> <span class='ocrx_word' id='word_1_303' title='bbox 1038 3382 1258 3453; x_wconf 86' lang='lat' dir='ltr'>controversia,</span> <span class='ocrx_word' id='word_1_304' title='bbox 1272 3394 1327 3441; x_wconf 77' lang='lat' dir='ltr'>nou</span> 
     </span>
     <span class='ocr_line' id='line_1_36' title="bbox 331 3456 1327 3535; baseline 0.008 -25"><span class='ocrx_word' id='word_1_305' title='bbox 331 3462 361 3511; x_wconf 91' lang='lat' dir='ltr'>ut</span> <span class='ocrx_word' id='word_1_306' title='bbox 379 3456 492 3532; x_wconf 92' lang='lat' dir='ltr'>quidem</span> <span class='ocrx_word' id='word_1_307' title='bbox 505 3459 614 3533; x_wconf 86' lang='lat' dir='ltr'>volunt,</span> <span class='ocrx_word' id='word_1_308' title='bbox 634 3476 706 3535; x_wconf 90' lang='lat' dir='ltr'>quae</span> <span class='ocrx_word' id='word_1_309' title='bbox 722 3460 749 3515; x_wconf 93' lang='lat' dir='ltr'>in</span> <span class='ocrx_word' id='word_1_310' title='bbox 765 3477 860 3517; x_wconf 89' lang='lat' dir='ltr'>rerum</span> <span class='ocrx_word' id='word_1_311' title='bbox 872 3468 981 3530; x_wconf 85' lang='lat' dir='ltr'>natura,</span> <span class='ocrx_word' id='word_1_312' title='bbox 998 3457 1145 3526; x_wconf 91' lang='lat' dir='ltr'>dicantur;</span> <span class='ocrx_word' id='word_1_313' title='bbox 1164 3470 1197 3520; x_wconf 88' lang='lat' dir='ltr'>et</span> <span class='ocrx_word' id='word_1_314' title='bbox 1214 3463 1263 3523; x_wconf 83' lang='lat' dir='ltr'>vel</span> <span class='ocrx_word' id='word_1_315' title='bbox 1278 3463 1327 3522; x_wconf 89' lang='lat' dir='ltr'>lou·</span> 
     </span>
     <span class='ocr_line' id='line_1_37' title="bbox 330 3538 1328 3619; baseline 0.007 -24"><span class='ocrx_word' id='word_1_316' title='bbox 330 3538 413 3613; x_wconf 81' lang='lat' dir='ltr'>glore</span> <span class='ocrx_word' id='word_1_317' title='bbox 429 3542 524 3617; x_wconf 91' lang='lat' dir='ltr'>potius</span> <span class='ocrx_word' id='word_1_318' title='bbox 542 3541 652 3600; x_wconf 91' lang='lat' dir='ltr'>dierum</span> <span class='ocrx_word' id='word_1_319' title='bbox 675 3544 768 3619; x_wconf 88' lang='lat' dir='ltr'>spatio</span> <span class='ocrx_word' id='word_1_320' title='bbox 791 3542 899 3601; x_wconf 86' lang='lat' dir='ltr'>laxabit</span> <span class='ocrx_word' id='word_1_321' title='bbox 923 3542 1035 3602; x_wconf 92' lang='lat' dir='ltr'>dicendi</span> <span class='ocrx_word' id='word_1_322' title='bbox 1057 3545 1272 3608; x_wconf 82' lang='lat' dir='ltr'>necessitatem</span> <span class='ocrx_word' id='word_1_323' title='bbox 1291 3541 1328 3602; x_wconf 85' lang='lat' dir='ltr'>vel</span> 
     </span>
     <span class='ocr_line' id='line_1_38' title="bbox 288 3622 1328 3708; baseline 0.007 -28"><span class='ocrx_word' id='word_1_324' title='bbox 288 3623 462 3687; x_wconf 80' lang='lat' dir='ltr'>23materias</span> <span class='ocrx_word' id='word_1_325' title='bbox 479 3622 607 3683; x_wconf 86' lang='lat' dir='ltr'>dividere</span> <span class='ocrx_word' id='word_1_326' title='bbox 622 3627 775 3701; x_wconf 88' lang='lat' dir='ltr'>permittet.</span> <span class='ocrx_word' id='word_1_327' title='bbox 802 3625 865 3685; x_wconf 89' lang='lat' dir='ltr'>Una</span> <span class='ocrx_word' id='word_1_328' title='bbox 881 3627 955 3686; x_wconf 90' lang='lat' dir='ltr'>enim</span> <span class='ocrx_word' id='word_1_329' title='bbox 974 3626 1131 3702; x_wconf 87' lang='lat' dir='ltr'>diligenter</span> <span class='ocrx_word' id='word_1_330' title='bbox 1147 3628 1259 3691; x_wconf 83' lang='lat' dir='ltr'>effecta</span> <span class='ocrx_word' id='word_1_331' title='bbox 1274 3630 1328 3708; x_wconf 84' lang='lat' dir='ltr'>plns</span> 
     </span>
     <span class='ocr_line' id='line_1_39' title="bbox 326 3706 1327 3789; baseline 0.005 -24"><span class='ocrx_word' id='word_1_332' title='bbox 326 3706 460 3789; x_wconf 88' lang='lat' dir='ltr'>proderit</span> <span class='ocrx_word' id='word_1_333' title='bbox 482 3723 565 3784; x_wconf 91' lang='lat' dir='ltr'>quam</span> <span class='ocrx_word' id='word_1_334' title='bbox 587 3708 685 3786; x_wconf 91' lang='lat' dir='ltr'>plures</span> <span class='ocrx_word' id='word_1_335' title='bbox 708 3709 859 3768; x_wconf 90' lang='lat' dir='ltr'>inchoatae</span> <span class='ocrx_word' id='word_1_336' title='bbox 883 3719 912 3769; x_wconf 91' lang='lat' dir='ltr'>et</span> <span class='ocrx_word' id='word_1_337' title='bbox 936 3711 1017 3786; x_wconf 90' lang='lat' dir='ltr'>quasi</span> <span class='ocrx_word' id='word_1_338' title='bbox 1041 3709 1231 3786; x_wconf 82' lang='lat' dir='ltr'>degustatae.</span> <span class='ocrx_word' id='word_1_339' title='bbox 1269 3713 1327 3773; x_wconf 91' lang='lat' dir='ltr'>Pro·</span> 
     </span>
    </p>
   </div>
   <div class='ocr_carea' id='block_1_3' title="bbox 0 0 1596 4409">
    <p class='ocr_par' dir='ltr' id='par_1_3' title="bbox 0 0 1596 4409">
     <span class='ocr_line' id='line_1_40' title="bbox 0 0 1596 4409; baseline 0 2"><span class='ocrx_word' id='word_1_340' title='bbox 0 0 1596 4409; x_wconf 95' lang='lat' dir='ltr'> </span> 
     </span>
    </p>
   </div>
  </div>
 </body>
</html>
