3184 4409
343 494 383 556 90
660 507 1023 568 nasammonas

241 712 246 719 ,
343 664 496 744 pertinent.
529 662 607 724 Idem
621 664 740 721 sentiret
755 663 818 722 linis
832 663 889 722 hoc
903 662 988 722 modo
1005 664 1247 742 comprehensus,
1263 685 1336 744 per·

343 749 478 810 euadere
499 750 580 825 qood
600 755 761 826 oportent,
775 749 830 806 nisi
846 747 922 824 quod
943 758 1033 806 artem
1051 749 1087 808 ad
1103 751 1208 809 exitum
1223 750 1334 827 alligat.

300 832 380 900 aoht
395 831 470 891 bene
486 833 603 904 Areus
627 833 731 891 dicere
744 833 911 892 secundom
925 834 1066 894 virtutem
1086 836 1240 894 orationis.
1277 835 1335 894 Ex·

344 917 459 977 cludunt
475 934 491 975 a
506 915 651 975 rhetorice
667 914 758 973 malos
776 924 805 974 et
820 915 878 990 illi,
903 917 951 992 qui
971 918 1119 976 scientiam
1133 918 1257 977 civilium
1272 920 1335 979 oili-

313 1059 316 1069 ,
344 1003 451 1060 ciorum
467 1018 529 1059 eam
548 1007 736 1079 putaverunt,
760 1001 785 1058 si
801 1001 949 1058 scientiam
970 1003 1103 1060 virtutem
1123 1001 1264 1070 iudicant;
1284 1003 1336 1061 sed

343 1094 463 1161 anguste
480 1087 552 1144 intra
567 1084 667 1144 civiles
683 1085 868 1161 quaestiones
884 1093 1032 1142 coercent.
1069 1084 1260 1160 Albutius,
1278 1104 1337 1146 non

343 1169 482 1228 obscurus
509 1169 660 1246 professor
686 1176 771 1245 atque
797 1178 914 1243 auctor,
937 1170 1097 1229 scientim
1116 1170 1190 1230 berse
1211 1166 1337 1232 dicendi

343 1272 410 1313 esse
439 1254 581 1313 consentit
608 1252 660 1313 sed
685 1251 905 1331 exceptionibus
928 1261 1032 1329 peccat
1065 1253 1224 1313 adiiciendo
1247 1257 1336 1315 circo

343 1339 447 1399 ciot'lee
474 1339 667 1414 quaestiones
698 1345 727 1394 et
760 1337 948 1398 credibiliter
954 1359 968 1405 ,·
1001 1354 1118 1414 quarum
1143 1340 1255 1415 utrique
1282 1341 1337 1399 iam

301 1437 333 1493 37
342 1439 513 1501 responsum
529 1430 583 1480 est.
620 1419 781 1479 Probabilis
802 1429 831 1479 et
850 1420 892 1479 illi
904 1419 1075 1497 voluntatis,
1097 1423 1144 1500 qui
1164 1433 1248 1484 recte
1268 1442 1336 1484 eeu·

343 1509 401 1568 tire
422 1514 450 1568 et
472 1507 577 1566 dicere
594 1505 755 1564 rhetorices
774 1513 954 1581 putaverunt.

425 1588 463 1670 Hi
483 1598 547 1648 sunt
567 1590 630 1649 lere
650 1590 721 1647 lines
742 1590 862 1647 maxime
882 1588 1010 1647 illustres
1031 1588 1110 1648 etde
1127 1589 1229 1667 quibus
1250 1608 1335 1668 prae-

344 1675 428 1752 cipue
443 1673 611 1751 disputatur.
641 1672 713 1731 Nam
727 1689 826 1730 omnes
843 1672 956 1749 quidem
971 1675 1108 1751 persequi
1122 1691 1218 1752 neque
1233 1676 1337 1734 attinet

342 1776 437 1836 neque
452 1775 588 1836 possum,
611 1774 674 1817 curn
688 1774 806 1834 pravum
822 1757 979 1832 quoddam,
1001 1765 1032 1815 ut
1050 1757 1188 1833 arbitror,
1211 1759 1336 1818 studium

343 1845 421 1902 circa
437 1844 596 1920 scriptores
611 1840 722 1900 Artium
737 1841 881 1915 extiterit,
904 1841 972 1900 nihil
993 1840 1101 1900 eisdem
1117 1841 1234 1916 verbis,
1259 1860 1335 1920 quae

342 1929 423 2005 prior
439 1926 541 2004 aliquis
558 1934 747 2003 occupasset,
771 1924 902 1999 liniendi,
926 1943 1000 2003 quae
1017 1925 1132 1985 ambitio
1148 1925 1251 2004 procul
1266 1926 1335 1986 abe-

300 2013 379 2072 eoric
394 2029 410 2070 a
424 2028 479 2070 me.
518 2009 618 2070 Dicam
640 2011 713 2068 enim
736 2026 793 2067 non
812 2011 910 2086 utique
934 2027 1006 2087 quae
1029 2011 1167 2069 invenero
1186 2009 1238 2069 sed
1260 2029 1335 2089 quae

342 2094 513 2173 placebunt,
537 2096 610 2154 sicut
630 2093 702 2168 hoc,
725 2093 943 2153 rhetoricen
965 2111 1050 2152 esse
1070 2093 1336 2154 benedicendi

342 2181 546 2247 scientiam;
576 2196 639 2237 oum
657 2187 774 2257 reperto
802 2178 878 2256 qnod
901 2187 946 2237 est
972 2181 1123 2257 optimum,
1152 2180 1200 2257 qui
1222 2181 1336 2257 quaerit

342 2264 434 2337 aliud,
456 2266 539 2342 peius
554 2264 634 2322 velit.
965 2262 967 2267 ’

425 2347 477 2406 His
504 2346 689 2426 approbatis,
722 2345 805 2405 simul
831 2345 1013 2404 maniiestum
1037 2355 1081 2404 est
1110 2345 1179 2404 illud
1205 2364 1334 2425 quoqne,

343 2450 427 2510 quern
446 2432 531 2490 finem
552 2430 600 2488 vel
618 2429 684 2508 quid
705 2447 841 2488 summum
863 2438 892 2488 et
914 2429 1040 2488 ultimum
1054 2429 1158 2490 habeat
1174 2430 1334 2506 rhetorice,

343 2514 420 2593 quod
442 2513 522 2586 τέλος
544 2515 662 2588 dicitur,
688 2514 723 2572 ad
746 2513 823 2591 quod
846 2515 936 2572 omnis
960 2531 1006 2573 ars
1029 2514 1133 2582 tendit;
1156 2530 1219 2573 nam
1243 2517 1268 2575 si
1290 2525 1335 2574 est

342 2601 405 2677 ipsa
420 2598 496 2658 bene
513 2598 625 2657 dicendi
640 2600 775 2673 scientia,
799 2598 861 2657 linis
882 2599 944 2656 eius
966 2607 996 2657 et
1014 2616 1151 2658 summum
1172 2607 1218 2658 est
1240 2598 1334 2660 bene

343 2684 480 2744 dicere.
830 2694 832 2700 ·

728 2836 779 2887 uu
802 2834 946 2888 orrens.
1022 2899 1025 2903 λ

425 2931 502 2994 XVI.
531 2934 666 3010 Sequitur
682 2936 830 3010 quaestio,
853 2951 888 2992 an
907 2934 984 2993 utilis
1000 2933 1155 2993 rhetorice.
1185 2930 1257 2991 Nam
1273 2936 1333 3010 qui·

342 3020 405 3080 dam
421 3019 608 3078 vehementer
622 3019 651 3075 in
670 3035 732 3076 eam
747 3018 842 3076 invehi
857 3018 968 3093 solent,
986 3027 1030 3093 et,
1052 3017 1129 3096 quod
1145 3018 1181 3074 sit
1196 3017 1334 3094 indignis·

343 3107 456 3178 simum,
487 3105 515 3163 in
542 3103 753 3162 accusationem
780 3103 918 3161 orationis
943 3112 1057 3161 utuntur
1083 3100 1182 3161 orandi
1207 3101 1332 3160 viribus:

318 3187 543 3264 2E10quentiam
572 3204 657 3261 esse,
691 3205 764 3264 quae
792 3188 895 3264 poenis
924 3188 1028 3264 eripiat
1056 3185 1218 3252 scelestos;
1253 3187 1333 3244 onius

340 3271 440 3331 fraude
464 3272 629 3331 damnentur
653 3271 765 3330 interim
784 3270 868 3339 boni;
891 3271 1011 3330 consilia
1028 3270 1165 3329 ducantur
1185 3271 1213 3327 in
1233 3271 1332 3347 peius;

340 3374 395 3414 nec
416 3355 573 3414 seditiones
596 3355 680 3414 modo
701 3355 859 3432 turbaeque
885 3355 1041 3433 populares
1067 3353 1120 3412 sed
1144 3352 1222 3413 bella
1249 3355 1332 3414 etiam

341 3439 525 3516 inexpiabilia
544 3441 719 3508 excitentur;
742 3443 821 3498 ouius
838 3441 961 3517 denique
975 3448 1033 3497 tum
1047 3433 1186 3496 maximus
1200 3441 1238 3497 sit
1252 3457 1330 3513 usus,

317 3531 406 3584 3oum
420 3539 473 3601 pro
490 3523 571 3581 salsis
592 3532 691 3582 contra
706 3526 856 3583 veritatem
870 3523 958 3583 valet.
987 3522 1059 3582 Nam
1079 3530 1110 3580 et
1125 3522 1239 3582 Socrati
1262 3523 1331 3582 obii·

341 3611 417 3668 ciunt
434 3608 551 3680 cornici,
573 3607 679 3666 docere
696 3625 775 3682 eum,
799 3607 948 3685 quomodo¹
958 3608 1087 3684 peiorem
1103 3624 1218 3664 causam
1232 3609 1330 3668 melio·

339 3711 400 3752 rern
416 3692 518 3764 iaciat,
541 3699 570 3748 et
584 3699 682 3749 contra
698 3691 794 3749 Tisian
809 3700 838 3749 et
856 3690 982 3767 Gorgian
997 3691 1097 3749 similia
1114 3690 1182 3748 dicit
1196 3691 1330 3767 polliceri

309 3776 427 3836 4Plato.
458 3773 499 3835 Et
516 3774 562 3836 bis
583 3775 718 3839 adiiciunt
741 3774 873 3854 exempla
893 3774 1067 3835 Graecorum
1082 3772 1330 3856 Romanorumque
