3184 4409
469 426 473 437 .
574 401 664 451 rusa.
679 401 828 451 oaaron.
841 403 911 450 nra.
924 404 974 469 111,
987 400 1013 454 6.
1232 393 1291 454 125

305 556 528 628 meseum,-
548 559 598 619 csa'
614 557 790 636 diligentiae
805 577 953 636 praeesse
970 560 1057 637 apud
1071 579 1127 620 noe
1143 561 1290 622 iuriscon-

246 683 253 694 ·
302 645 364 706 uuiti
382 644 621 706 obtruncetur:
647 641 705 702 Sed
729 641 806 720 quod
827 645 917 721 ipsius
939 642 975 701 de
996 643 1040 702 his
1056 643 1136 702 libris
1157 645 1291 704 iudicium
1300 659 1334 712 59

246 733 253 792 t
301 727 395 803 luerit,
418 745 508 806 supra
530 727 598 787 dixi.
636 726 708 786 Sunt
730 728 806 785 enim
827 726 907 786 velut
931 737 1068 803 regestae
1089 730 1118 786 in
1137 729 1191 788 hos
1205 722 1291 789 'com-

246 852 251 862 ·
300 812 465 887 monades,
489 827 564 888 quos
585 810 759 871 adolescens
780 810 955 886 deduxerat,
979 810 1115 886 scholae,
1140 813 1214 871 etsi
1236 832 1291 892 qna

246 924 266 963 ι.
300 897 368 955 est
358 914 388 957 ιιι
408 895 455 957 his
479 894 580 995 culpa,
606 895 744 954 tradentis
768 904 828 963 est;
858 897 921 954 sive
946 913 1009 967 enm
1031 899 1119 954 movit
1141 897 1186 973 id,
1215 898 1292 975 quod

246 1020 249 1028 »
299 978 488 1057 Hermagoras
503 981 593 1057 prima
610 981 638 1038 in
657 978 714 1037 hoc
734 978 803 1037 loco
820 982 917 1058 posuit
937 980 1071 1077 exempla
1092 998 1128 1039 ex
1146 984 1291 1080 quaestio·

246 1105 248 1111 ,
298 1063 400 1124 uibus'
390 1065 480 1132 ruris;
502 1065 565 1123 sive
586 1063 664 1141 quod
682 1061 786 1122 Graeci
806 1055 1027 1142 πραγματικοῦς
1040 1067 1174 1123 vocant
1166 1067 1235 1123 roris
1250 1067 1291 1125 in·

246 1190 248 1194 ,
297 1156 450 1227 terpretes.
479 1148 538 1209 Sed
552 1145 657 1207 Grcero
673 1148 788 1225 quidem
803 1147 847 1207 his
864 1147 1074 1226 pulcherrrmos
1089 1148 1156 1207 ullos
1172 1149 1208 1208 de
1220 1147 1291 1208 Ora
1280 1158 1335 1214 ·60

246 1247 248 1259 ·
297 1240 356 1293 tore
374 1231 542 1308 substituit,
565 1232 692 1308 ideoque
719 1232 845 1309 culpari,
870 1241 1002 1310 tanquam
1023 1233 1098 1292 falsa
1120 1234 1290 1311 praecipiat,

246 1328 248 1336 ’
296 1333 348 1377 non
361 1324 474 1396 potest.
506 1315 568 1375 Nos
583 1315 619 1377 ad
633 1316 846 1392 Hermagoran.¹
877 1314 1106 1380 'translationem
1122 1317 1169 1377 hic
1183 1319 1292 1396 primus

297 1402 418 1461 omnim
435 1400 568 1476 tradidit,
593 1418 754 1478 quanquam
776 1402 885 1461 semina
908 1403 971 1460 eius
993 1402 1133 1479 quaedam
1150 1403 1222 1461 citra
1239 1419 1290 1460 no·

297 1503 356 1545 men
379 1487 480 1587 ipsum
505 1486 580 1563 apud
605 1484 786 1544 Aristotelen
810 1487 1002 1563 reperiuntur.
1043 1485 1083 1545 Lo
1068 1486 1169 1562 egales
1196 1495 1332 1552 autemfil

298 1571 483 1669 quaestiones
504 1568 557 1629 has
573 1569 659 1643 iecit,
682 1571 782 1646 scripti
799 1578 828 1628 et
843 1570 1017 1645 voluntatis,
1040 1570 1169 1647 (quam
1160 1589 1224 1650 rpse
1239 1587 1292 1629 vo·

298 1662 341 1714 cat
358 1676 438 1715 aare
425 1643 545 1734 ῥητὸν
565 1651 616 1713 stol
630 1646 830 1729 ὑπεξαίρεσιν,
848 1654 877 1713 id
898 1663 942 1713 est
962 1655 1067 1714 dictum
1091 1664 1120 1714 et
1143 1658 1293 1734 exceptio-

298 1754 370 1815 num,
386 1755 513 1816 quorum
530 1739 609 1836 prius
626 1739 652 1797 ei
671 1755 734 1796 cum
750 1737 880 1796 omnibus
897 1756 1046 1798 commune
1063 1747 1107 1797 est
1115 1741 1293 1817 ,exceptio-

299 1823 338 1881 nis
361 1839 475 1883 nomen
495 1823 593 1898 ,minus
622 1823 774 1900 usitatum)
809 1824 1054 1898 ratiocinativum,
1088 1784 1291 1900 ambiguitatis,

299 1905 389 1984 legum
412 1908 632 1967 conmariarum.
676 1905 827 1980 Albutius,
849 1907 950 1966 eadem
970 1907 1112 1966 divisione
1134 1926 1221 1982 usus,
1244 1907 1335 1971 ‹le-ou

298 1990 378 2051 trabit
392 1991 631 2064 translationem,
652 1988 808 2048 subiiciens
825 2008 888 2049 eam
904 1991 1065 2051 iuridiciali.
1101 1988 1133 2049 ln
1150 1991 1292 2067 legalibus

298 2091 411 2153 qaoque
435 2074 653 2154 quaestiouibus
668 2073 776 2133 nullum
797 2082 878 2151 putat
900 2093 984 2148 esse,
1009 2076 1056 2153 qui
1078 2074 1189 2134 dicatur
1205 2077 1292 2133 ratio·

300 2159 447 2219 ubativus.
485 2158 554 2219 Scio
570 2157 653 2236 plura
668 2159 835 2217 inventuros
851 2157 959 2233 adhuc,
978 2162 1025 2236 qui
1042 2158 1144 2234 legere
1160 2159 1292 2234 antiquos

299 2243 455 2304 studiosius
476 2242 593 2319 volent,
615 2241 668 2302 sed
688 2259 725 2301 ne
746 2241 821 2300 haec
839 2259 954 2320 quoque
977 2244 1159 2302 excesserint
1179 2242 1293 2300 modom

299 2344 411 2387 uereor.

375 2411 450 2492 lpse
466 2429 512 2471 mc
528 2410 666 2489 paulum
657 2431 686 2471 ιιι
701 2411 766 2485 alia,
785 2429 869 2489 quam
885 2412 963 2489 prius
979 2367 1126 2470 habuerim
1133 2408 1336 2489 ,opinione63

300 2512 366 2558 aune
377 2514 452 2557 esse
468 2495 620 2556 confiteor
642 2495 684 2555 Et
695 2497 822 2555 fortasse
837 2497 1006 2555 tutissimum
1023 2505 1084 2554 erat
1099 2496 1193 2555 famae
1207 2495 1293 2554 modo

303 2582 440 2657 studenti,
460 2579 531 2640 nihil
549 2598 587 2639 ex
609 2597 644 2639 eo
660 2589 786 2654 mutare,
810 2580 887 2657 quod
903 2580 999 2639 multis
1017 2581 1097 2639 annis
1113 2597 1170 2639 non
1186 2581 1294 2638 sensis·

303 2682 353 2726 sem
368 2664 463 2729 modo
474 2682 575 2724 verum
590 2666 674 2723 etiam
690 2663 908 2742 approbassem.
936 2664 994 2724 Sed
1010 2681 1067 2722 non
1082 2666 1211 2724 sustineo
1227 2660 1338 2722 esse64

304 2751 433 2811 conscius
450 2747 519 2807 mihi
540 2749 709 2808 dissimulati
732 2748 775 2825 (in
792 2766 828 2807 eo
844 2750 1016 2826 praesertim
1034 2765 1142 2826 opere,
1165 2748 1243 2825 quod
1260 2748 1294 2808 ad

303 2830 438 2895 bonorum
459 2833 595 2892 iuvenum
617 2832 748 2910 aliquam·
764 2833 916 2892 utilitatem
940 2835 1153 2912 componimus)
1180 2835 1208 2891 in
1236 2832 1295 2891 ulla

303 2928 374 2994 pute
399 2917 501 2978 iudicii
521 2916 588 2976 mei.
628 2915 700 2976 Nam
722 2925 752 2975 et
770 2915 981 2995 Hippocrates,
1006 2916 1101 2975 clarus
1124 2927 1185 2976 arte
1206 2915 1294 2975 medi·

304 3003 394 3080 cinae,
419 3002 536 3062 ridetur
551 3000 755 3060 honestissime
773 2999 898 3078 iecisse,
922 3000 1000 3078 quod
1018 3001 1156 3078 quosdam
1179 3017 1295 3059 errores

303 3103 381 3164 snos,
404 3103 443 3144 ne
460 3086 571 3163 posteri
590 3093 736 3160 errarent,
759 3085 913 3144 confessus
931 3095 990 3152 est;
1014 3094 1043 3143 et
1059 3084 1097 3143 bl.
1113 3085 1223 3144 Tullius
1238 3101 1297 3142 non

303 3169 437 3233 dubitavit
458 3169 572 3247 aliquos
590 3171 645 3228 iam
666 3170 759 3229 editos
783 3169 874 3229 libros
896 3169 959 3228 aliis
977 3177 1081 3247 postea
1100 3170 1216 3246 scriptis
1231 3170 1296 3246 ipse

264 3270 267 3275 ·
302 3252 450 3330 damnare,
479 3254 554 3312 sicut
580 3251 711 3313 Catulum
734 3262 820 3330 atque
838 3253 987 3313 Lucullum
1008 3262 1036 3312 et
1058 3252 1112 3311 hos
1135 3254 1236 3329 ipsos,
1259 3253 1295 3312 de

263 3278 269 3501 ὶ
303 3339 399 3416 quibus
415 3337 503 3418 modo
525 3355 587 3396 sum
609 3338 740 3411 locutus,
762 3339 832 3397 artis
853 3338 1028 3397 rhetoricae.
1062 3336 1175 3395 Etenim
1193 3339 1338 3414 super-65

302 3439 405 3483 naeuus
420 3422 499 3482 foret
514 3423 543 3480 in
564 3422 665 3481 studiis
682 3422 797 3498 longior
815 3422 914 3496 labor,
937 3423 961 3479 si
981 3418 1051 3479 nihil
1071 3420 1175 3479 liceret
1194 3421 1296 3480 melius

265 3510 269 3583 t
302 3506 426 3568 invenire
449 3508 625 3604 praeteritis.
662 3504 766 3583 Neque
788 3515 884 3566 tamen
905 3505 1058 3582 quidquam
1082 3524 1119 3563 ex
1139 3505 1198 3581 his,
1223 3521 1297 3582 quae

266 3598 269 3705 q
304 3596 354 3650 tum
372 3591 532 3672 praecepi,
552 3607 761 3668 supervacuum
777 3590 844 3657 iuit;
868 3589 903 3649 ad
921 3590 1038 3649 easdem
1054 3608 1127 3648 ennn
1141 3587 1296 3667 particulas

265 3684 270 3837 p
305 3669 371 3737 hacc
394 3692 531 3755 quoqne,
554 3691 628 3764 quae
648 3692 723 3734 nunc
744 3676 940 3753 praecipiam,
961 3683 1159 3742 revertentur;
1189 3674 1228 3731 ita
1246 3688 1296 3730 ne·

246 3858 270 3995 i
