3184 4409
330 455 389 518 136
651 464 1011 526 nassonmuuuunu

287 635 392 690 canam
408 632 436 681 et
453 623 482 683 in
497 623 571 683 baec
585 622 708 680 intentus
725 619 837 681 auditor
853 628 907 679 est
937 618 996 680 Sed
1010 636 1109 681 eornm
1124 621 1247 683 facilior
1260 624 1329 684 ratio

330 717 391 781 est,
408 722 466 767 non
481 709 555 765 eninr
573 706 731 765 cohaerent
746 704 799 764 sed
814 701 1056 782 praecedentibus
1074 706 1225 776 serviunt;
1248 726 1329 769 exar-

329 792 404 852 dium
420 799 531 850 sumnnt
547 807 609 849 cum
626 807 677 864 ea,
695 787 852 866 quamlibet
866 788 903 846 sit
921 790 1090 867 composita.
1125 787 1195 868 lpsa
1212 794 1329 868 madan

329 874 448 955 perdet,
471 876 495 932 si
517 873 552 933 ad
577 892 639 935 eam
656 881 740 950 rupta
755 872 804 931 via
822 871 995 931 venerimus.
1040 871 1170 951 Namque
1201 876 1307 937 cumli

329 969 359 1018 ut
380 958 583 1017 Demosthenis
599 974 702 1016 severa
721 956 853 1015 videatur
870 957 1058 1034 compositio,
1077 961 1197 1036 πρῶτον
1218 957 1291 1038 μὲν,
1310 982 1329 1021 s

329 1037 432 1122 ἄνδρες
446 1033 616 1119 Ἀθηναῖοι,
632 1044 691 1113 τοῖς
708 1044 790 1112 θεοῖς
807 1032 926 1117 εὖχομὰι
939 1043 1011 1100 πᾶσι
1029 1038 1079 1099 καὶ
1089 1035 1218 1114 πάσαις·
1238 1053 1269 1104 el
1285 1043 1328 1104 illt

330 1128 420 1206 (quae
442 1126 478 1185 ab
499 1143 572 1200 uno,
596 1124 672 1204 quod
693 1125 799 1201 sciam,
824 1123 913 1184 Bruto
931 1126 1022 1183 minus
1037 1123 1195 1202 probatur,
1225 1129 1328 1187 ceteris

288 1211 442 1289 iitplacet)
461 1200 519 1269 nin
534 1203 622 1288 μήπω
637 1200 730 1291 βάλλῃ
746 1203 820 1286 μηδὲ
835 1200 952 1290 τοξεύῃ·
975 1206 1148 1269 Ciceronem
1165 1221 1293 1290 carpant
1306 1211 1329 1270 ir

329 1295 388 1354 bis:
410 1293 585 1355 chiliaris
603 1300 747 1372 coeperat
768 1310 835 1353 csse
854 1293 1041 1367 balneatori,
1068 1301 1098 1352 et
1118 1289 1187 1354 Non
1207 1296 1329 1357 mnrium

329 1381 411 1440 darn
429 1379 648 1457 archipiratae.
687 1375 758 1436 Nam
778 1377 950 1437 balneatori
971 1386 1001 1436 et
1021 1377 1240 1454 archipiratae
1259 1379 1329 1440 iden

330 1464 392 1523 finis
415 1472 460 1523 est
477 1464 525 1541 qui
541 1465 614 1522 noim
630 1459 680 1520 nni
696 1453 806 1533 πάσαις
820 1469 850 1520 el
865 1462 913 1538 qui
929 1457 1003 1538 μηδὲ
1018 1454 1136 1544 τοξεύῃ·
1163 1462 1221 1522 sed
1235 1464 1329 1542 priora

287 1552 321 1608 65
330 1556 394 1607 sunt
410 1549 568 1606 severiora.
607 1545 660 1605 Est
675 1547 703 1604 in
719 1562 754 1604 eo
774 1561 892 1624 quoqne
907 1545 1051 1621 nonnihil,
1068 1544 1146 1624 quod
1163 1545 1214 1605 hic
1235 1549 1327 1624 singn-

329 1632 365 1691 lis
386 1629 484 1690 verbis
501 1629 559 1689 bini
580 1630 670 1708 pedes
688 1629 883 1704 continentur,
906 1629 983 1708 quod
1004 1631 1091 1689 etiam
1109 1631 1138 1688 in
1156 1631 1329 1691 carminibus

330 1723 375 1775 est
390 1715 548 1792 permolle;
567 1732 622 1772 nec
635 1713 729 1772 solum
746 1711 794 1771 nbi
813 1715 932 1791 quinae,
954 1722 984 1775 ut
1003 1716 1031 1774 in
1050 1713 1111 1789 bis,
1129 1714 1268 1789 syllabae
1284 1732 1329 1775 ne

330 1807 458 1874 ctuntnr,
482 1795 661 1859 doctissima
681 1795 949 1876 Tyndaridarum
978 1797 1135 1858 sedetiam
1159 1808 1329 1876 quaternae,

331 1899 395 1942 cnm
415 1899 517 1940 versus
542 1882 666 1942 cluditur
684 1879 844 1959 Apennino
872 1890 901 1942 et
922 1883 1117 1944 armamentis
1136 1891 1167 1941 et
1191 1881 1329 1946 Oreionc.

289 1968 322 2022 66
331 1966 427 2039 Quare
448 1966 505 2026 boc
527 1983 642 2045 quoque
657 1964 802 2026 vitandum
817 1972 877 2042 est,
896 1983 933 2025 ne
953 1966 1075 2046 plurium
1093 1965 1275 2042 syllabarum
1289 1966 1329 2028 liis

329 2050 428 2110 verbis
445 2059 556 2110 utamur
571 2052 599 2109 in
616 2051 683 2109 line.

414 2132 515 2194 Mediis
532 2153 647 2213 quoque
663 2151 720 2192 non
736 2151 769 2192 ea
784 2131 870 2193 modo
887 2150 955 2193 cura
970 2133 1023 2209 sit,
1040 2141 1071 2192 ut
1084 2134 1160 2193 inter
1174 2152 1210 2194 se
1227 2136 1329 2196 cobae-

330 2228 429 2294 reant,
456 2219 559 2279 sedne
580 2222 677 2296 pigra,
701 2236 738 2276 ne
754 2216 841 2294 longa
858 2218 930 2293 sint,
950 2235 1004 2291 ne,
1027 2217 1104 2294 quod
1119 2237 1194 2277 nunc
1210 2221 1331 2279 maxime

330 2305 428 2362 vitium
454 2311 513 2378 est,
541 2305 670 2364 brevium
696 2310 833 2360 contextu
858 2301 998 2360 resultent
1025 2318 1059 2360 ac
1083 2318 1185 2360 sonum
1212 2303 1332 2364 reddant

290 2387 424 2466 67paene
440 2388 591 2464 puerilium
606 2385 859 2464 crepitaculorum.
897 2383 968 2444 Nam
984 2393 1014 2443 nt
1028 2385 1107 2443 initia
1123 2385 1331 2464 clausulaeque

331 2472 482 2548 plurimum
497 2472 631 2529 momenti
653 2468 777 2544 habent,
801 2470 934 2546 quotiens
950 2469 1050 2547 incipit
1065 2487 1168 2528 sensus
1185 2478 1237 2529 aut
1259 2471 1332 2530 desi·

331 2556 387 2612 nit:
415 2556 456 2612 sic
472 2555 500 2614 in
515 2555 615 2615 mediis
632 2571 747 2632 qnoque
763 2560 828 2612 sunt
844 2552 957 2630 qnidam
972 2561 1110 2628 conatus,
1131 2554 1210 2631 iique
1228 2554 1333 2614 leviter

332 2640 472 2696 insistunt.
518 2636 697 2697 currentium
715 2655 783 2714 pes,
804 2638 914 2695 etiamsi
934 2653 991 2695 nan
1008 2646 1148 2711 moratur,
1168 2646 1269 2698 tamen
1285 2655 1333 2697 ve·

332 2723 447 2797 stiginm
469 2721 546 2780 facit.
591 2721 691 2800 ltaque
714 2739 771 2780 non
793 2719 879 2779 modo
900 2721 1026 2782 membra
1046 2730 1133 2799 atque
1149 2721 1244 2782 incisa
1260 2721 1334 2781 bene

332 2807 460 2882 incipere
477 2814 564 2883 atque
582 2805 658 2864 cludi
673 2806 774 2880 decet,
791 2803 943 2864 sedetiam
960 2806 989 2864 in
1004 2806 1054 2880 iis,
1079 2821 1154 2881 quae
1172 2820 1232 2863 non
1249 2805 1334 2866 dabie

333 2897 467 2948 contexta
482 2897 545 2946 sunt
557 2907 612 2948 nec
624 2890 816 2967 respiratione
828 2896 958 2963 utuntur,
974 2888 1017 2949 illi
1031 2888 1079 2947 vel
1095 2887 1202 2947 occulti
1213 2888 1334 2965 gradus.

290 2974 323 3029 68
333 2973 403 3046 Quis
425 2974 497 3033 enim
519 2972 644 3048 dubitet,
672 2991 757 3032 unum
782 2990 898 3032 sensnm
921 2972 950 3030 in
974 2971 1031 3031 boc
1052 2980 1081 3031 et
1098 2989 1183 3030 unum
1202 2973 1335 3050 spiritum

332 3076 414 3117 esse:
429 3054 654 3133 Animadverti,
676 3059 810 3133 indices,
826 3075 942 3117 omnem
956 3056 1147 3117 accusatoria
1164 3058 1336 3118 orationem

330 3143 362 3201 in
378 3143 455 3202 dans
477 3143 607 3202 dinisam
629 3160 695 3202 esce
708 3141 838 3219 partas?
860 3149 956 3199 tamen
976 3149 1006 3199 et
1020 3140 1077 3199 duo
1092 3140 1182 3217 prima
1196 3139 1292 3200 verba
1307 3148 1337 3200 et

332 3227 384 3285 tria
400 3227 529 3304 proxima
546 3234 574 3284 et
589 3225 727 3303 deinceps
744 3225 800 3285 duo
818 3242 916 3283 rursus
932 3241 967 3283 ac
981 3225 1035 3284 tria
1051 3240 1120 3283 suos
1136 3223 1219 3300 quasi
1237 3242 1335 3285 nume·

332 3325 381 3366 ros
397 3308 502 3368 habent
517 3311 645 3387 spiritum
661 3311 855 3384 sustinentes,
873 3309 948 3367 sicut
963 3309 1038 3386 apud
1050 3307 1228 3383 rhythmicos
1247 3310 1335 3368 aesti-

291 3401 450 3454 69mantnr.
494 3392 554 3452 Hae
576 3393 734 3470 particulae
757 3401 844 3471 prout
859 3400 924 3451 sunt
946 3410 1068 3469 graves,
1097 3409 1198 3465 acres,
1226 3390 1336 3467 lentae,

336 3476 466 3550 celeres,
482 3477 636 3553 remissae,
656 3477 832 3536 exultantes:
851 3476 973 3554 proinde
988 3476 1033 3551 id,
1050 3476 1126 3554 quod
1139 3493 1176 3534 ex
1191 3474 1250 3535 illis
1268 3493 1335 3536 con·

333 3559 443 3634 ficitur,
456 3569 502 3617 ant
516 3578 648 3618 severum
664 3569 710 3620 ant
723 3560 901 3620 luxuriosum
912 3569 960 3618 aut
972 3560 1138 3637 quadratum
1150 3566 1198 3618 aut
1209 3559 1336 3621 solutum

293 3652 326 3708 '10
335 3645 398 3702 erit.
443 3642 589 3715 Quaedam
612 3647 695 3702 etiam
714 3642 861 3704 clausulae
879 3653 944 3703 sunt
959 3643 1080 3703 claudae
1100 3652 1186 3719 atque
1205 3643 1337 3720 penden-

333 3736 395 3805 tes,
425 3727 448 3784 si
471 3728 683 3806 relinquantur,
713 3727 766 3787 sed
791 3726 978 3806 sequentibus
1001 3727 1110 3806 suscipi
1138 3744 1173 3786 ac
1198 3727 1338 3788 sustineri
