3184 4409
527 496 1009 544 rusr.oaeron.enoonra1uu.
1231 490 1264 548 ι«5

280 649 373 710 luisset
397 651 552 729 aliquando
577 652 743 728 perfectus,
771 667 829 708 non
855 668 871 710 a
893 651 1131 728 philosophorum
1156 650 1265 710 scholis

283 736 382 794 virtutis
403 744 561 814 praecepta
576 743 753 812 peterentur.
788 733 871 792 Nunc
891 753 1014 793 necesse
1031 745 1075 793 est
1092 735 1126 793 ad
1147 751 1198 792 eos
1214 735 1265 794 ali·

287 819 383 895 quaudo
405 829 540 879 auctores
561 836 732 892 recurrere,
756 819 804 895 qui
827 817 986 894 desertam,
1009 828 1038 877 ut
1059 819 1132 894 dini,
1156 828 1266 897 partem

289 905 414 962 oratoriae
431 905 511 979 artis,
528 904 678 962 meliorem
693 903 879 980 praesertim,
895 912 1125 979 occupaverunt,
1143 911 1170 960 et
1186 902 1266 961 velut

291 995 398 1046 nostmm
412 1005 587 1065 reposcere;
609 1005 667 1046 non
680 996 711 1044 ut
728 1003 781 1044 nos
797 985 912 1044 illorum
928 994 1037 1044 utamur
1052 989 1190 1062 inventis,
1213 986 1265 1045 sed

251 1138 254 1142 ,
291 1077 313 1126 ut
328 1070 390 1131 illos
411 1072 513 1130 alienis
537 1089 607 1129 usos
631 1088 698 1129 esse
721 1070 887 1138 doceamus.
929 1070 971 1128 Sit
994 1071 1081 1146 igitur
1103 1079 1201 1129 orator
1220 1073 1265 1129 vir
1274 1081 1308 1134 18

292 1152 349 1229 talis,
363 1156 454 1232 qualis
468 1173 538 1213 vere
554 1157 670 1232 sapiens
686 1154 828 1234 appellari
844 1156 951 1231 possit;
968 1172 1023 1212 nec
1038 1154 1163 1212 moribus
1179 1156 1264 1215 modo

292 1237 417 1311 perlectus
449 1239 528 1315 (nam
555 1239 583 1298 id
606 1257 670 1298 mea
693 1238 985 1316 quidem'opinione,
1015 1255 1174 1316 quanquam
1200 1248 1265 1297 sunt

294 1321 328 1395 qui
348 1321 530 1398 dissentiant,
558 1325 629 1400 satis
650 1340 708 1382 non
729 1323 789 1400 est)
817 1322 870 1380 sed
892 1324 977 1381 etiam
997 1323 1117 1381 scientia
1139 1330 1168 1379 et
1189 1325 1264 1381 omni

247 1431 258 1485 3>
293 1401 405 1465 facultate
427 1407 550 1466 dicendi.
588 1406 688 1479 Qualis
713 1406 839 1464 fortasse
861 1423 944 1464 nemo
967 1406 1059 1465 adhuc
1082 1406 1185 1479 luerit,
1212 1407 1264 1466 sed
1274 1417 1307 1470 19

248 1488 258 1525 ¹'
293 1503 333 1546 non
352 1491 414 1549 ideo
436 1493 527 1550 minus
543 1490 626 1549 nobis
647 1491 682 1550 ad
698 1507 805 1548 summa
819 1489 990 1549 tendendum
1009 1499 1068 1557 est;
1091 1489 1168 1567 quod
1184 1489 1264 1548 fece·

246 1564 251 1609 ¹
294 1581 340 1631 mut
353 1573 484 1652 plerique
502 1584 648 1649 veterum,
672 1575 735 1651 qui,
756 1575 811 1631 etsi
826 1573 950 1632 nondum
966 1591 1135 1651 quemquam
1151 1576 1264 1652 sapien-

293 1659 334 1714 tem
349 1669 494 1737 repertum
513 1658 665 1736 putabant,
693 1666 852 1736 praecepta
875 1666 969 1716 tamen
994 1660 1152 1735 sapientiae
1178 1659 1264 1717 tradi·

246 1743 249 1752 “
293 1735 380 1800 demut.
409 1741 481 1801 Nam
497 1751 541 1801 est
557 1751 636 1801 certe
651 1741 758 1819 aliquid
774 1750 966 1801 consummata
980 1742 1155 1819 eloquentia,
1169 1760 1263 1820 neque
1273 1754 1306 1805 20

246 1824 256 1861 ἓ·
293 1821 318 1881 td
330 1842 384 1884 eam
405 1828 559 1904 pervenire
577 1836 676 1885 natura
697 1826 808 1885 humani
826 1827 933 1902 ingenii
954 1826 1099 1904 prohibet.
1134 1825 1218 1899 Quod
1239 1828 1264 1885 si

246 1909 254 1987 l
293 1901 512 1986 conscontingat,
537 1910 621 1969 altius
641 1920 736 1969 tamen
758 1909 853 1984 ibunt,
873 1912 921 1987 qui
944 1910 979 1969 ad
1002 1928 1109 1969 summa
1127 1913 1262 1984 nitentur,

293 2004 356 2066 quam
380 1995 443 2071 qui,
476 2002 658 2071 praesumpta
684 1994 888 2070 desperatione
914 2011 970 2071 quo
995 1994 1085 2052 velint
1111 1993 1262 2068 evadendi,

291 2079 398 2149 protinus
415 2079 493 2137 circa
513 2080 568 2137 ima
590 2077 777 2137 substiterint.

353 2161 417 2234 Quo
437 2163 527 2238 magis
546 2163 722 2238 impetranda
738 2163 792 2219 erit
807 2160 908 2234 venia,
931 2161 956 2219 si
971 2178 1007 2218 ne
1027 2163 1134 2219 minora
1150 2160 1263 2237 quidem
1271 2173 1302 2223 21

287 2239 457 2317 illatorum
478 2248 576 2323 operi,
600 2245 677 2323 quod
692 2245 877 2317 instituimus,
898 2247 1064 2303 necessaria
1085 2244 1260 2321 praeteribo.

246 2361 255 2387 ε
288 2320 341 2387 dam
354 2327 428 2388 liber
446 2331 551 2406 primus
570 2348 620 2404 ea,
640 2346 713 2406 quae
729 2336 793 2387 sunt
808 2337 874 2387 ante
890 2327 1014 2386 officium
1031 2328 1170 2402 rhetoris,
1194 2345 1261 2386 con·

287 2409 378 2472 tinebit.
408 2413 543 2472 Secundo
566 2415 655 2490 prima
671 2412 745 2490 apud
762 2411 908 2471 rhetorem
929 2412 1071 2471 elementa
1093 2421 1121 2471 et
1137 2430 1210 2489 quae
1225 2412 1261 2471 de

286 2492 334 2569 lpse
352 2495 513 2556 rhetorices
530 2497 687 2556 substantia
704 2506 879 2574 quaeruntur
899 2496 1093 2556 tractabimus.
1128 2495 1304 2573 Quinqueit

287 2573 408 2658 deinceps
424 2583 591 2657 inventioni,
606 2599 668 2640 nam
683 2581 749 2640 huic
764 2589 792 2639 et
808 2575 959 2658 dispositio
976 2579 1164 2657 subiungitur,
1181 2589 1261 2657 quat·
1326 2626 1328 2628 -

287 2665 336 2722 tuor
360 2664 532 2740 elocutioni,
560 2667 588 2724 in
611 2667 690 2724 cuius
713 2673 824 2742 partem
847 2667 984 2723 memoria
1010 2683 1044 2724 ac
1067 2666 1260 2745 pronuntiatio

247 2746 258 2789 ἕ
287 2749 400 2824 renunt,
423 2748 573 2809 dabuntur.
605 2749 683 2808 Unus
700 2749 839 2821 accedet,
858 2750 887 2807 in
908 2765 965 2826 quo
981 2748 1063 2807 nobis
1084 2757 1182 2807 orator
1196 2751 1260 2825 ipse

246 2823 248 2875 l
287 2826 461 2893 informandus
483 2841 545 2907 est,
568 2841 615 2908 ut,
639 2834 686 2910 qui
703 2849 800 2891 mores
822 2834 899 2907 eius,
920 2850 994 2910 quae
1014 2833 1042 2890 in
1057 2833 1259 2911 suscipiendis,

246 2921 256 2993 ἦ
288 2908 431 2991 mendis,
459 2918 579 2993 agendis
607 2918 701 2976 causis
727 2919 819 2992 ratio,
849 2917 926 2993 quod
948 2917 1131 2993 eloquentiae
1156 2933 1259 2992 genus,

290 2998 335 3070 qus
349 3000 451 3076 agendi
466 3001 571 3060 debeat
586 3019 654 3059 esse
668 3000 747 3076 linis,
770 3018 844 3078 quae
860 3010 928 3078 post
945 3001 1028 3059 linem
1044 3000 1151 3073 studia,
1173 3012 1260 3077 quan*-

246 3115 252 3127 ι
289 3082 330 3140 lum
347 3092 446 3143 nostra
461 3085 570 3144 valebit
588 3084 750 3159 infirmitas,
774 3083 957 3143 disseramus.
994 3084 1044 3142 llis
1062 3083 1191 3142 omnibus
1212 3083 1302 3150 adae,

246 3167 259 3207 ι’
290 3163 450 3236 miscebitur,
468 3178 498 3227 ut
514 3171 635 3246 quisque
650 3168 732 3227 locus
750 3167 922 3245 postulabit,
939 3168 1061 3227 docendi
1076 3170 1165 3242 ratio,
1183 3184 1257 3244 quae

289 3258 441 3311 toueorum
460 3252 546 3311 modo
562 3254 698 3327 scientia,
722 3250 825 3330 quibus
845 3251 916 3311 solis
931 3253 1044 3329 quidam
1064 3269 1168 3310 nomen
1189 3253 1257 3310 artis

246 3330 248 3369 ¹
288 3325 425 3411 dederunt,
454 3336 600 3395 studiosos
621 3338 741 3395 instruat
763 3345 791 3394 et
815 3336 860 3412 (ut
881 3337 924 3394 sio
945 3336 1080 3415 dixerim)
1100 3337 1144 3395 ius
1165 3337 1259 3413 ipsum

246 3415 255 3491 ξ
284 3411 429 3478 rhetorices
445 3421 667 3498 interpretetur,
689 3419 741 3479 sed
761 3418 841 3478 alere
858 3418 1033 3494 facundiam,
1056 3422 1134 3479 vires
1150 3436 1259 3495 augere

246 3504 248 3529 ⁵
284 3496 455 3579 eloquentiae
474 3505 577 3580 possit.
610 3502 682 3562 Nam
702 3503 872 3581 plerumque
887 3503 978 3562 nudae
994 3504 1062 3562 illae
1082 3513 1159 3562 artes
1176 3504 1259 3561 nimia
1268 3514 1301 3566 Ἃ

278 3583 433 3646 'subtilitatis
449 3587 631 3647 affectatione
646 3589 779 3663 frangunt
794 3595 880 3664 atque
897 3587 1050 3646 concidunt
1064 3586 1199 3665 quidquid
1215 3593 1260 3644 est

276 3667 300 3726 ia
318 3672 450 3730 oratione
470 3673 660 3747 generosius,
684 3680 712 3729 et
733 3688 844 3729 omnem
867 3689 966 3730 sucum
985 3673 1092 3748 ingenii
1111 3670 1210 3730 bibunt
1230 3677 1260 3726 et

272 3767 334 3815 osea
350 3753 505 3831 detegunt,
529 3772 602 3832 quae
622 3763 652 3814 ut
673 3772 739 3813 esse
762 3763 791 3812 et
811 3756 931 3834 astringi
945 3758 1044 3818 neruis
1064 3756 1128 3817 suis
1148 3752 1274 3826 hebent,
