3184 4409
268 317 274 465 ι

571 476 1000 546 ιιιει.οιιιτοιι.ιιιι.νι,ι.
1225 470 1284 533 261

245 676 267 716 ῃ,
297 632 376 695 nodo
388 633 510 693 inrisos
532 648 585 692 eos
608 633 734 707 iaciunt,
761 650 844 709 qnam
862 632 938 710 qnod
953 651 1048 693 amare
1068 637 1123 714 ipsi
1141 636 1285 706 videntum

264 716 363 794 dia,
388 734 455 777 oum
470 734 561 777 senex
577 716 770 776 adolescentis
791 719 967 792 convicium,
990 717 1127 778 honestus
1142 722 1286 781 inferioris

297 800 363 869 lert·
384 798 437 861 bio
449 801 525 860 enim
539 809 645 859 tantum
660 802 797 859 concitari
817 800 878 859 illio
895 803 978 859 etiam
993 802 1069 860 allici
1086 802 1180 864 debet
1217 807 1287 864 Sunt
1297 816 1329 867 15

258 912 262 921 ·
297 893 323 945 et
343 884 395 945 iila
415 902 454 944 ex
474 883 574 943 eadem
594 892 693 943 natura
717 884 770 942 sed
791 892 885 942 motus
911 884 1003 944 adhuc
1024 887 1156 962 minoris,
1176 891 1287 948 veniam

247 1010 265 1049 ι
296 976 405 1045 maere,
423 966 649 1027 adolesoentium
664 966 823 1026 defendere
835 983 957 1026 amores.
983 967 1189 1047 Nonnunquam
1203 973 1287 1031 etiam

297 1050 365 1111 lenis
381 1050 491 1111 caloris
506 1051 592 1110 alieni
613 1050 725 1110 derisus
747 1069 784 1109 ex
804 1049 860 1109 bac
883 1050 974 1109 iorma
998 1053 1077 1110 venit
1104 1053 1154 1112 sed
1173 1053 1216 1113 his
1231 1072 1287 1113 non

245 1175 264 1215 -θ
298 1152 332 1195 ax
345 1134 423 1195 lonis
437 1141 553 1193 tantum.
588 1133 696 1193 Verum
721 1133 866 1211 aliquanto
887 1136 978 1219 magis
999 1137 1115 1214 propria
1132 1137 1183 1196 init
1198 1140 1286 1197 virtus

245 1258 262 1298 ᾗ.
296 1218 499 1291 simulationis,
519 1217 714 1278 satisfaciendi
734 1217 856 1292 rogandi
880 1212 1025 1296 εἰρωνεία,
1048 1237 1121 1297 quae
1144 1220 1286 1280 diversum

245 1341 260 1380 2
296 1303 337 1377 ei,
360 1301 540 1380 qnoddioit,
565 1300 742 1360 intellectum
763 1303 845 1379 petit.
880 1300 1054 1361 Hinoetiam
1078 1304 1232 1363 illemaior
1253 1305 1328 1368 adli

245 1424 258 1463 o
296 1384 503 1445 consiliandum
518 1384 614 1444 odium
631 1386 710 1443 nasoi
726 1385 847 1444 allectus
863 1384 950 1459 solet,
969 1403 1032 1444 oum
1048 1385 1127 1446 hoo'
1119 1404 1193 1465 ipso,
1210 1388 1287 1465 quod

245 1490 255 1546 ι
295 1486 347 1529 nos
367 1468 543 1529 adversariis
564 1469 776 1543 summittimus,
803 1468 971 1544 intelligitur
995 1471 1080 1528 tacita
1103 1470 1307 1549 impotentiae‘

245 1591 251 1619 ,
294 1550 492 1631 exprobratio.
527 1550 657 1628 Namque
679 1568 731 1610 eos
754 1569 860 1627 graves
882 1560 910 1610 et
931 1552 1128 1612 intolerabiles
1149 1556 1287 1632 idipsum

293 1636 488 1710 demonstrat,
509 1635 586 1712 qnod
608 1634 753 1710 cedimus,
780 1644 810 1693 et
831 1637 962 1710 ignorant
983 1636 1077 1713 cupidi
1099 1637 1287 1698 maledicendi

292 1727 341 1781 aut
351 1718 537 1779 affectatores
554 1717 704 1793 libertatis,
719 1719 783 1795 plus
802 1718 933 1777 invidiam
946 1737 1028 1796 qnam
1043 1722 1201 1780 convicium
1219 1738 1285 1800 pos-

292 1820 343 1871 se:
364 1820 428 1863 narn
449 1801 554 1861 invidia
580 1802 781 1877 adversarios,
809 1803 968 1861 convicium
995 1819 1048 1861 nos
1076 1805 1184 1864 invisos
1207 1806 1285 1865 iacit.

291 1886 350 1946 lile
369 1886 424 1947 lanu
440 1902 534 1964 paene
549 1886 659 1945 medios
674 1885 796 1945 allectus
818 1895 863 1945 est
883 1902 919 1944 ex
941 1886 1083 1946 amoribus
1109 1898 1138 1947 et
1160 1907 1197 1947 ex
1212 1888 1327 1954 desi-17

292 1970 384 2031 deriia
399 1970 553 2029 amicorum
570 1978 600 2028 et
613 1971 858 2045 necessariorum,
883 1987 945 2028 nam
968 1978 997 2027 et
1021 1968 1077 2029 boo
1091 1973 1181 2031 maior
1198 1981 1243 2031 est
1258 1983 1288 2032 et

290 2052 346 2114 iilo
365 2054 468 2111 minor.
509 2051 574 2111 Non
599 2070 698 2130 pamm
729 2053 924 2129 significanter
951 2054 1034 2111 etiam
1059 2054 1108 2113 illa
1130 2057 1157 2115 in
1177 2056 1286 2115 scholis

291 2130 359 2217 ἤθη
381 2136 553 2211 dixerimus,
577 2136 679 2213 quibus
700 2136 870 2214 plerumque
891 2138 1016 2194 rusticos
1025 2139 1285 2215 ,superstitiosos,

291 2236 414 2297 avaros,
435 2219 549 2279 timidos
564 2220 718 2279 secundum
734 2221 931 2280 condicionem
946 2222 1159 2297 propositorum
1175 2221 1286 2299 silingi-

270 2322 364 2364 .mns.
403 2264 477 2365 liam
497 2304 521 2362 si
536 2296 600 2381 ἤθη
619 2322 719 2365 mores
739 2311 819 2364 sunt:
841 2322 905 2364 oum
926 2303 980 2362 hos
1004 2304 1159 2381 imitamur,
1181 2324 1218 2364 ex
1241 2305 1285 2365 his

291 2388 422 2449 ducimus
440 2388 607 2447 orationem.

376 2468 511 2549 Denique
535 2469 594 2529 hoo
622 2487 705 2530 omne
730 2469 836 2529 bonum
867 2477 896 2528 et
928 2487 1038 2530 comem
1062 2472 1153 2530 virum
1180 2472 1283 2549 poseo.
1294 2480 1327 2534 18

293 2554 373 2629 Quas
389 2556 511 2615 virtutes
532 2572 595 2613 oum
615 2557 700 2613 etiam
720 2554 748 2612 in
765 2554 910 2630 litigatore
927 2554 1032 2614 debeat
1046 2563 1160 2629 orator,
1180 2556 1204 2614 si
1223 2555 1286 2614 lieri

293 2646 407 2716 potest,
424 2636 603 2715 approbare:
619 2639 717 2715 utique
735 2639 799 2715 ipse
815 2645 863 2695 aut
879 2636 982 2697 habeat
996 2648 1044 2697 aut
1059 2638 1167 2698 babere
1186 2639 1284 2699 creda-

293 2731 348 2782 tur.
384 2720 437 2781 Sio
455 2720 584 2799 proderit
606 2722 756 2800 plurimum
770 2722 880 2796 causis,
904 2722 1005 2798 quibus
1029 2740 1066 2780 er
1086 2740 1137 2780 sua
1158 2721 1286 2782 bonitate

294 2804 491 2865 iaoietlidem.
520 2803 661 2883 Numqui,
677 2804 741 2863 dum
758 2805 842 2879 dioit,
857 2804 947 2864 malus
961 2805 1082 2905 videtur,
1099 2807 1196 2882 ntique
1210 2805 1285 2864 male

295 2888 378 2961 dioit3
396 2903 457 2947 non
477 2889 550 2946 anim
566 2890 679 2949 videtur
692 2889 765 2946 iusta
781 2889 892 2963 dicere,
915 2889 1023 2966 alioqui
1038 2850 1113 2966 ἦθος
1127 2888 1282 2947 videretur

296 2970 417 3045 Quare'
406 2982 501 3049 ipsum
516 2972 601 3030 etiam
616 2972 728 3031 dicendi
743 2989 836 3047 genus
851 2973 879 3029 in
894 2971 950 3031 hoo
963 2973 1105 3050 placidum
1120 2970 1206 3031 debet
1217 2989 1284 3031 esse
1294 2981 1327 3036 19

295 3072 332 3115 ao
344 3056 431 3124 inito3
446 3054 516 3115 nihil
531 3055 703 3133 superbum,
723 3054 792 3113 nihil
808 3054 913 3113 elatum
930 3056 1032 3115 saltem
1048 3074 1082 3115 no
1098 3055 1218 3114 sublime
1235 3056 1284 3115 de-

294 3138 421 3207 siderem
441 3139 578 3217 proprie,
601 3139 738 3212 iucunde,
756 3138 934 3197 credibiliter
951 3139 1048 3199 dioere
1066 3148 1110 3198 sat
1124 3147 1184 3214 est,
1204 3140 1282 3199 ideo·

295 3239 352 3300 qna
366 3229 397 3281 et
414 3221 527 3281 medius
541 3222 591 3281 ille
609 3224 747 3281 orationis
763 3222 865 3280 modus
880 3224 1001 3281 maxime
1017 3224 1158 3281 convenit.

374 3304 529 3365 Diversum
545 3315 589 3364 est
604 3305 685 3379 lunio,
710 3304 786 3381 quod
803 3297 923 3376 πάθος
938 3306 1055 3379 dicitur,
1075 3304 1209 3382 qnodque
1231 3318 1326 3371 noeto

294 3388 436 3471 affectum
459 3390 578 3465 proprie
599 3405 750 3455 vocamus;
778 3397 823 3462 et,
846 3396 877 3446 nt
895 3390 1024 3466 proxime
1039 3390 1187 3467 utriusque
1203 3389 1283 3449 dilie-

294 3473 414 3533 rentiam
442 3472 570 3547 signem,
604 3472 674 3532 illud
703 3431 870 3531 oomoediae
897 3471 953 3531 hoo
980 3472 1148 3549 tragoediae
1181 3473 1282 3533 simile.

295 3552 373 3617 liaeo
385 3570 456 3635 pars
472 3555 550 3614 oiroa
565 3556 645 3631 iram,
662 3555 767 3629 odium,
783 3564 898 3629 metum,
914 3556 1056 3631 invidiam,
1073 3557 1284 3616 miserationem

296 3637 355 3699 iera
375 3646 438 3699 tota
458 3646 600 3697 versatur.
637 3637 718 3711 Quae
737 3637 839 3716 quibus
860 3655 898 3696 ex
917 3637 991 3698 ioois
1012 3639 1140 3699 ducenda
1161 3641 1233 3714 sint,
1255 3647 1285 3699 et

296 3722 473 3785 maniiestom
496 3721 625 3791 omnibus
648 3730 677 3781 et
696 3738 713 3781 a
736 3722 819 3781 nobis
845 3723 874 3781 in
897 3723 1008 3782 ratione
1033 3724 1172 3802 prooemii
1197 3732 1283 3800 atque
