3184 4409
559 415 648 464 nasu.
670 415 818 464 caenon.
840 416 909 464 uae.
925 412 1014 494 nne
1224 405 1282 466 143

304 573 361 649 ilii,
378 580 530 651 parentes,
547 570 666 646 divites,
685 584 788 646 senes,
805 572 916 648 asperi,
935 571 1033 647 lenes,
1053 574 1142 649 arari,
1158 573 1282 652 deniquo

246 660 249 689 ἒ
301 656 502 735 superstitiosi,
524 655 628 730 timidi,
656 655 802 714 derisores
829 655 912 722 iiuut;
940 664 971 714 ut
995 657 1044 714 vix
1070 657 1283 717 comoediarum

300 739 438 800 actoribus
464 738 563 816 plures
592 738 703 798 babitus
730 740 758 796 in
784 738 993 817 pronuntiando
1021 742 1201 819 concipiendi
1227 744 1283 800 sint

300 842 375 903 quam
395 824 439 883 his
455 823 631 882 indicendo.
671 821 752 895 Quae
769 824 862 882 omnia
883 831 1005 900 possunt
1025 824 1117 883 videri
1139 842 1281 903 prosopo-
1293 843 1326 894 52

299 909 414 986 poeiae,
434 924 518 984 quam
533 923 589 982 ego
605 909 743 965 suasoriis
759 904 885 981 subieci,
907 907 973 982 quia
988 907 1067 966 nullo
1082 909 1167 966 modo
1185 908 1220 967 ab
1239 909 1283 967 bis

298 1010 376 1071 quam
398 995 526 1070 persona
548 991 642 1049 distat.
689 988 858 1068 Quanquam
879 989 952 1049 baec
973 991 1125 1068 aliquando
1148 994 1231 1051 etiam
1256 994 1285 1050 in

299 1075 511 1137 controversias
531 1074 659 1148 ducitur,
682 1091 756 1151 quae
780 1092 818 1131 ex
841 1073 969 1132 historiis
994 1079 1174 1153 compositae
1196 1079 1284 1140 certis

297 1160 438 1237 agentium
454 1157 614 1216 nominibus
632 1160 820 1216 continentur.
854 1156 956 1234 Neque
972 1160 1091 1234 ignoro,
1114 1160 1284 1237 plerumque
1293 1176 1327 1229 53

296 1243 510 1304 exercitationis
525 1242 617 1317 gratia
633 1243 700 1319 poni
714 1250 742 1299 et
757 1241 889 1319 poeticas
903 1251 931 1300 et
946 1241 1111 1318 historicas,
1127 1252 1157 1301 ut
1169 1242 1287 1304 Priami

294 1329 386 1389 umba
403 1327 490 1405 opud
505 1323 651 1386 Achillem
669 1334 716 1385 aut
731 1324 839 1386 Sullae
855 1326 1041 1386 dictaturam
1060 1328 1285 1405 deponendam

296 1413 438 1473 contione.
480 1408 537 1470 Sed
558 1408 631 1468 baec
656 1410 684 1466 in
709 1418 819 1486 partem
845 1408 948 1467 cedent
969 1411 1050 1468 trium
1073 1428 1228 1487 generum,
1256 1413 1285 1470 in

296 1513 364 1573 quae
381 1511 487 1554 causas
502 1493 657 1552 divisimus.
694 1492 766 1552 Nam
787 1501 818 1550 et
830 1508 954 1569 rogare,
976 1494 1120 1569 indicare,
1142 1496 1284 1553 rationem

294 1579 415 1639 reddere
430 1587 460 1636 et
475 1576 546 1652 alia,
569 1576 605 1636 de
627 1575 728 1653 quibus
745 1575 952 1654 supradictum
974 1587 1034 1652 est,
1056 1579 1136 1637 varie
1152 1587 1239 1655 atque
1253 1587 1284 1637 ut

295 1681 339 1721 res
365 1662 481 1722 tulitin
508 1663 626 1719 materia
647 1659 790 1735 iudiciali,
821 1659 1024 1736 deliberativa,
1048 1661 1281 1737 demonstrativa,

295 1747 431 1806 solemus.
466 1743 711 1822 Frequentissime
732 1760 804 1802 vero
826 1745 853 1801 in
874 1743 917 1803 bis
937 1747 1041 1803 utimur
1061 1746 1126 1804 lucta
1145 1755 1327 1824 persona-54

295 1849 367 1906 rum,
393 1847 466 1907 quas
488 1829 543 1906 ipsi
565 1827 776 1902 substituimus,
800 1829 947 1902 oratioue,
969 1837 1000 1886 ut
1021 1830 1095 1905 apud
1114 1828 1285 1888 Ciceronem

295 1931 343 1991 pro
360 1911 464 1973 Caelio
482 1910 610 1972 Clodiam
626 1920 655 1970 et
671 1930 776 1970 caecus
794 1910 906 1988 Appius
924 1921 953 1970 et
969 1910 1087 1970 Clodius
1105 1913 1211 1989 irater,
1228 1912 1284 1972 'ille

295 1999 320 2055 in
334 1998 555 2075 castigationem
577 1995 623 2054 bic
644 1995 673 2053 in
695 1995 923 2054 exhortationem
939 1997 1071 2054 vitiorum
1095 1998 1302 2074 compositus„

295 2082 347 2141 allo
370 2083 458 2140 uitur.

349 2101 479 2225 qSolent
501 2164 529 2221 in
549 2161 658 2222 scholis
679 2163 747 2238 fingi
769 2162 906 2221 materiae
922 2162 958 2221 ad
974 2161 1189 2222 deliberandum
1207 2164 1326 2228 simi-55

296 2249 378 2309 liores
401 2248 609 2308 controversiis
629 2264 667 2304 ex
687 2255 811 2323 utroque
826 2263 936 2321 genere
959 2247 1146 2321 commixtae,
1168 2255 1198 2304 ut
1220 2265 1284 2305 cum

296 2333 363 2410 apud
385 2329 421 2392 C.
445 2328 600 2390 Caesarem
623 2328 795 2389 consultatio
817 2329 853 2388 de
875 2346 969 2408 poena
993 2329 1136 2390 Theodoti
1158 2332 1282 2408 ponitur.

297 2413 413 2476 Constat
428 2415 503 2474 enim
517 2415 703 2473 accusatione
719 2423 748 2472 et
763 2412 934 2472 delensione
950 2431 1036 2472 causa
1052 2417 1130 2490 eius,
1148 2413 1223 2492 qnod
1239 2423 1284 2472 est

298 2499 467 2561 iudicialium
481 2499 638 2576 proprium.
671 2498 814 2556 Permixta
829 2506 923 2556 tamen
941 2506 986 2556 est
1004 2507 1033 2557 et
1047 2498 1177 2558 utilitatis
1194 2499 1326 2564 ratioztfi

298 2579 334 2644 Aa
351 2601 416 2664 pro
439 2580 576 2643 Caesare
596 2582 689 2661 fuerit
703 2583 805 2642 occidi
826 2580 1022 2660 Pompeiam?
1055 2579 1103 2642 An
1121 2584 1285 2644 timendam

300 2685 405 2747 crepe
428 2667 553 2742 bedam,
575 2667 603 2726 si
623 2664 790 2728 Theodotus
812 2668 849 2726 stt
867 2668 1010 2727 occisas?
1042 2662 1091 2726 Aa
1111 2668 1145 2727 id
1165 2667 1286 2726 minime

299 2761 493 2832 opportunam
514 2751 570 2810 lma
593 2758 724 2828 tempore
744 2756 773 2811 et
790 2751 996 2827 periculosum
1017 2757 1046 2811 et
1066 2761 1149 2811 certe
1165 2751 1286 2828 laneam

298 2837 329 2894 o't
338 2835 503 2916 futuram?
528 2832 681 2906 Quaeritur
696 2842 725 2892 et
740 2833 776 2892 de
792 2832 931 2892 honesto:
951 2833 1107 2896 Deceatne
1120 2831 1327 2901 Caesareana?

299 2917 537 2996 uumPompeas
566 2914 614 2978 Aa
632 2920 671 2977 alt
686 2919 868 2992 verendam,
889 2936 927 2978 ne
936 2919 1074 2997 peiorem
1092 2919 1192 2996 faciat
1211 2928 1285 2977 saa—

297 3020 355 3065 lum
372 3003 517 3084 partiam
541 3019 684 3076 oausam,
704 3003 732 3061 sa'
752 2999 924 3079 Pompeiam
946 3003 1103 3080 indipaam
1121 3000 1285 3078 mortesfc-

297 3088 417 3149 leotsm?
453 3083 538 3158 Quod
553 3103 645 3162 genus
662 3085 795 3144 accidere
811 3086 895 3144 etiam
910 3086 1024 3145 veritati
1038 3093 1145 3163 potest.
1212 3123 1215 3128 -
1293 3089 1330 3150 58

369 3170 440 3230 Nou
462 3168 584 3247 simplex
605 3178 699 3227 autem
722 3171 799 3228 circa
823 3170 969 3228 suasorias
992 3186 1075 3228 error
1094 3171 1122 3226 in
1137 3167 1288 3245 plerisque

294 3252 537 3315 declamatoribus
556 3252 628 3328 luit,
658 3253 705 3331 qui
726 3253 870 3312 dicendi
892 3270 1008 3328 genus
1030 3255 1058 3311 in
1075 3251 1118 3310 bis
1142 3251 1286 3311 diuersum

294 3347 376 3418 atque
392 3340 425 3398 in
446 3345 537 3397 totum
557 3336 598 3395 illi
621 3336 746 3395 iudiciali
761 3338 934 3396 contrarium
955 3354 1021 3394 esse
1042 3337 1284 3395 existimaverunt.

293 3419 359 3483 liam
374 3431 407 3482 et
425 3421 567 3500 principia
583 3419 704 3498 abrupta
720 3429 748 3479 et
764 3422 935 3479 concitatam
951 3437 1068 3497 semper
1083 3421 1242 3478 orationem
1257 3427 1287 3478 et

293 3507 316 3564 in
331 3507 436 3568 verbis
460 3500 648 3586 effusiorem,
669 3512 700 3562 ut
717 3504 772 3582 ipsi
792 3512 913 3579 vocant,
937 3504 1048 3563 callum
1067 3503 1286 3576 affectaverunt,

295 3599 317 3648 et
330 3607 435 3652 earum
451 3587 603 3647 breviores
624 3589 723 3664 utique
740 3588 961 3647 commentarios
977 3605 1061 3664 quam
1077 3587 1182 3664 legalis
1197 3596 1285 3646 mate-

294 3675 346 3736 riae
364 3676 473 3736 facere
494 3670 686 3732 elaborarunt.
722 3671 786 3750 Ego
803 3687 891 3751 porro
913 3680 943 3730 ut
960 3673 1110 3749 prooemio
1126 3671 1211 3730 video
1228 3675 1328 3730 neu59
