3184 4409
339 466 397 527 164
653 479 1010 539 ιιιιιιιιιιιιιιιιιιι

307 631 371 698 ade
393 649 449 708 qua
468 633 700 708 pronuntiaturus
716 642 777 710 est,
799 633 949 694 indicetur.
984 633 1064 694 Haeo
1084 642 1130 695 est
1149 637 1331 696 narratio.

334 715 366 774 ln
381 732 437 792 qua
451 717 546 774 suiuus
565 724 755 776 transcurram
770 717 892 778 subtiles
904 719 1017 777 nimium
1033 719 1190 778 divisiones
1205 736 1333 796 quorun·

334 799 397 857 dam
418 797 499 874 plura
523 801 585 857 eius
608 817 716 875 genera
738 801 913 861 iacientium.
955 800 1020 860 Non
1034 804 1108 860 enim
1123 802 1215 861 solam
1229 803 1334 862 volunt

334 899 400 940 esse
416 881 493 942 illam
509 884 628 957 negotii,
652 883 688 942 de
704 900 762 961 quo
777 884 853 963 apud
867 884 977 949 iudices
997 887 1154 962 quaeritur,
1170 887 1332 961 expositio·

332 983 396 1024 nem
420 964 471 1024 sed
492 983 653 1042 personae,
674 974 705 1025 ut
725 965 766 1025 M.
788 965 903 1028 Iaiiiuc
923 966 1106 1044 Palicanus,
1126 969 1232 1029 tanati
1251 969 1331 1044 loco,

332 1047 451 1124 Picena,
474 1049 588 1126 mquam
605 1051 703 1128 mapic
724 1065 816 1127 quam
827 1051 1002 1129 facundum
1024 1051 1099 1126 loci,
1123 1059 1153 1110 ut
1176 1050 1331 1129 Oppidum

333 1143 376 1194 est
398 1134 430 1192 in
450 1129 641 1210 Hellesponto
654 1132 870 1212 Lampsacum,
885 1136 1024 1206 iudicem·
1038 1137 1178 1212 temporIs
1197 1142 1229 1193 ut

418 1214 495 1276 Vere
515 1235 608 1293 uoco,
626 1218 748 1295 pelidae
763 1219 851 1278 cacia
865 1236 935 1279 cum
947 1220 1097 1280 montibus
1110 1218 1217 1293 dumor

369 1354 371 1359 .
414 1298 571 1376 Liquitar,·

332 1401 496 1458 causarum,
520 1383 623 1460 quibus
643 1383 772 1444 historici
793 1381 1027 1462 frequentissime
1042 1391 1174 1458 utuntur,
1197 1401 1260 1443 cum
1277 1403 1328 1444 ex·

302 1481 319 1534 3
331 1475 448 1544 ponunt
464 1467 540 1526 unde
554 1466 663 1526 helium
669 1467 814 1543 ,seditio,
830 1468 1005 1546 pestilentia.
1036 1465 1154 1526 Praeter
1168 1466 1243 1526 haec
1256 1469 1328 1527 alias

330 1551 477 1627 periectas
496 1550 567 1610 alias
583 1551 767 1629 imperfectas
779 1559 901 1619 vocant3
919 1550 996 1628 quod
1009 1551 1072 1627 quis
1084 1547 1217 1629 ignorati
1246 1550 1327 1611 Adii·

331 1636 423 1708 ciunt,
448 1635 658 1712 expositionem
679 1644 708 1693 ιι
728 1636 950 1713 praeteritorum
969 1651 1037 1692 esse
1053 1642 1227 1712 temporum,
1252 1652 1328 1712 quae

330 1726 375 1775 ιιι
390 1717 636 1795 frequentissima;
661 1727 689 1777 et
710 1720 921 1796 praesentium,
944 1715 1036 1794 qualis
1055 1726 1101 1776 est
1117 1715 1267 1776 Ciceronis
1289 1712 1327 1778 de

330 1801 461 1859 discursu
476 1802 630 1861 amicorum
646 1799 846 1878 Chrysogoni,
868 1808 1020 1878 postquam
1041 1808 1087 1860 est
1101 1801 1274 1868 nominatus;
1298 1810 1327 1860 et

330 1885 505 1958 futurorum,
529 1900 602 1964 quae
625 1885 696 1944 solis
723 1886 783 1945 dari
806 1883 1025 1945 vaticinantibus
1041 1893 1154 1962 potest;
1176 1900 1240 1942 nam
1254 1875 1326 1943 daa-

299 1961 456 2040 ιτύιιωσις
480 1985 537 2028 ιιι
556 1978 601 2028 ιιι
620 1968 751 2030 habenda
770 1967 906 2030 narratio
946 1966 1006 2028 Sed
1025 1984 1078 2027 nos
1099 1965 1261 2048 potioribus
1276 1985 1323 2027 va·

331 2069 438 2111 cemus.
1022 2088 1025 2094 -

412 2135 546 2215 Plerique
566 2154 711 2216 semper
727 2135 942 2197 narrandum
965 2143 1152 2213 putaverunt,
1175 2133 1252 2211 quod
1271 2134 1323 2194 ial-

329 2237 391 2278 sum
406 2238 473 2279 esse
489 2220 619 2300 pluribus
634 2223 809 2297 coarguitur.
854 2221 926 2280 Sunt
946 2221 1020 2279 enim
1041 2227 1107 2277 ante
1128 2219 1220 2277 omnia
1236 2236 1322 2295 quae-

330 2302 392 2362 dam
416 2313 472 2363 tam
496 2305 602 2363 breves
625 2322 745 2380 causae,
771 2313 802 2364 ιι
826 2304 1055 2382 propositionem
1079 2303 1175 2378 potius
1199 2301 1323 2360 habeant

302 2396 414 2464 squam
429 2391 629 2447 narrationem.
668 2387 700 2448 ld
721 2387 825 2447 accidit
845 2387 998 2464 aliquando
1014 2387 1129 2464 utrique
1148 2386 1237 2463 parti,
1259 2402 1322 2444 curu

267 2475 270 2482 '
328 2469 376 2529 vel
389 2470 466 2531 nulla
482 2473 626 2549 expositio
644 2481 704 2547 est,
726 2471 775 2530 vel
795 2470 832 2531 de
852 2488 885 2529 re
900 2478 1012 2530 constat
1033 2470 1068 2530 de
1084 2472 1146 2529 iure
1162 2469 1320 2545 quaeritur,

328 2563 358 2612 ιι
373 2554 448 2631 apud
465 2557 666 2631 centumviros,
682 2553 777 2616 Filius
787 2573 830 2616 aa
841 2555 944 2633 frater
958 2555 1068 2615 debeat
1082 2571 1149 2614 esee
1157 2553 1322 2612 intestatae

327 2636 440 2698 aeres?
473 2637 622 2700 Pubcrtaa
647 2641 738 2700 acaia
762 2657 805 2700 aa
831 2639 970 2715 corporis
995 2637 1100 2698 dubita
1123 2635 1320 2697 aestimetur?

329 2719 385 2779 Aut
402 2738 465 2780 curn
481 2731 526 2781 est
548 2723 689 2800 quidem
680 2741 709 2781 ιι
723 2740 756 2781 ιι
775 2722 931 2781 narrationi
953 2720 1036 2780 iocus
1056 2719 1109 2778 sed
1128 2726 1176 2778 aut
1197 2727 1263 2778 ante
1278 2719 1319 2775 iu-

300 2803 384 2864 odiet
398 2814 465 2864 nota
480 2815 544 2864 sunt
560 2809 653 2865 omnia
669 2814 717 2865 aut
732 2807 830 2884 priore
846 2804 913 2865 loco
929 2813 1010 2864 recte
1026 2804 1167 2902 exposita.
1205 2801 1321 2860 Accidit

326 2870 478 2966 aliquando
495 2890 578 2949 alteri
598 2898 627 2949 et
642 2892 758 2988 saepius
773 2888 810 2948 ab
824 2896 940 2964 actore,
962 2887 1010 2946 vel
1025 2889 1090 2965 quia
1105 2887 1173 2945 satis
1191 2893 1236 2943 est
1251 2902 1319 2961 pro·

327 2989 438 3051 ponere
461 2973 509 3032 vel
526 2976 591 3052 quia
606 2976 649 3032 sic
663 2975 754 3050 magis
768 2972 898 3052 expedit.
938 2973 1014 3032 Satis
1030 2980 1074 3029 ιιι
1093 2970 1217 3042 dixisse,
1242 2965 1320 3029 Cer-

327 3065 388 3117 tam
402 3059 552 3119 creditam
564 3058 727 3136 pecuniam
738 3066 810 3135 pato
819 3057 1078 3134 ecatipuiatioam
1093 3051 1237 3131 Lapotum
1248 3060 1322 3128 peto

327 3159 367 3199 aa
389 3149 575 3203 testamento.
617 3140 758 3202 Diversae
776 3141 866 3219 partia
881 3141 1025 3238 expositio
1046 3147 1106 3213 est,
1128 3153 1178 3195 cur
1204 3152 1238 3193 ea
1261 3153 1320 3194 non

299 3223 493 3283 idebeantur.
528 3224 565 3284 Et
581 3226 650 3283 satis
667 3232 712 3284 est
729 3225 822 3285 actori
838 3232 867 3283 et
880 3225 971 3300 magis
984 3222 1140 3301 expedit
1116 3238 1159 3279 ιιι
1174 3219 1319 3279 indicare:

326 3304 452 3369 Diooab
463 3308 589 3370 Horatio
600 3326 737 3369 sororem
747 3326 836 3370 catam
846 3308 1047 3384 interfectam.
1069 3305 1199 3381 Namque
1211 3311 1241 3361 et
1252 3319 1321 3381 pro-

329 3392 472 3465 positione
485 3393 571 3452 iudex
584 3393 689 3451 crimen
702 3408 786 3451 omne
798 3392 960 3467 cognoscit,
978 3398 1007 3450 et
1022 3389 1094 3449 ordo
1110 3397 1139 3447 et
1154 3404 1240 3446 causa
1250 3386 1321 3461 iacti

299 3481 380 3550 Spro
393 3474 558 3535 adversario
571 3477 661 3551 magis
677 3484 731 3534 est.
762 3473 842 3534 Reus
857 3483 956 3533 contra
968 3482 1035 3532 tunc
1046 3473 1237 3533 narrationem
1253 3469 1319 3529 suh·

327 3556 430 3632 trahet,
446 3577 507 3617 cum
523 3560 567 3634 id,
582 3558 659 3637 quod
674 3558 825 3633 obiicitur,
844 3574 940 3634 neque
955 3559 1056 3633 negari
1071 3573 1165 3632 neque
1186 3554 1320 3629 excusari

326 3644 443 3719 poterit,
460 3643 555 3701 sedin
572 3642 635 3701 sola
650 3644 718 3701 iuris
739 3643 1080 3719 quaestioneconsistem
1096 3648 1128 3698 ut
1145 3641 1175 3698 in
1188 3655 1236 3711 eo,
1253 3637 1318 3717 qui,

324 3743 389 3784 auur
404 3728 557 3803 pecuniam
575 3728 713 3804 privatam
729 3743 766 3785 ex
784 3725 859 3786 aedo
874 3741 957 3809 sacra
974 3724 1155 3810 surripuerit,
1173 3720 1321 3809 sacrilegii
