3184 4409
521 521 610 569 mss.
627 521 776 570 antron.
792 522 861 570 nm.
876 520 938 588 x11,
955 520 981 572 1.
997 520 1023 572 a.
1210 509 1271 570 245

246 627 288 671 ιτ
654 633 656 636 ’

246 684 353 755 jone
372 675 500 736 diflicilia
522 684 694 753 tractentur,
715 678 912 737 necessarium
928 687 982 736 est.
1014 675 1086 736 Nam
1101 677 1272 755 frequenter

246 763 362 840 fliam
384 762 509 838 optimae
532 779 637 821 causae
657 761 767 820 similes
790 769 854 820 sunt
872 761 972 836 malis,
998 769 1027 820 et
1047 762 1185 820 innocens
1204 779 1272 820 reus

246 845 371 925 ..sultis
387 843 590 903 verisimilibus
606 846 759 922 premitur;
784 860 841 922 quo
856 843 903 920 tit,
925 853 957 905 ut
974 845 1076 904 eadem
1091 847 1211 904 actionis
1226 863 1271 904 ra·

246 947 354 1011 ,one
370 927 569 988 defendendus
585 929 639 1004 sit,
655 946 728 1007 qua,
750 928 774 987 si
792 944 902 987 nocens
916 937 1005 988 esset.
1036 927 1095 988 lam
1112 931 1271 989 innumera·

246 1013 343 1094 pilia
359 1020 424 1071 sunt
441 1010 524 1071 bonis
542 1011 636 1072 causis
651 1011 794 1090 malisque
814 1013 993 1089 communia,
1010 1020 1120 1087 testes,
1146 1013 1270 1088 litterae,

246 1096 478 1179 ‚sepitionem
501 1097 663 1174 opiniones.
693 1094 758 1156 Non
780 1095 866 1155 aliter
886 1104 980 1155 autem
1000 1096 1167 1156 verisimilia
1188 1114 1271 1174 quam
1338 1111 1340 1117 ·

246 1199 346 1262 „era
367 1187 397 1239 et
412 1180 614 1240 confirmantur
634 1187 664 1239 et
677 1180 858 1239 refelluntur.
893 1180 1097 1258 Quapropter,
1121 1189 1212 1240 utres
1228 1180 1271 1240 ie·

246 1274 334 1347 fit,
352 1263 486 1324 flectetur
501 1265 600 1329 oratio,
608 1273 742 1324 manente
757 1263 880 1322 honesta
894 1265 1053 1323 voluntate.

246 1392 261 1516 ξ
327 1415 565 1469 ooonoscnnon
583 1416 726 1469 onnrom
743 1415 859 1476 oureus
875 1415 984 1468 nonus
1003 1416 1214 1468 nonnarum.

357 1515 394 1577 ll.
425 1516 546 1592 Quando
568 1519 655 1596 igitur
671 1526 769 1579 orator
785 1527 831 1579 est
844 1520 890 1578 vir
904 1517 1014 1595 bonus,
1041 1520 1066 1578 is
1087 1527 1181 1579 autem
1199 1519 1270 1579 citra

246 1606 407 1685 (intutem
422 1603 544 1679 intelligi
562 1621 620 1663 non
634 1610 746 1682 potest;
768 1604 877 1678 virtus,
895 1604 1162 1682 etiamsi-quosdam
1179 1603 1268 1680 inpe-

246 1705 315 1769 ¹aus
337 1704 375 1746 ex
388 1695 487 1746 natura
502 1688 601 1762 sumit,
626 1695 722 1747 tamen
736 1687 913 1766 perficienda
933 1687 1104 1748 doctrina
1125 1696 1187 1747 est:
1208 1704 1268 1746 mo·

248 1789 318 1834 res
337 1779 404 1830 ante
420 1771 513 1830 omnia
532 1771 641 1830 oratori
663 1772 765 1832 studiis
781 1780 863 1831 erunt
880 1770 1053 1847 excolendi,
1075 1778 1161 1849 atque
1178 1772 1269 1831 omnis

246 1855 387 1937 ¹honesti
403 1854 526 1932 iustique
544 1853 696 1932 disciplina
716 1855 936 1932 pertractanda,
960 1857 1023 1914 sine
1043 1873 1098 1932 qua
1114 1872 1199 1915 nemo
1213 1873 1269 1915 nec

246 1942 311 2002 vir
330 1937 424 1997 bonus
441 1956 508 1997 esse
527 1956 583 1998 nec
599 1937 712 1999 dicendi
729 1940 841 2017 peritus
858 1947 965 2017 potest.
997 1937 1059 1997 Nisi
1084 1939 1160 1998 forte
1181 1948 1295 2000 acce-2

246 2025 364 2087 dimus
379 2023 430 2098 iis,
454 2024 502 2100 qui
519 2031 620 2082 natura
636 2031 770 2082 constare
785 2039 884 2081 mores
899 2033 929 2082 et
945 2022 1015 2082 nihil
1036 2022 1163 2084 adiuvari
1183 2022 1268 2083 disci-

246 2110 351 2188 plina
367 2114 482 2183 putant;
504 2106 619 2166 scilicet
635 2116 666 2165 ut
682 2124 733 2181 ea,
757 2124 833 2184 quae
848 2124 932 2166 manu
951 2107 1036 2181 bunt,
1060 2114 1147 2184 atque
1169 2122 1268 2165 eorum

246 2193 358 2255 etiam
378 2191 624 2268 contemptissima
650 2189 841 2250 confiteantur
860 2208 951 2267 egere
973 2189 1158 2265 doctoribus,
1179 2190 1268 2249 virtu·

246 2285 329 2339 tem
345 2290 435 2350 vero,
452 2291 508 2352 qua
522 2274 593 2334 nihil
607 2274 723 2349 homini,
743 2291 800 2352 quo
817 2274 852 2334 ad
868 2274 939 2334 deos
956 2273 1131 2333 immortales
1148 2274 1268 2350 propius

248 2357 444 2433 accederet,
467 2359 561 2418 datum
583 2366 644 2434 est,
667 2357 780 2418 obviam
803 2367 832 2417 et
850 2358 1048 2433 illaboratam,
1074 2366 1180 2417 tantum
1202 2358 1268 2434 quia

250 2443 329 2506 nati
352 2443 456 2516 simus,
478 2441 644 2501 habeamus.
680 2441 836 2502 Abstinens
859 2444 929 2518 erit,
954 2442 1047 2520 quiid
1064 2443 1173 2519 ipsum,
1200 2440 1277 2518 quid*
1339 2439 1342 2446 '

246 2531 305 2590 'sit
323 2524 506 2601 abstinentia,
524 2522 660 2603 ignoret?
679 2525 717 2586 Et
728 2527 824 2602 fortis,
841 2527 889 2604 qui
904 2535 996 2585 metus
1012 2525 1137 2601 doloris,
1155 2527 1295 2600 mortim

259 2610 488 2689 superstitionis
506 2609 583 2671 nulla
598 2611 710 2669 ratione
724 2607 915 2688 purgaverit?
938 2609 975 2669 ldt
990 2610 1098 2684 iustus,
1119 2611 1167 2689 qui
1181 2609 1268 2687 aequi

252 2695 400 2770 bonique
415 2701 583 2770 tractatum,
601 2695 649 2772 qui
666 2693 766 2770 leges,
791 2711 924 2772 quaeque
942 2701 1041 2754 natura
1057 2702 1122 2752 sunt
1137 2692 1267 2753 omnibus

260 2783 355 2842 datae
371 2795 504 2856 quaeque
520 2779 656 2857 propriae
671 2777 787 2856 populis
805 2786 833 2837 et
844 2777 979 2855 gentibus
997 2779 1180 2853 constitutae,
1198 2794 1267 2837 nun·

263 2879 355 2944 quam
370 2862 527 2922 eruditiore
545 2862 642 2940 aliquo
658 2879 791 2921 sermone
808 2859 956 2922 tractarit?
986 2860 1010 2920 Ο
1027 2875 1110 2940 quam
1126 2861 1201 2922 istud
1217 2878 1267 2938 pa·

263 2963 334 3008 rum
348 2954 463 3022 putant,
481 2945 584 3025 quibus
599 2954 656 3006 tam
670 2946 756 3005 facile
773 2946 901 3007 videtur!
933 2946 992 3006 Sed
1007 2947 1064 3006 hoc
1078 2954 1207 3019 transeo,
1227 2943 1293 3004 det
1308 2955 1317 2975 ⁸

267 3044 331 3110 quo
346 3031 500 3106 neminem,
524 3031 572 3109 qui
592 3029 702 3089 litteras
716 3030 766 3089 vel
781 3031 896 3107 primis,
914 3039 945 3090 ut
959 3032 1051 3105 aiunt,
1074 3027 1161 3087 labris
1177 3027 1267 3103 degu-

267 3111 370 3186 starit‚
393 3094 581 3174 dubitaturum
602 3123 682 3193 puto.
715 3114 760 3175 Ad
781 3113 853 3174 illud
874 3132 1000 3192 sequens
1021 3120 1207 3190 praevertat,
1230 3128 1267 3170 ne

267 3195 385 3259 dicendi
408 3197 521 3274 quidem
543 3199 612 3257 satis
633 3198 755 3276 peritum
768 3197 850 3272 iore,
872 3200 920 3275 qui
942 3214 999 3256 non
1023 3203 1053 3255 et
1072 3204 1190 3255 naturae
1210 3195 1267 3253 vim

268 3295 385 3341 omnem
407 3282 520 3357 penitus
540 3282 725 3360 perspexerit
746 3290 775 3340 et
793 3298 889 3340 mores
911 3279 1077 3358 praeceptis
1099 3296 1134 3338 ac
1153 3279 1266 3338 ratione

266 3363 409 3426 formarit.
440 3362 543 3441 Neque
566 3367 641 3425 enim
661 3365 767 3424 frustra
790 3364 819 3424 in
834 3366 920 3424 tertio
942 3364 978 3424 de
994 3361 1117 3422 Oratore
1137 3362 1211 3422 libro
1230 3361 1292 3427 bs

270 3447 399 3508 Crassus
422 3456 539 3523 cuncta,
563 3465 637 3526 quae
659 3449 696 3509 de
716 3464 829 3526 aequo,
853 3450 945 3523 iusto,
968 3464 1055 3523 vero,
1071 3445 1148 3506 bono
1171 3446 1266 3524 deque

269 3535 326 3605 iis,
345 3547 421 3607 quae
437 3539 502 3589 sunt
518 3535 743 3611 contraposita,
760 3533 908 3605 dicantur,
924 3531 1042 3609 propria
1057 3548 1124 3590 esse
1142 3533 1266 3591 oratoris

268 3615 411 3690 affirmat,
428 3632 462 3674 ac
477 3613 685 3695 philosophos,
702 3633 765 3676 cunr
782 3633 816 3675 ea
834 3614 946 3674 dicendi
963 3614 1071 3674 viribus
1085 3623 1209 3690 tuentur,
1224 3615 1266 3673 uti

268 3700 418 3760 rhetorum
441 3699 526 3758 armis
550 3715 608 3758 non
632 3700 701 3759 suis.
739 3699 819 3760 idem
838 3707 933 3757 tamen
957 3699 1124 3775 confitetur,
1151 3694 1186 3758 ed
1210 3699 1266 3757 ianr

271 3802 340 3846 esse
362 3801 378 3843 a
401 3782 585 3864 philosophia
604 3783 744 3863 peteuda,
773 3783 912 3843 videlicet
935 3784 1000 3863 quia
1020 3785 1111 3861 magis
1127 3782 1202 3842 haec
1223 3780 1265 3839 illi
