3184 4409
315 427 376 488 240
654 441 692 490 nr.
711 439 789 489 rna.
812 438 1037 502 quarumnam

315 615 514 676 nonnunquam
531 598 638 656 excidit
658 598 720 676 ipsa
741 595 893 655 simulatio.
924 596 995 656 Inde
1012 597 1206 661 immodeste
1227 617 1312 679 propo

273 692 307 745 13
316 692 394 755 nunt,
411 685 472 740 sine
489 683 599 759 pudore
615 681 764 741 affirmant.
795 682 931 758 Sequitur
946 682 973 738 in
988 682 1036 757 iis,
1055 700 1143 760 quac
1161 695 1272 745 certum
1284 694 1313 744 cst

316 767 392 825 cilici
408 783 464 825 non
481 783 588 844 posse,
611 765 749 824 deformis
769 766 928 842 pertinacia
945 774 974 824 et
995 766 1102 825 irritus
1122 768 1226 829 labor.
1262 768 1314 829 Nan

244 838 254 857 ⁸
314 853 388 909 sicot
409 852 436 909 in
458 852 516 910 vita
534 851 561 908 in
585 851 679 908 causis
702 866 820 928 quoque
842 866 912 926 spes
935 849 1087 927 improbas
1105 852 1236 913 habent.
1264 852 1314 912 Fre

315 942 437 1012 quanter
462 944 556 1001 autern
577 934 697 1009 accidit,
726 942 756 991 ut
781 933 825 992 his
847 934 933 991 etiam
957 951 1029 993 vera
1055 935 1241 997 dicentibus
1262 937 1314 998 tto

315 1018 398 1092 desit,
414 1019 604 1095 videaturque
618 1016 683 1076 talis
699 1017 857 1076 advocatus
872 1017 965 1076 malae
982 1034 1094 1077 causae
1113 1031 1314 1097 argumentun

273 1113 307 1165 14
402 1101 484 1161 Nunc
505 1103 541 1162 de
563 1104 598 1160 iis
620 1101 770 1160 dicendum
794 1109 856 1176 est,
880 1101 1044 1177 quaemihi
1066 1107 1164 1180 quasi
1181 1093 1316 1185 conspire

317 1191 395 1246 tione
414 1186 534 1264 quadam
551 1185 631 1262 vulgi
652 1185 802 1244 reclamari
821 1184 962 1244 videntur.
994 1183 1108 1245 Orator
1125 1207 1208 1266 ergo
1226 1190 1317 1250 Deme

313 1273 430 1330 sthenes
456 1267 602 1329 nonfuit?
625 1271 703 1347 atqui
724 1269 827 1328 malum
849 1271 940 1327 virum
962 1271 1153 1346 accepimus.
1193 1273 1265 1334 Non
1285 1272 1317 1333 o·-

314 1352 405 1415 cero?
421 1356 498 1432 atqui
512 1354 595 1413 huius
612 1370 727 1431 quoque
742 1371 838 1411 mores
854 1353 934 1412 multi
948 1353 1229 1431 reprehenderunt.
1260 1356 1319 1433 Quid

314 1436 418 1516 agam?
434 1457 535 1516 magna
551 1439 685 1515 responsi
700 1438 805 1496 invidia
822 1437 968 1498 subeunda
985 1445 1041 1514 est,
1057 1439 1253 1517 mitigandae
1269 1448 1320 1501 sm

271 1535 304 1587 15
312 1526 390 1601 prius
408 1540 503 1582 aures.
535 1521 603 1581 Mihi
625 1523 700 1581 enim
723 1540 777 1581 nec
794 1520 1008 1581 Demosthenes
1030 1530 1089 1581 tam
1109 1527 1202 1600 gravi
1220 1543 1319 1587 moron

314 1609 416 1684 dignus
431 1607 543 1666 videtur
558 1604 680 1680 invidia,
705 1615 736 1664 ut
759 1606 871 1680 omnia,
897 1623 970 1684 quac
993 1605 1022 1665 in
1044 1624 1115 1666 eum
1140 1608 1179 1668 ab
1206 1612 1319 1670 inimicit

314 1700 454 1767 congesta
469 1699 547 1764 sunt,
572 1690 704 1765 credam,
728 1708 791 1749 cum
813 1689 1004 1767 pulcherrima
1021 1691 1084 1748 eius
1102 1692 1134 1750 in
1152 1711 1188 1752 re
1210 1694 1320 1773 publica

272 1785 305 1837 16
314 1774 433 1835 consilia
460 1782 489 1833 et
515 1774 600 1833 finem
626 1775 703 1834 vitae
732 1774 840 1833 clarum
866 1773 974 1850 legam;
1012 1791 1068 1833 nec
1092 1773 1206 1837 Marco
1234 1777 1319 1838 Tullio

314 1859 442 1920 defuisse
459 1859 545 1918 video
568 1859 596 1916 in
617 1857 676 1917 ulla
693 1867 774 1936 parte
791 1858 861 1918 civis
877 1857 975 1936 optimi
990 1857 1188 1920 voluntatem.
1235 1862 1318 1922 Teati

313 1944 407 2003 monio
421 1953 466 2002 est
478 1951 558 2002 actus
573 1941 751 2001 nobilissime
770 1942 944 2015 consulatus,
960 1942 1154 2018 integerrime
1170 1946 1319 2023 provincia

313 2028 505 2087 administrata
528 2035 557 2085 et-
580 2025 745 2103 repudiatus
768 2027 991 2102 vigintiviratus,
1015 2033 1044 2085 et
1061 2027 1208 2088 civilibus
1228 2030 1316 2102 bellis,

254 2123 256 2126 ⁴
314 2114 431 2190 quaein
447 2120 572 2170 aetatem
587 2112 649 2169 eius
664 2111 834 2186 gravissima
848 2109 1017 2185 inciderunt,
1036 2127 1136 2188 neque
1152 2131 1213 2191 spe
1230 2131 1317 2193 neque

312 2205 388 2254 meto
408 2195 570 2254 declinatus
587 2196 712 2268 animus,
736 2211 792 2271 quo
816 2195 906 2253 minus
929 2195 1044 2273 optimis
1063 2212 1097 2252 se
1114 2197 1274 2274 partibus,
1295 2196 1314 2256 id

273 2285 304 2339 17
314 2290 358 2339 est
373 2279 416 2338 rei
431 2279 581 2358 publicae,
604 2281 746 2355 iungeret.
783 2277 884 2337 Parum
905 2279 987 2337 fortis
1001 2277 1117 2338 videtur
1134 2281 1313 2358 quibusdan,

314 2363 416 2442 quibus
445 2365 551 2442 optime
577 2363 728 2440 respondit
752 2364 832 2440 ipse,
861 2382 921 2424 oon
943 2383 975 2424 se
998 2363 1138 2423 tiocidum
1159 2366 1197 2425 in
1222 2367 1312 2428 camd·

310 2449 433 2527 piendis
448 2449 505 2508 sed
518 2449 550 2508 in
563 2448 766 2525 providendis
778 2447 946 2524 periente
974 2446 1051 2524 quod
1068 2446 1213 2524 probavit
1228 2458 1312 2509 morte

271 2538 305 2590 18
314 2549 429 2610 quoquc
446 2533 525 2609 ipsa,
552 2550 635 2609 quam
650 2532 897 2609 praestantissimo
914 2532 1043 2608 suscepit
1058 2531 1165 2590 animo.
1209 2531 1312 2608 Quodsi

314 2616 404 2675 deicit
419 2616 463 2674 his
479 2617 547 2673 viris
565 2633 672 2674 summa
687 2618 792 2674 virtus:
821 2617 864 2674 sie
879 2614 1101 2693 quaerentibus,
1126 2633 1163 2674 an
1183 2628 1312 2677 oratores

313 2700 434 2774 fuerint,
458 2699 661 2777 respondebo,
687 2698 832 2776 quomodo
849 2700 955 2772 Stoici,
976 2700 1001 2757 si
1024 2699 1263 2777 interrogentur,
1281 2718 1311 2759 au

313 2785 429 2861 sapiens
454 2782 551 2858 Zeno,
572 2802 607 2842 an
631 2781 803 2858 Cleanthes,
828 2801 863 2842 an
881 2781 1077 2862 Chrysippus,
1103 2786 1310 2862 respondeant,

313 2865 442 2945 Mopnos
464 2869 585 2944 quidem
600 2868 667 2927 idos
689 2886 728 2928 cc
742 2868 949 2942 venerabiles,
968 2877 1143 2928 nontamen
1157 2870 1212 2945 td,
1238 2868 1312 2948 quod

270 2955 424 3012 19ootoro
444 2952 571 3014 hominis
590 2970 738 3010 commum
761 2951 868 3027 habet,
896 2958 1081 3012 consecutor.
1116 2949 1193 3011 Nam
1219 2963 1250 3014 et
1264 2953 1310 3027 rv-

313 3036 450 3112 thagoras
473 3053 530 3093 non
553 3036 713 3112 sapientem
736 3053 784 3110 se,
812 3044 843 3094 ut
864 3035 912 3113 qui
934 3044 999 3093 ante
1020 3052 1083 3094 eum
1104 3033 1243 3112 fuerunt,
1265 3033 1311 3095 sed

313 3122 471 3179 studiosum
496 3121 655 3196 sapientiae
679 3121 778 3179 vocari
803 3119 904 3178 voluit.
941 3117 1007 3194 Ego
1033 3128 1130 3178 tamen
1155 3121 1311 3180 secundun

313 3221 492 3263 communem
518 3204 654 3281 loquendi
681 3202 916 3263 consuetudinem
943 3220 1034 3280 saepe
1060 3202 1119 3261 dixi
1148 3203 1310 3282 dicamque,

312 3287 474 3364 perfectum
490 3297 635 3347 oratorem
653 3305 720 3347 esse
737 3284 923 3355 Ciceronem3
940 3295 970 3346 ut
989 3288 1097 3345 amicos
1112 3296 1144 3345 et
1158 3286 1258 3348 bonos
1275 3289 1310 3346 vi·

312 3387 362 3427 ros
378 3381 407 3429 et
427 3373 666 3449 prudentissimos
684 3371 803 3431 dicimus
819 3371 925 3447 vulgo,
948 3386 1068 3449 quorurm
1086 3369 1158 3430 nihil
1172 3372 1231 3431 nisi
1249 3390 1310 3451 per·

312 3453 391 3512 fecte
416 3456 539 3532 sapienti
564 3457 653 3515 datur.
687 3456 745 3514 Sed
767 3474 830 3514 cum
850 3457 969 3533 proprIe
992 3462 1021 3514 et
1043 3453 1078 3514 ad
1099 3453 1199 3531 legem
1223 3458 1310 3535 ipsam

312 3539 442 3595 veritatis
462 3539 635 3616 loquendum
651 3542 720 3598 erit:
744 3558 808 3599 eum
829 3556 965 3616 quaeram
988 3548 1150 3613 oratorem,
1173 3557 1262 3617 quem
1284 3548 1311 3598 et

269 3622 361 3682 thille
388 3622 555 3698 quaerebat.
593 3623 760 3701 Quanquam
788 3623 862 3682 eninr
886 3625 1003 3682 stetisse
1027 3624 1120 3701 ipsum
1144 3625 1173 3682 in
1193 3623 1309 3700 fastigio

312 3706 420 3782 fateor,
438 3724 472 3765 ac
487 3708 552 3783 vix,
570 3708 636 3785 quid
657 3709 741 3773 adiici
758 3708 901 3787 potuerit,
923 3708 1054 3784 invenio,
1070 3706 1198 3768 fortasse
1213 3711 1308 3771 iuven·
