3184 4409
584 519 1007 590 msr.onnr01t.u1n.x‚1.
1239 509 1298 574 tto

290 692 414 754 semper
429 676 536 735 instans
553 677 607 736 sibi
625 669 877 754 Thucydides,
902 678 994 738 dulcis
1011 688 1039 738 et
1055 678 1191 739 candidus
1208 687 1237 738 et
1253 678 1297 738 lu·

290 777 344 820 sus
359 759 587 828 Herodotus:
610 761 661 821 ille
684 762 835 820 concitatis
857 761 903 821 hic
926 764 1054 822 remissis
1070 762 1220 823 affectibus
1238 780 1297 823 rue·

290 844 366 919 lior,
382 844 434 903 ille
449 845 631 904 contionibus
652 845 700 904 hic
723 845 919 920 sermonibus,
943 847 993 906 ille
1016 849 1045 906 vi
1067 847 1114 906 hic
1135 847 1296 925 voluptate.

291 926 551 1007 Theopompus
572 928 616 987 his
632 931 780 1007 proximus
795 938 827 987 ut
842 930 869 987 in
884 930 1004 990 historia
1019 931 1175 1009 praedietis
1193 933 1295 1005 minor,
1302 939 1337 996 tc

290 1013 332 1071 ita
349 1014 456 1072 oratori
475 1014 565 1088 magis
589 1013 704 1088 similis,
725 1021 756 1071 ut
777 1015 841 1090 qui,
868 1023 1019 1090 antequam
1042 1025 1087 1073 est
1103 1015 1137 1073 ad
1153 1013 1297 1093 hocopus

291 1094 483 1172 sollicitatus,
504 1097 551 1156 diu
574 1097 662 1157 luerit
685 1106 792 1156 orator.
830 1096 1010 1158 Philistus
1028 1115 1144 1176 quoque
1159 1107 1296 1175 meretur,

293 1179 343 1256 qui
366 1178 467 1238 turbae
492 1182 623 1258 quamvis
642 1179 782 1239 honorum
806 1189 874 1258 post
898 1198 949 1240 eos
971 1192 1120 1241 auctorum
1146 1184 1295 1256 eximatur,

291 1263 419 1322 imitator
433 1262 608 1339 Thucydidis
625 1273 654 1323 et
671 1274 700 1324 ut
715 1265 803 1324 multo
825 1264 961 1324 infirmior
977 1268 1015 1325 ita
1031 1267 1211 1344 aliquatenus
1226 1266 1297 1325 luci-

293 1345 367 1405 dior.
396 1345 586 1425 Ephorus,
608 1358 639 1408 ut
655 1347 776 1408 Isocrati
793 1349 902 1423 visum,
926 1349 1089 1409 calcaribus
1111 1358 1189 1426 eget.
1225 1347 1339 1414 Gli-75

291 1430 414 1490 tarchi
437 1431 576 1510 probatur
597 1434 752 1509 ingenium,
775 1432 847 1492 fides
863 1432 1021 1492 infamatur.
1054 1433 1155 1511 Longo
1171 1442 1238 1511 post
1255 1436 1296 1493 in-

292 1514 418 1574 tervallo
435 1518 669 1594 temporisnatus
691 1516 905 1592 Timagenes
925 1517 982 1576 hoc
1004 1527 1049 1577 est
1073 1516 1121 1577 vel
1142 1519 1207 1595 ipso
1228 1534 1295 1595 pro·

291 1596 408 1672 habilis,
426 1598 502 1676 quod
518 1602 707 1660 intermissam
722 1601 857 1660 historias
881 1600 1025 1660 scribendi
1041 1601 1207 1663 industriam
1222 1618 1296 1662 nora

294 1681 380 1741 laude
401 1685 557 1760 reparavit.
596 1683 801 1764 Xenophon
831 1701 888 1743 non
913 1685 1021 1745 excidit
1047 1686 1114 1746 mihi
1142 1685 1194 1744 sed
1221 1687 1297 1745 inter

294 1765 487 1844 philosophos
502 1768 667 1828 reddendus
683 1778 739 1828 est.

379 1850 515 1929 Sequitur
539 1862 725 1912 oratorum
749 1854 851 1930 ingens
867 1870 981 1929 manus,
1005 1860 1036 1912 ut
1056 1871 1119 1912 cum
1140 1853 1242 1913 decern
1259 1855 1339 1916 si-to

293 1932 353 1992 mul
367 1933 487 1993 Athenis
503 1944 584 1995 aetas
599 1953 655 1996 una
670 1937 776 1998 tulerit.
807 1935 935 2010 Quorum
958 1937 1047 2014 longe
1071 1938 1208 2016 princeps
1225 1937 1295 1998 De·

292 2017 507 2078 mos'thenes
529 2037 563 2079 ac
584 2038 677 2098 paene
692 2021 742 2081 lex
758 2020 857 2080 orandi
873 2021 940 2088 luit;
959 2031 1043 2080 'tanta
1059 2022 1103 2079 vis
1119 2023 1148 2079 in
1164 2038 1216 2097 eo,
1240 2030 1296 2081 tam
1312 2081 1315 2084 ,

293 2100 385 2161 densa
405 2104 513 2177 omnia,
537 2105 576 2163 ita
599 2104 767 2182 quibusdam
794 2106 891 2164 nervis
913 2106 1021 2164 intenta
1045 2114 1126 2180 suut,
1148 2113 1204 2164 tarn
1227 2105 1296 2166 nihil

294 2185 429 2260 otiosum,
446 2188 470 2260 is
488 2187 603 2247 dicendi
617 2189 733 2264 modus,
752 2199 783 2248 ut
797 2206 853 2248 nec
870 2189 946 2266 quod
963 2191 1037 2250 desit
1051 2190 1079 2247 in
1096 2205 1132 2267 eo
1148 2207 1203 2247 nec
1219 2188 1296 2267 quod

293 2268 435 2329 redundet
456 2271 596 2331 invenias.
633 2272 750 2333 Plenior
770 2273 981 2333 Aeschines
1002 2282 1031 2332 et
1053 2273 1143 2348 magis
1166 2272 1246 2331 lusus
1267 2279 1338 2335 etii

293 2352 440 2429 grandiori
456 2355 575 2432 similis,
598 2359 762 2433 quominus
779 2357 897 2416 strictus
915 2365 974 2425 est;
999 2357 1092 2416 earnis
1114 2365 1208 2415 tamen
1230 2357 1296 2435 plus

292 2435 392 2512 hahet,
408 2439 499 2498 minus
515 2440 698 2501 lacertorum.
736 2440 838 2501 Dulcis
857 2442 997 2518 inprimis
1013 2450 1042 2500 et
1057 2450 1157 2499 acutus
1172 2439 1295 2520 Hype-

293 2520 412 2596 rides,
434 2523 486 2582 sed
503 2524 659 2584 minorihus
676 2527 787 2602 causis,
809 2533 840 2584 ut
864 2542 921 2583 non
936 2526 1056 2584 dixerim
1070 2525 1184 2599 utilior,
1205 2526 1297 2601 magis

292 2622 357 2682 par.
396 2603 447 2664 llis
470 2615 564 2668 aetate
584 2607 713 2684 Lysias
739 2612 845 2684 maior,
878 2607 991 2668 subtilis
1013 2618 1099 2687 atque
1125 2609 1246 2684 elegans
1268 2614 1340 2670 etii}

293 2705 353 2766 quo
380 2688 466 2765 nihil,
492 2692 517 2751 si
538 2695 646 2753 oratori
671 2695 741 2754 satis
765 2703 811 2753 est
833 2692 957 2768 docere,
985 2711 1108 2771 quaeras
1126 2692 1294 2770 perfectius.

292 2770 371 2831 Nihil
388 2774 463 2833 enim
478 2784 522 2834 est
537 2776 630 2852 inane,
648 2777 717 2837 nihil
733 2778 917 2843 arcessitum
933 2795 1007 2855 puro
1020 2786 1116 2836 tamen
1126 2776 1197 2836 fonti
1213 2794 1296 2853 quam

292 2872 397 2932 magno
410 2856 516 2919 llumini
527 2862 657 2939 propior.
682 2861 875 2921 Isocrates
890 2861 1047 2920 indiverso
1061 2879 1172 2937 genere
1184 2858 1338 2924 diceudi79

293 2939 400 3000 nitidus
415 2949 446 3000 et
462 2953 595 3022 comptus
611 2953 647 3004 et·
655 2946 821 3022 palaestrae
842 2962 926 3023 quam
943 2963 1058 3024 pugnae
1073 2946 1165 3020 magis
1181 2960 1295 3003 accom-

292 3022 425 3085 modatus
443 3041 543 3087 ornnes
559 3027 673 3089 dicendi
687 3028 821 3089 Veneres
838 3038 966 3088 sectatus
983 3039 1044 3102 est,
1070 3028 1295 3094 necimmerito:

294 3107 444 3169 auditoriis
462 3112 536 3171 euim
557 3131 591 3172 se
606 3130 663 3173 non
678 3113 790 3174 iudiciis
809 3121 1006 3191 compararat;
1030 3113 1058 3170 in
1075 3111 1239 3170 inventione
1254 3111 1296 3171 la·

294 3190 379 3268 cilis,
401 3193 516 3254 honesti
538 3196 703 3273 studiosus,
726 3198 754 3256 in
778 3198 989 3276 compositione
1010 3195 1083 3256 adeo
1105 3193 1245 3271 diligens,
1266 3204 1298 3255 ut

293 3293 363 3334 eura
380 3277 443 3336 eius
457 3280 696 3357 reprehendatur.
724 3280 828 3360 Neque
841 3298 898 3357 ego
910 3283 938 3340 in
949 3280 1004 3355 his,
1020 3280 1056 3340 de
1071 3277 1172 3357 quihus
1184 3278 1340 3342 loeutusao

292 3377 366 3435 sum,
382 3361 435 3421 has
451 3363 530 3423 solas
545 3366 667 3424 virtutes
681 3365 734 3425 sed
749 3365 801 3426 has
818 3365 990 3443 praecipuas
1007 3373 1094 3442 puto,
1110 3381 1166 3423 nec
1181 3372 1298 3424 ceteros

292 3460 394 3520 parum
408 3445 499 3506 luisse
513 3465 644 3526 magnos.
676 3447 751 3521 Quin
767 3451 851 3509 etiarn
868 3448 1051 3509 Phalerea
1066 3447 1146 3506 illum
1167 3447 1297 3508 Deme·

291 3527 416 3604 trium,
441 3548 603 3609 quanquam
622 3532 647 3592 is
665 3533 772 3611 primus
796 3533 950 3592 inclinasse
973 3531 1168 3610 eloquentiam
1184 3531 1296 3606 dicitur,

291 3610 412 3672 multum
426 3615 534 3690 ingenii
547 3615 685 3676 hahuisse
701 3626 730 3676 et
745 3616 896 3676 facundiae
913 3615 1026 3692 iateor,
1048 3615 1097 3675 vel
1113 3615 1150 3675 oh
1165 3616 1222 3676 hoc
1238 3632 1297 3672 me·

291 3696 386 3757 moria
400 3695 528 3775 dignum,
544 3699 623 3778 quod
637 3699 752 3761 ultimus
768 3710 814 3761 est
828 3701 892 3761 iere
908 3716 945 3760 ex
961 3698 1081 3778 Atticis,
1098 3702 1146 3778 qui
1159 3699 1214 3759 dici
1229 3712 1296 3775 pos-
