3184 4409
353 464 418 530 240
667 480 1029 542 massmannum

352 637 459 697 iactum
475 645 596 695 venuste
611 637 717 695 nostris
735 635 914 715 temporibus
932 636 1018 697 elusit
1032 636 1133 696 Vibius
1153 621 1285 718 Crispus,
1299 641 1338 700 rin

351 722 459 799 ingenii
475 721 586 780 iucundi
604 729 632 779 et
648 719 806 796 elegantis:
823 719 889 799 Epo
899 740 981 796 vero,
997 722 1097 799 inquit,
1112 725 1172 783 isto
1182 742 1244 785 mon
1256 726 1339 794 dicat

308 807 428 884 nequid
441 807 519 867 enim
536 807 641 865 attinet
653 805 707 864 illa
724 805 771 864 bie
786 805 872 864 dici?
902 803 1110 883 Nonnunquam
1127 815 1223 866 tamen
1237 807 1337 886 aliquid

351 889 444 949 simile
460 889 678 948 contradictioni
695 889 763 965 poni
782 897 892 965 potest,
908 889 933 947 si
947 888 1014 966 quid
1027 888 1062 948 ab
1075 890 1243 951 adversario
1256 901 1336 950 testa·

350 973 474 1034 tionibus
498 971 736 1050 comprehensum
758 972 785 1029 in
807 972 1046 1031 advocationibus
1066 975 1203 1034 iactatum
1224 977 1277 1044 sit;
1297 993 1335 1034 re·

278 1123 286 1138 .
350 1056 553 1136 spondebimus
570 1057 643 1115 enim
659 1058 701 1114 rei
717 1054 753 1114 ab
772 1055 830 1114 illis
846 1056 957 1132 dictae,
983 1073 1040 1115 non
1064 1074 1080 1117 a
1095 1057 1178 1117 nobis
1195 1059 1340 1136 excogita·

349 1153 412 1210 tae;
441 1150 503 1216 aut,
529 1142 553 1198 si
573 1139 601 1199 id
624 1157 716 1215 genus
738 1141 792 1197 erit
811 1157 933 1214 causae,
960 1148 990 1198 ut
1013 1157 1182 1218 proponere·
1200 1144 1336 1220 possimos

351 1235 448 1301 certa,
470 1233 550 1283 extra
574 1241 647 1300 quae
668 1222 724 1282 dioi
740 1223 809 1281 nihil
826 1225 936 1300 possit:
962 1233 1008 1299 ut,
1038 1243 1102 1283 eum
1122 1243 1171 1284 res
1191 1225 1336 1287 iurtirair

350 1311 434 1370 domo
452 1308 633 1386 deprebensa
649 1308 696 1382 sit,
713 1306 789 1365 dieat
800 1324 924 1366 neeesse
938 1316 982 1367 est
993 1326 1072 1382 reus,
1089 1317 1137 1367 aut
1148 1326 1181 1368 se
1192 1311 1340 1386 ignorante·

349 1395 456 1454 illatam
474 1401 521 1451 aut
536 1392 696 1468 depositam
713 1389 787 1467 apud
804 1408 837 1448 se
849 1391 1039 1451 autdonatam
1055 1391 1123 1461 sibi;
1142 1392 1245 1472 quibus
1257 1394 1340 1454 omri-¹

307 1478 413 1551 50bus,
430 1475 541 1535 etiamsi
565 1477 714 1552 proposita
738 1491 794 1532 non
810 1483 892 1550 sunt,
918 1475 1090 1553 responderi
1110 1485 1219 1554 potest.
1257 1478 1339 1537 Atia

350 1561 459 1621 sobolis
477 1567 556 1618 recte
572 1558 750 1635 plenioribus
768 1566 797 1616 et
813 1557 1300 1639 contradictionibusoccurremus,
1314 1568 1340 1620 ut

349 1647 377 1704 in
391 1654 541 1720 utrumque
556 1642 661 1717 locum,
678 1643 705 1702 id
721 1650 766 1700 est
784 1643 903 1718 primum
919 1651 948 1702 et
964 1643 1138 1719 secundum,
1157 1645 1241 1705 simul
1258 1645 1340 1723 pluri·

348 1746 423 1788 mum
446 1743 644 1785 exerceamur.
683 1724 767 1799 Quod
788 1727 842 1783 nisi
863 1725 1038 1802 fecerimus,
1070 1745 1212 1805 nunquam
1233 1738 1341 1789 utemur

251 1816 257 1828 '
350 1811 592 1877 contradictione;
609 1827 666 1868 non
683 1813 756 1868 enim
772 1811 842 1884 erit,
862 1811 907 1869 cui
924 1809 1161 1888 respondeamus.

308 1914 340 1964 51
433 1894 486 1954 Est
501 1903 530 1953 et
544 1890 616 1953 illud
631 1896 731 1953 vitium
743 1911 876 1969 magnum
891 1894 1018 1954 sollicite
1035 1903 1064 1953 et
1081 1895 1159 1954 circa
1175 1895 1271 1954 omnia
1286 1912 1340 1955 mo·

349 1989 444 2039 menta
461 1979 609 2046 luctantis;
627 1986 791 2056 suspectam
807 1979 881 2036 enim
896 1977 965 2037 iacit
980 1979 1067 2037 iudici
1083 1996 1217 2053 causam,
1243 1987 1274 2038 et
1288 1979 1341 2039 ire·

350 2073 482 2143 quenter,
505 2081 578 2141 quae
597 2064 692 2120 statim
707 2062 782 2122 dicta
800 2078 912 2120 omnem
928 2061 1132 2133 dubitationem
1148 2061 1341 2138 sustulissent,

350 2149 435 2209 dilata
450 2150 521 2226 ipsis
539 2144 807 2225 praeparationibus
824 2145 908 2205 fidem
924 2147 1061 2223 perdunt,
1078 2147 1143 2224 quia
1161 2155 1301 2224 patronus
1316 2155 1343 2206 et

349 2233 412 2292 aliis
431 2233 585 2293 crediderit
601 2248 674 2309 opus
690 2231 790 2289 fuisse.
826 2228 971 2288 Fiduciam
991 2231 1077 2306 igitur
1098 2239 1198 2288 orator
1217 2245 1291 2307 prae
1312 2248 1343 2290 se

349 2317 423 2375 ierat
439 2334 612 2393 semperque
628 2316 666 2373 ita
683 2314 775 2389 dicat,
794 2323 928 2391 tanquam
944 2314 979 2372 de
997 2331 1083 2372 eausa
1099 2316 1208 2390 optime
1223 2315 1343 2381 sentiat:

307 2400 427 2477 52quod
451 2403 525 2459 sieut
548 2399 640 2458 omnia
662 2399 690 2455 in
719 2397 860 2457 Cicerone
883 2400 1069 2475 praecipuum
1099 2405 1153 2456 est.
1199 2396 1271 2457 Nam
1294 2397 1345 2458 illa

350 2501 456 2542 summa
473 2501 541 2542 cura
558 2483 721 2540 securitatis
738 2490 782 2540 est
799 2480 916 2555 similis,
938 2489 1074 2558 tantaque
1095 2483 1124 2539 io
1146 2482 1280 2540 oratione
1296 2498 1344 2540 au·

350 2568 486 2640 ctoritas,
508 2575 538 2624 ut
559 2564 736 2643 probationis
759 2565 855 2624 locum
877 2564 1005 2624 obtineat
1026 2564 1156 2624 dubitare
1181 2564 1267 2623 nobis
1289 2581 1346 2624 nor

350 2649 528 2710 audentibus.
561 2648 663 2722 Porro,
681 2650 728 2725 qui
746 2651 860 2722 scierit,
885 2650 953 2726 quid
971 2666 1037 2727 pars
1053 2649 1193 2722 adversa,
1209 2649 1280 2726 quid
1295 2666 1344 2707 no·

350 2743 409 2792 stra
424 2733 529 2791 habeat
542 2732 782 2806 valentissimum,
808 2731 894 2792 facile
918 2732 1069 2808 iudicabit,
1095 2732 1197 2811 quibus
1219 2735 1346 2792 maxime

349 2817 436 2876 rebus
452 2816 500 2875 vel
516 2816 725 2874 occurrendum
741 2820 777 2875 sit
794 2817 842 2875 vel
859 2817 1029 2875 instandum.
1308 2840 1314 2850 ⁴

307 2919 341 2973 53
435 2898 531 2960 Ordo
551 2900 665 2977 quidem
682 2902 711 2958 in
728 2909 810 2977 parte
826 2898 905 2958 nulla
920 2902 1010 2958 minus
1023 2901 1107 2960 affert
1118 2898 1236 2959 laboris.
1273 2899 1346 2960 Nam

350 2985 374 3044 si
392 2987 518 3062 agimus,
539 2993 637 3043 nostra
654 2984 847 3044 confirmanda
862 2993 928 3042 sunt
944 2986 1081 3062 primum,
1104 2993 1179 3057 tum,
1200 3000 1277 3061 quae
1294 3001 1346 3043 no·

349 3071 416 3129 stris
435 3076 619 3147 opponuntur
634 3068 799 3135 relutanda;
822 3070 847 3128 si
864 3069 1089 3146 respondemus,
1111 3069 1189 3146 prius
1205 3067 1345 3146 incipien-

297 3153 415 3225 .54dum
431 3162 476 3212 est
492 3170 507 3210 a
522 3152 707 3212 refutatione.
745 3151 910 3212 Nascuntur
931 3162 1025 3212 autem
1043 3170 1080 3211 ex
1097 3151 1159 3226 his,
1183 3167 1258 3229 quac
1276 3168 1345 3210 con·

350 3237 512 3296 tradictioni
525 3238 722 3314 opposuimus,
740 3235 814 3296 aliae
828 3237 1080 3311 contradictiones,
1094 3244 1219 3312 euntque
1231 3235 1346 3294 interim

349 3319 478 3396 longius:
507 3328 537 3379 ut
566 3320 757 3396 gladiatorum
786 3338 902 3395 manus,
931 3338 1005 3398 quae
1025 3319 1170 3380 secundae
1192 3328 1345 3392 vocantur,

349 3403 418 3462 liunt
434 3412 463 3462 et
478 3406 597 3480 tertiae,
620 3405 644 3462 si
667 3406 721 3462 ista
742 3405 833 3481 prima
856 3403 891 3464 ad
907 3404 1066 3463 vocandum
1082 3403 1247 3462 adversarii
1259 3405 1346 3464 ictum

349 3486 463 3565 prolata
479 3496 557 3564 erat,
575 3497 604 3547 et
619 3497 755 3566 quartae,
772 3489 796 3546 si
812 3490 955 3565 geminata
971 3490 1097 3566 captatio
1113 3496 1174 3561 est,
1190 3495 1221 3544 ut
1235 3485 1281 3545 bis
1297 3503 1344 3545 ea-

308 3586 432 3646 55vere,
442 3568 492 3629 bis
508 3581 644 3649 repetere
661 3573 831 3650 oportuerit.
859 3570 939 3645 Quae
952 3575 1024 3631 ratio
1037 3580 1067 3630 et
1079 3571 1154 3630 ultra
1169 3570 1259 3629 ducit.
1285 3567 1345 3629 Sed

349 3654 428 3715 illam
445 3655 540 3728 etiam,
559 3672 642 3733 qoam
657 3673 743 3733 supra
760 3656 888 3730 ostendi,
905 3655 1064 3733 simplicem
1080 3673 1118 3713 ex
1133 3653 1285 3713 affectibus
1303 3661 1344 3712 at·

351 3757 408 3817 pue
425 3757 463 3800 ex
478 3738 667 3799 affirmatione
683 3740 745 3800 sola
757 3739 958 3818 probationem
972 3741 1077 3820 recipit
1089 3738 1236 3815 relutatio,
1251 3736 1344 3817 qualis
