3184 4409
571 476 1012 545 mar.0nnr0n.n1n.1v,1.
1230 466 1289 528 153

246 628 248 657 ²
291 641 349 695 tear
373 631 453 693 launo
473 647 542 692 esse
564 639 630 692 ante
653 633 816 709 ingressum
839 634 899 708 rei,
927 633 963 692 de
993 649 1048 710 qua
1070 632 1219 693 dicendum
1240 636 1288 709 sit,

291 716 460 779 ostendunt.
498 715 569 775 Nam
589 717 651 775 sive
672 724 847 795 propterea,
869 716 945 794 quod
967 717 1035 792 οἴμη
1050 727 1160 778 cantus·
1174 727 1234 793 est,
1260 726 1317 785 eta

292 799 456 863 citharoedi
469 817 562 878 pauca
576 799 636 874 illa,
652 818 737 878 quae,
755 809 906 878 antequam
918 800 1073 876 legitimum
1089 811 1233 860 certamen
1248 804 1288 860 iu-

292 886 417 960 clnoeut,
443 884 589 943 emerendi
604 884 712 943 favoris
733 887 824 960 gratia
846 892 965 962 canunt,
986 887 1163 961 prooemium
1181 903 1289 962 cogno·

293 972 492 1043 minaverunt,
517 977 649 1027 oratores
668 985 784 1046 qnoque
808 987 860 1042 ea,
881 985 972 1044 qnae,
994 968 1158 1045 priusquam
1177 987 1290 1029 causam

293 1053 493 1128 exordiantur,
510 1052 545 1111 ad
558 1051 753 1112 conciliandos
767 1051 822 1110 sibi
837 1052 959 1111 iudicum
974 1053 1082 1109 animos
1095 1051 1288 1130 praeloquun-

293 1147 356 1214 tur,
378 1131 483 1197 eadem
505 1134 700 1213 appellatione
721 1138 882 1212 signarunt;
910 1137 989 1210 sive,
1012 1134 1088 1212 quod
1104 1127 1189 1208 οἷμον
1203 1136 1317 1202 iidem3

294 1220 500 1282 Graecinium
521 1218 683 1297 appellant,
706 1221 733 1280 id
755 1219 832 1296 quod
855 1228 919 1278 ante
935 1220 1096 1294 ingressum
1112 1219 1155 1276 rei
1176 1222 1291 1295 ponitur

294 1305 338 1365 sic
356 1320 468 1364 vocare
489 1311 534 1361 est
549 1305 719 1363 institutum:
741 1312 822 1363 certe
838 1305 1016 1382 prooemium
1032 1310 1092 1377 est,
1115 1302 1192 1378 qnod
1214 1303 1289 1380 apud

295 1387 421 1447 iudicem
435 1386 506 1460 dici,
528 1388 693 1464 priusquam
709 1405 823 1446 causam
842 1388 1022 1463 cognoverit,
1040 1386 1150 1464 possit;
1172 1388 1289 1445 vitiose·

296 1473 402 1548 quein
422 1469 532 1532 scholis
554 1470 688 1545 iacimus,
719 1471 795 1548 quod
822 1471 943 1530 exordio
972 1489 1089 1548 semper
1109 1471 1288 1544 siccamus,

297 1555 378 1632 quasi
400 1571 516 1614 causam
538 1553 625 1633 iudex
648 1557 702 1614 iam
724 1556 847 1614 noverit.
883 1552 970 1613 Cuius
988 1556 1030 1613 rei
1050 1555 1165 1614 licentia
1181 1573 1218 1613 ex
1232 1553 1318 1621 hoca

298 1646 360 1714 est,
381 1639 460 1717 quod
476 1644 542 1696 aute
557 1637 793 1697 declamationem
815 1638 865 1699 illa
886 1638 966 1697 velut
987 1640 1080 1715 imago
1097 1639 1154 1697 litis
1169 1639 1288 1715 exponi-

299 1729 352 1781 tur.
386 1721 448 1783 Sed
468 1723 497 1780 iu
517 1722 582 1781 foro
599 1739 714 1800 quoque
738 1723 905 1799 contingere
929 1722 1003 1781 istud
1019 1724 1223 1801 principiorum
1238 1740 1288 1798 ge·

299 1823 349 1864 nus
369 1805 506 1865 secundis
521 1806 680 1865 actionibus
696 1816 808 1884 potest;
827 1808 925 1885 primis
942 1806 1057 1883 quidem
1072 1824 1138 1866 raro
1154 1825 1288 1884 unquam,

299 1889 350 1948 nisi
365 1889 444 1949 forte
459 1889 535 1967 apud
548 1908 622 1964 eum,
644 1892 689 1949 cui
703 1909 751 1950 res
766 1893 821 1950 iam
838 1890 951 1949 aliunde
967 1899 1035 1950 nota
1051 1893 1098 1964 sit,
1116 1891 1244 1950 dicimus.

380 1970 499 2032 (lausa
530 1974 664 2071 principii
687 1974 766 2034 nulla
788 1974 844 2033 alia
868 1982 930 2046 est,
961 1991 1043 2050 quam
1063 1983 1094 2032 ut
1117 1975 1316 2048 auditorem,5

301 2073 354 2134 qno
371 2057 410 2115 sit
423 2055 536 2115 nobis
528 2075 561 2115 ιιι.
580 2059 686 2116 ceteris
703 2057 832 2156 partibus
853 2058 1111 2130 accommodatior,
1131 2074 1287 2135 praepare·

299 2158 368 2200 mus.
409 2139 443 2199 ld
464 2140 526 2198 lieri
541 2140 630 2199 tribus
652 2143 772 2200 maxime
787 2140 892 2216 rebus,
911 2141 985 2198 inter
999 2149 1134 2198 auctores
1149 2141 1288 2217 plurimos

301 2215 711 2321 constat,sibenivolum,
728 2232 926 2298 attentum,
947 2223 1287 2287 docilemiecerimus;

299 2325 352 2367 uon
367 2307 437 2385 quia
452 2309 506 2366 ista
521 2324 577 2366 non
592 2326 646 2386 per
665 2316 753 2366 totam
777 2309 918 2367 actionem
936 2308 991 2365 sint
1012 2306 1214 2381 custodienda,
1235 2305 1290 2364 sed

299 2393 363 2470 quia
377 2391 466 2450 initiis
483 2392 641 2469 praecipue
654 2392 831 2465 necessaria,
847 2409 901 2468 per
912 2408 985 2468 quae
1001 2392 1030 2450 in
1041 2392 1161 2451 animum
1174 2389 1287 2464 iudicis,

298 2484 326 2536 ut
339 2474 506 2554 procedere
523 2475 597 2534 ultra
612 2477 771 2552 possimus,
789 2475 968 2535 admittimur.

381 2557 677 2619 Benivolentiam
698 2568 745 2619 aut
767 2577 783 2618 a
805 2560 937 2638 personis
953 2558 1080 2617 ducimus
1096 2567 1174 2618 anta
1194 2557 1317 2624 cansis6

298 2643 467 2720 accipimus.
504 2641 562 2701 Sed
577 2660 817 2721 personarum
837 2659 894 2701 non
909 2651 969 2716 est,
990 2651 1021 2702 ut
1042 2641 1175 2720 plerique
1196 2641 1288 2700 credi·

298 2727 419 2799 derunt,
441 2726 549 2804 triplex
561 2727 650 2802 ratio,
674 2745 711 2786 ex
732 2726 877 2804 litigatore
898 2735 928 2785 et
946 2726 1111 2785 adversario
1139 2734 1168 2785 et
1183 2725 1287 2783 iudice.

297 2807 371 2870 Nam
387 2809 538 2868 exordium
554 2810 619 2869 duci
634 2827 833 2889 nonnunquam
851 2811 935 2869 etiam
952 2809 988 2868 ab
1012 2818 1138 2868 actore
1154 2821 1316 2877 causae?

299 2893 388 2952 solet.
425 2891 592 2971 Quanquam
610 2895 683 2952 enim
695 2896 833 2971 pauciora
849 2894 885 2953 de
902 2912 934 2952 se
950 2897 1014 2971 ipso
1029 2893 1098 2952 dicit
1114 2901 1142 2951 et
1156 2892 1289 2991 parcius:

298 2977 452 3055 plurimum
474 2985 568 3035 tamen
593 2977 739 3036 adomnia
760 2977 895 3036 momenti
916 2978 1009 3036 estin
1031 2976 1088 3035 hoc
1102 2977 1243 3054 positum,
1264 2973 1290 3032 si

298 3060 449 3120 virbonus
466 3061 601 3120 creditur.
639 3061 688 3120 Sic
703 3062 777 3120 enim
793 3061 946 3136 contingit,
970 3070 1001 3119 ut
1021 3077 1079 3118 non
1098 3060 1220 3119 studium
1240 3057 1289 3116 ad·

297 3146 396 3204 uocati
418 3143 548 3202 uideatur
569 3144 674 3203 afferre
696 3144 748 3203 sed
775 3162 868 3222 paene
897 3146 980 3203 testis
1005 3144 1100 3202 iidem
1132 3122 1270 3215 ''Quare
1261 3159 1290 3199 ιιι

278 3229 398 3306 ‘prinus
420 3229 599 3287 existimetur
625 3228 742 3286 venisse
770 3227 806 3287 ad
829 3229 969 3329 agendum
991 3228 1092 3286 ductus
1119 3226 1216 3285 allicio
1241 3224 1290 3284 vel

300 3312 481 3388 cognationis
496 3311 544 3371 vel
562 3312 703 3371 amicitiae
718 3313 914 3390 maximeque,
931 3330 955 3370 ιι
948 3311 1033 3370 lieri
1048 3312 1172 3388 poterit,
1193 3309 1288 3388 reipu-

298 3395 395 3456 blicae
411 3404 458 3454 aut
474 3395 592 3454 alicuius
610 3404 690 3454 certe
705 3412 762 3453 non
777 3396 931 3455 mediocris
948 3394 1083 3472 exempli.
1121 3392 1205 3466 Quod
1226 3394 1289 3452 sine

299 3478 388 3538 dubio
407 3478 496 3538 multo
517 3480 608 3556 magis
627 3481 698 3557 ipsis
719 3479 909 3555 litigatoribus
932 3478 1092 3538 iaciendum
1113 3486 1174 3553 est,
1201 3485 1232 3536 ut
1252 3476 1288 3535 ad

299 3563 443 3639 agendum
462 3580 563 3639 magna
586 3572 672 3641 atque
687 3564 808 3622 honesta
823 3565 934 3622 ratione
950 3563 1095 3622 autetiam
1112 3563 1287 3621 necessitate

300 3650 465 3706 accessisse
479 3646 637 3705 videantur.
675 3647 734 3706 Sed
754 3655 784 3705 ut
805 3647 960 3724 praecipua
982 3647 1010 3704 in
1029 3646 1085 3704 lnoc
1103 3645 1224 3705 dicentis
1240 3647 1316 3703 ιιι-8

300 3732 437 3809 ctoritas,
458 3732 483 3790 si
503 3730 593 3789 omnis
614 3730 643 3789 iu
657 3729 806 3790 subeundo
818 3731 937 3808 negotio
956 3731 1083 3809 suspicio
1101 3728 1226 3788 sordium
1241 3733 1290 3786 aut
