<?xml version="1.0" encoding="UTF-8"?>
<!DOCTYPE html PUBLIC "-//W3C//DTD XHTML 1.0 Transitional//EN"
    "http://www.w3.org/TR/xhtml1/DTD/xhtml1-transitional.dtd">
<html xmlns="http://www.w3.org/1999/xhtml" xml:lang="en" lang="en">
 <head>
  <title>
</title>
<meta http-equiv="Content-Type" content="text/html;charset=utf-8" />
  <meta name='ocr-system' content='tesseract 3.04.00' />
  <meta name='ocr-capabilities' content='ocr_page ocr_carea ocr_par ocr_line ocrx_word'/>
</head>
<body>
  <div class='ocr_page' id='page_1' title='image "./mfabiiquintilia02quingoog_0245.png"; bbox 0 0 3184 4409; ppageno 0'>
   <div class='ocr_carea' id='block_1_1' title="bbox 562 481 1288 558">
    <p class='ocr_par' dir='ltr' id='par_1_1' title="bbox 562 481 1288 558">
     <span class='ocr_line' id='line_1_1' title="bbox 562 481 1288 558; baseline 0.003 -19"><span class='ocrx_word' id='word_1_1' title='bbox 562 488 652 539; x_wconf 80' lang='lat' dir='ltr'>meu.</span> <span class='ocrx_word' id='word_1_2' title='bbox 673 489 822 540; x_wconf 70' lang='lat' dir='ltr'>cunnos.</span> <span class='ocrx_word' id='word_1_3' title='bbox 843 491 913 540; x_wconf 80' lang='lat' dir='ltr'>nm.</span> <span class='ocrx_word' id='word_1_4' title='bbox 929 491 963 558; x_wconf 72' lang='lat' dir='ltr'>n,</span> <span class='ocrx_word' id='word_1_5' title='bbox 977 489 1020 544; x_wconf 80' lang='grc' dir='ltr'>ιο.</span> <span class='ocrx_word' id='word_1_6' title='bbox 1226 481 1288 542; x_wconf 81' lang='lat'>217</span> 
     </span>
    </p>
   </div>
   <div class='ocr_carea' id='block_1_2' title="bbox 257 641 1341 3820">
    <p class='ocr_par' dir='ltr' id='par_1_2' title="bbox 286 641 1333 1814">
     <span class='ocr_line' id='line_1_2' title="bbox 286 641 1291 728; baseline 0 -17"><span class='ocrx_word' id='word_1_7' title='bbox 286 644 476 722; x_wconf 72' lang='lat' dir='ltr'>difficiliore,</span> <span class='ocrx_word' id='word_1_8' title='bbox 502 641 580 707; x_wconf 80' lang='lat' dir='ltr'>Vide</span> <span class='ocrx_word' id='word_1_9' title='bbox 602 661 732 723; x_wconf 78' lang='lat' dir='ltr'>quaeso,</span> <span class='ocrx_word' id='word_1_10' title='bbox 759 643 894 722; x_wconf 81' lang='lat' dir='ltr'><strong><em>Tubero,</em></strong></span> <span class='ocrx_word' id='word_1_11' title='bbox 918 654 967 722; x_wconf 87' lang='lat' dir='ltr'>at,</span> <span class='ocrx_word' id='word_1_12' title='bbox 995 647 1048 725; x_wconf 79' lang='lat' dir='ltr'>qai</span> <span class='ocrx_word' id='word_1_13' title='bbox 1067 647 1188 710; x_wconf 88' lang='lat' dir='ltr'>demea</span> <span class='ocrx_word' id='word_1_14' title='bbox 1204 646 1291 728; x_wconf 76' lang='lat' dir='ltr'>facto</span> 
     </span>
     <span class='ocr_line' id='line_1_3' title="bbox 289 727 1290 812; baseline 0 -17"><span class='ocrx_word' id='word_1_15' title='bbox 289 751 354 795; x_wconf 76' lang='lat' dir='ltr'>non</span> <span class='ocrx_word' id='word_1_16' title='bbox 369 731 520 803; x_wconf 72' lang='lat' dir='ltr'>dubitem,</span> <span class='ocrx_word' id='word_1_17' title='bbox 542 729 583 790; x_wconf 87' lang='lat' dir='ltr'>de</span> <span class='ocrx_word' id='word_1_18' title='bbox 596 727 716 808; x_wconf 65' lang='lat' dir='ltr'>aquai·</span> <span class='ocrx_word' id='word_1_19' title='bbox 729 731 863 792; x_wconf 84' lang='lat' dir='ltr'><strong><em>audeam</em></strong></span> <span class='ocrx_word' id='word_1_20' title='bbox 878 732 992 792; x_wconf 81' lang='lat' dir='ltr'>dicere.</span> <span class='ocrx_word' id='word_1_21' title='bbox 1035 730 1072 790; x_wconf 86' lang='lat' dir='ltr'>Et</span> <span class='ocrx_word' id='word_1_22' title='bbox 1087 730 1140 806; x_wconf 90' lang='lat' dir='ltr'>ibi,</span> <span class='ocrx_word' id='word_1_23' title='bbox 1162 730 1210 792; x_wconf 81' lang='lat' dir='ltr'>Aa</span> <span class='ocrx_word' id='word_1_24' title='bbox 1219 752 1290 812; x_wconf 81' lang='lat' dir='ltr'>spe·</span> 
     </span>
     <span class='ocr_line' id='line_1_4' title="bbox 290 811 1292 892; baseline 0.001 -14"><span class='ocrx_word' id='word_1_25' title='bbox 290 814 390 878; x_wconf 76' lang='lat' dir='ltr'>raode&#39;</span> <span class='ocrx_word' id='word_1_26' title='bbox 404 811 535 891; x_wconf 63' lang='lat' dir='ltr'>liparia</span> <span class='ocrx_word' id='word_1_27' title='bbox 558 830 661 874; x_wconf 84' lang='lat' dir='ltr'>caasa</span> <span class='ocrx_word' id='word_1_28' title='bbox 673 833 733 875; x_wconf 81' lang='lat' dir='ltr'>aon</span> <span class='ocrx_word' id='word_1_29' title='bbox 753 815 809 889; x_wconf 79' lang='lat' dir='ltr'>sit,</span> <span class='ocrx_word' id='word_1_30' title='bbox 831 833 900 875; x_wconf 87' lang='lat' dir='ltr'>eum</span> <span class='ocrx_word' id='word_1_31' title='bbox 915 815 987 874; x_wconf 80' lang='lat' dir='ltr'>mibi</span> <span class='ocrx_word' id='word_1_32' title='bbox 1003 816 1090 892; x_wconf 82' lang='lat' dir='ltr'>apud</span> <span class='ocrx_word' id='word_1_33' title='bbox 1103 824 1132 875; x_wconf 87' lang='lat' dir='ltr'>te</span> <span class='ocrx_word' id='word_1_34' title='bbox 1148 817 1232 877; x_wconf 72' lang='lat' dir='ltr'>laetus</span> <span class='ocrx_word' id='word_1_35' title='bbox 1250 819 1292 879; x_wconf 81' lang='lat' dir='ltr'>sit</span> 
     </span>
     <span class='ocr_line' id='line_1_5' title="bbox 292 893 1289 978; baseline -0.001 -17"><span class='ocrx_word' id='word_1_36' title='bbox 292 901 386 961; x_wconf 55' lang='lat' dir='ltr'>mam</span> <span class='ocrx_word' id='word_1_37' title='bbox 406 915 467 978; x_wconf 86' lang='lat' dir='ltr'>pro</span> <span class='ocrx_word' id='word_1_38' title='bbox 493 898 590 958; x_wconf 85' lang='lat' dir='ltr'>altero</span> <span class='ocrx_word' id='word_1_39' title='bbox 614 897 827 975; x_wconf 81' lang='lat' dir='ltr'>deprecandi?</span> <span class='ocrx_word' id='word_1_40' title='bbox 840 893 846 906; x_wconf 87' lang='lat'>&#39;</span> <span class='ocrx_word' id='word_1_41' title='bbox 859 896 906 957; x_wconf 84' lang='lat' dir='ltr'>Ex</span> <span class='ocrx_word' id='word_1_42' title='bbox 935 899 1045 956; x_wconf 89' lang='lat' dir='ltr'>minore</span> <span class='ocrx_word' id='word_1_43' title='bbox 1074 915 1128 975; x_wconf 92' lang='lat' dir='ltr'>pro</span> <span class='ocrx_word' id='word_1_44' title='bbox 1153 898 1289 976; x_wconf 83' lang='lat' dir='ltr'>Caecina,</span> 
     </span>
     <span class='ocr_line' id='line_1_6' title="bbox 291 980 1290 1061; baseline 0 -16"><span class='ocrx_word' id='word_1_45' title='bbox 291 980 383 1045; x_wconf 79' lang='lat' dir='ltr'>licite</span> <span class='ocrx_word' id='word_1_46' title='bbox 395 982 479 1042; x_wconf 83' lang='lat' dir='ltr'>seire</span> <span class='ocrx_word' id='word_1_47' title='bbox 493 999 560 1042; x_wconf 78' lang='lat' dir='ltr'>esse</span> <span class='ocrx_word' id='word_1_48' title='bbox 573 991 709 1042; x_wconf 79' lang='lat' dir='ltr'>armatos</span> <span class='ocrx_word' id='word_1_49' title='bbox 722 989 772 1042; x_wconf 78' lang='lat' dir='ltr'>sai</span> <span class='ocrx_word' id='word_1_50' title='bbox 786 989 847 1058; x_wconf 81' lang='lat' dir='ltr'>eet,</span> <span class='ocrx_word' id='word_1_51' title='bbox 861 989 895 1042; x_wconf 81' lang='lat' dir='ltr'>at</span> <span class='ocrx_word' id='word_1_52' title='bbox 907 983 967 1042; x_wconf 84' lang='lat' dir='ltr'>aim</span> <span class='ocrx_word' id='word_1_53' title='bbox 979 982 1097 1061; x_wconf 81' lang='lat' dir='ltr'>factam</span> <span class='ocrx_word' id='word_1_54' title='bbox 1108 985 1239 1059; x_wconf 60' lang='lat' dir='ltr'>probem</span> <span class='ocrx_word' id='word_1_55' title='bbox 1257 987 1290 1045; x_wconf 81' lang='lat' dir='ltr'>in</span> 
     </span>
     <span class='ocr_line' id='line_1_7' title="bbox 291 1063 1333 1140; baseline -0.002 -11"><span class='ocrx_word' id='word_1_56' title='bbox 291 1083 405 1129; x_wconf 71' lang='lat' dir='ltr'>mamae</span> <span class='ocrx_word' id='word_1_57' title='bbox 425 1083 529 1128; x_wconf 83' lang='lat' dir='ltr'>eoram</span> <span class='ocrx_word' id='word_1_58' title='bbox 552 1065 690 1126; x_wconf 80' lang='lat' dir='ltr'>incidere</span> <span class='ocrx_word' id='word_1_59' title='bbox 708 1083 769 1126; x_wconf 82' lang='lat' dir='ltr'>aon</span> <span class='ocrx_word' id='word_1_60' title='bbox 790 1067 956 1126; x_wconf 73' lang='lat' dir='ltr'>catcatis?</span> <span class='ocrx_word' id='word_1_61' title='bbox 997 1063 1095 1140; x_wconf 84' lang='lat' dir='ltr'>Ergo,</span> <span class='ocrx_word' id='word_1_62' title='bbox 1117 1074 1147 1124; x_wconf 90' lang='lat' dir='ltr'>nt</span> <span class='ocrx_word' id='word_1_63' title='bbox 1163 1065 1333 1138; x_wconf 77' lang='lat' dir='ltr'>breviter94</span> 
     </span>
     <span class='ocr_line' id='line_1_8' title="bbox 293 1147 1289 1228; baseline 0.001 -19"><span class='ocrx_word' id='word_1_64' title='bbox 293 1147 460 1210; x_wconf 73' lang='lat' dir='ltr'>cannabum</span> <span class='ocrx_word' id='word_1_65' title='bbox 473 1163 623 1223; x_wconf 83' lang='lat' dir='ltr'>summam,</span> <span class='ocrx_word' id='word_1_66' title='bbox 643 1147 783 1207; x_wconf 90' lang='lat' dir='ltr'>ducuntur</span> <span class='ocrx_word' id='word_1_67' title='bbox 801 1158 967 1226; x_wconf 82' lang='lat' dir='ltr'>argumente</span> <span class='ocrx_word' id='word_1_68' title='bbox 983 1165 998 1207; x_wconf 84' lang='lat' dir='ltr'>a</span> <span class='ocrx_word' id='word_1_69' title='bbox 1014 1150 1162 1225; x_wconf 89' lang='lat' dir='ltr'>personis,</span> <span class='ocrx_word' id='word_1_70' title='bbox 1184 1153 1289 1228; x_wconf 85' lang='lat' dir='ltr'>causis,</span> 
     </span>
     <span class='ocr_line' id='line_1_9' title="bbox 292 1230 1289 1310; baseline -0.001 -17"><span class='ocrx_word' id='word_1_71' title='bbox 292 1233 387 1309; x_wconf 87' lang='lat' dir='ltr'>locis,</span> <span class='ocrx_word' id='word_1_72' title='bbox 414 1241 566 1309; x_wconf 87' lang='lat' dir='ltr'>tempore,</span> <span class='ocrx_word' id='word_1_73' title='bbox 598 1230 694 1308; x_wconf 91' lang='lat' dir='ltr'>(cuius</span> <span class='ocrx_word' id='word_1_74' title='bbox 720 1241 779 1292; x_wconf 89' lang='lat' dir='ltr'>tres</span> <span class='ocrx_word' id='word_1_75' title='bbox 802 1231 904 1310; x_wconf 82' lang='lat' dir='ltr'>&#39;partes</span> <span class='ocrx_word' id='word_1_76' title='bbox 928 1232 1066 1307; x_wconf 78' lang='lat' dir='ltr'><strong>diximus,</strong></span> <span class='ocrx_word' id='word_1_77' title='bbox 1097 1233 1289 1310; x_wconf 83' lang='lat' dir='ltr'>praecedens,</span> 
     </span>
     <span class='ocr_line' id='line_1_10' title="bbox 293 1314 1290 1394; baseline -0.002 -16"><span class='ocrx_word' id='word_1_78' title='bbox 293 1317 492 1390; x_wconf 85' lang='lat' dir='ltr'>coniunctum,</span> <span class='ocrx_word' id='word_1_79' title='bbox 510 1315 697 1394; x_wconf 86' lang='lat' dir='ltr'>insequens,)</span> <span class='ocrx_word' id='word_1_80' title='bbox 720 1314 919 1390; x_wconf 81' lang='lat' dir='ltr'>facultatibus,</span> <span class='ocrx_word' id='word_1_81' title='bbox 941 1315 1060 1393; x_wconf 87' lang='lat' dir='ltr'>(quibus</span> <span class='ocrx_word' id='word_1_82' title='bbox 1076 1317 1290 1376; x_wconf 83' lang='lat' dir='ltr'>instrumentum</span> 
     </span>
     <span class='ocr_line' id='line_1_11' title="bbox 294 1397 1288 1479; baseline 0 -19"><span class='ocrx_word' id='word_1_83' title='bbox 294 1399 486 1478; x_wconf 84' lang='lat' dir='ltr'>subiecimus)</span> <span class='ocrx_word' id='word_1_84' title='bbox 502 1397 605 1474; x_wconf 91' lang='lat' dir='ltr'>modo,</span> <span class='ocrx_word' id='word_1_85' title='bbox 629 1397 672 1475; x_wconf 92' lang='lat' dir='ltr'>(id</span> <span class='ocrx_word' id='word_1_86' title='bbox 688 1407 750 1474; x_wconf 89' lang='lat' dir='ltr'>est,</span> <span class='ocrx_word' id='word_1_87' title='bbox 775 1408 807 1458; x_wconf 92' lang='lat' dir='ltr'>nt</span> <span class='ocrx_word' id='word_1_88' title='bbox 822 1400 948 1477; x_wconf 87' lang='lat' dir='ltr'>quidque</span> <span class='ocrx_word' id='word_1_89' title='bbox 963 1402 1000 1459; x_wconf 91' lang='lat' dir='ltr'>sit</span> <span class='ocrx_word' id='word_1_90' title='bbox 1015 1400 1134 1479; x_wconf 80' lang='lat' dir='ltr'>iactum)</span> <span class='ocrx_word' id='word_1_91' title='bbox 1150 1400 1288 1477; x_wconf 86' lang='lat' dir='ltr'>linitione,</span> 
     </span>
     <span class='ocr_line' id='line_1_12' title="bbox 293 1481 1290 1561; baseline 0 -18"><span class='ocrx_word' id='word_1_92' title='bbox 293 1499 421 1561; x_wconf 81' lang='lat' dir='ltr'>genere,</span> <span class='ocrx_word' id='word_1_93' title='bbox 450 1483 568 1560; x_wconf 87' lang='lat' dir='ltr'>speeie,</span> <span class='ocrx_word' id='word_1_94' title='bbox 596 1481 811 1557; x_wconf 85' lang='lat' dir='ltr'>differentibus,</span> <span class='ocrx_word' id='word_1_95' title='bbox 840 1485 982 1561; x_wconf 90' lang='lat' dir='ltr'>propriis,</span> <span class='ocrx_word' id='word_1_96' title='bbox 1013 1485 1191 1559; x_wconf 77' lang='lat' dir='ltr'>remotione,</span> <span class='ocrx_word' id='word_1_97' title='bbox 1219 1484 1290 1544; x_wconf 88' lang='lat' dir='ltr'>divi-</span> 
     </span>
     <span class='ocr_line' id='line_1_13' title="bbox 294 1565 1289 1644; baseline 0 -18"><span class='ocrx_word' id='word_1_98' title='bbox 294 1568 395 1642; x_wconf 86' lang='lat' dir='ltr'>sione,</span> <span class='ocrx_word' id='word_1_99' title='bbox 422 1565 520 1641; x_wconf 91' lang='lat' dir='ltr'>initio,</span> <span class='ocrx_word' id='word_1_100' title='bbox 546 1565 745 1642; x_wconf 70' lang='lat' dir='ltr'>incrementis,</span> <span class='ocrx_word' id='word_1_101' title='bbox 767 1584 889 1641; x_wconf 83' lang='lat' dir='ltr'>summa,</span> <span class='ocrx_word' id='word_1_102' title='bbox 912 1566 1068 1642; x_wconf 89' lang='lat' dir='ltr'>similibus,</span> <span class='ocrx_word' id='word_1_103' title='bbox 1094 1567 1289 1644; x_wconf 85' lang='lat' dir='ltr'>dissimilibus,</span> 
     </span>
     <span class='ocr_line' id='line_1_14' title="bbox 294 1648 1290 1733; baseline 0.001 -23"><span class='ocrx_word' id='word_1_104' title='bbox 294 1648 504 1729; x_wconf 72' lang='lat' dir='ltr'>pugnantibus,</span> <span class='ocrx_word' id='word_1_105' title='bbox 534 1650 797 1733; x_wconf 86' lang='lat' dir='ltr'>consequentibus,</span> <span class='ocrx_word' id='word_1_106' title='bbox 821 1650 1029 1724; x_wconf 82' lang='lat' dir='ltr'>efficientibus,</span> <span class='ocrx_word' id='word_1_107' title='bbox 1050 1651 1180 1727; x_wconf 79' lang='lat' dir='ltr'>effectis,</span> <span class='ocrx_word' id='word_1_108' title='bbox 1204 1669 1290 1711; x_wconf 87' lang='lat' dir='ltr'>even·</span> 
     </span>
     <span class='ocr_line' id='line_1_15' title="bbox 294 1731 1289 1814; baseline 0.001 -20"><span class='ocrx_word' id='word_1_109' title='bbox 294 1735 358 1813; x_wconf 76' lang='lat' dir='ltr'>tis,</span> <span class='ocrx_word' id='word_1_110' title='bbox 370 1735 492 1810; x_wconf 78' lang='lat' dir='ltr'>iugatis,</span> <span class='ocrx_word' id='word_1_111' title='bbox 515 1731 744 1811; x_wconf 83' lang='lat' dir='ltr'>comparatione,</span> <span class='ocrx_word' id='word_1_112' title='bbox 766 1751 841 1812; x_wconf 86' lang='lat' dir='ltr'>quae</span> <span class='ocrx_word' id='word_1_113' title='bbox 857 1735 885 1792; x_wconf 95' lang='lat' dir='ltr'>in</span> <span class='ocrx_word' id='word_1_114' title='bbox 899 1734 998 1811; x_wconf 90' lang='lat' dir='ltr'>plures</span> <span class='ocrx_word' id='word_1_115' title='bbox 1011 1733 1152 1794; x_wconf 78' lang='lat' dir='ltr'>diducitur</span> <span class='ocrx_word' id='word_1_116' title='bbox 1162 1738 1289 1814; x_wconf 83' lang='lat' dir='ltr'>species.</span> 
     </span>
    </p>

    <p class='ocr_par' dir='ltr' id='par_1_3' title="bbox 257 1816 1335 3735">
     <span class='ocr_line' id='line_1_16' title="bbox 377 1816 1333 1894; baseline 0.001 -17"><span class='ocrx_word' id='word_1_117' title='bbox 377 1816 453 1878; x_wconf 91' lang='lat' dir='ltr'>Illud</span> <span class='ocrx_word' id='word_1_118' title='bbox 474 1816 662 1876; x_wconf 82' lang='lat' dir='ltr'>adiiciendum</span> <span class='ocrx_word' id='word_1_119' title='bbox 684 1818 814 1892; x_wconf 88' lang='lat' dir='ltr'>videtur,</span> <span class='ocrx_word' id='word_1_120' title='bbox 843 1817 910 1877; x_wconf 90' lang='lat' dir='ltr'>duci</span> <span class='ocrx_word' id='word_1_121' title='bbox 930 1827 1095 1894; x_wconf 82' lang='lat' dir='ltr'>argumenta</span> <span class='ocrx_word' id='word_1_122' title='bbox 1112 1835 1168 1878; x_wconf 93' lang='lat' dir='ltr'>non</span> <span class='ocrx_word' id='word_1_123' title='bbox 1189 1837 1289 1880; x_wconf 82' lang='lat' dir='ltr'>acon·</span> <span class='ocrx_word' id='word_1_124' title='bbox 1298 1835 1333 1890; x_wconf 85' lang='lat'>95</span> 
     </span>
     <span class='ocr_line' id='line_1_17' title="bbox 294 1893 1290 1979; baseline 0.003 -18"><span class='ocrx_word' id='word_1_125' title='bbox 294 1901 383 1961; x_wconf 88' lang='lat' dir='ltr'>fessis</span> <span class='ocrx_word' id='word_1_126' title='bbox 397 1909 505 1960; x_wconf 81' lang='lat' dir='ltr'>tanturn</span> <span class='ocrx_word' id='word_1_127' title='bbox 520 1900 573 1959; x_wconf 90' lang='lat' dir='ltr'>sed</span> <span class='ocrx_word' id='word_1_128' title='bbox 590 1900 674 1960; x_wconf 85' lang='lat' dir='ltr'>etiem</span> <span class='ocrx_word' id='word_1_129' title='bbox 690 1919 706 1960; x_wconf 85' lang='lat' dir='ltr'>a</span> <span class='ocrx_word' id='word_1_130' title='bbox 724 1902 897 1977; x_wconf 82' lang='lat' dir='ltr'>fictione,</span> <span class='ocrx_word' id='word_1_131' title='bbox 920 1901 998 1979; x_wconf 89' lang='lat' dir='ltr'>qnod</span> <span class='ocrx_word' id='word_1_132' title='bbox 1010 1900 1113 1960; x_wconf 85' lang='lat' dir='ltr'>Graeci</span> <span class='ocrx_word' id='word_1_133' title='bbox 1129 1893 1203 1962; x_wconf 80' lang='grc' dir='ltr'><strong>καθ’</strong></span> <span class='ocrx_word' id='word_1_134' title='bbox 1219 1896 1290 1964; x_wconf 78' lang='grc' dir='ltr'>ὑπό·</span> 
     </span>
     <span class='ocr_line' id='line_1_18' title="bbox 293 1984 1290 2064; baseline 0 -18"><span class='ocrx_word' id='word_1_135' title='bbox 293 1990 381 2046; x_wconf 72' lang='lat' dir='ltr'>beato</span> <span class='ocrx_word' id='word_1_136' title='bbox 402 1992 525 2052; x_wconf 78' lang='lat' dir='ltr'>uocant3</span> <span class='ocrx_word' id='word_1_137' title='bbox 555 1985 717 2061; x_wconf 85' lang='lat' dir='ltr'>etquidem</span> <span class='ocrx_word' id='word_1_138' title='bbox 738 2003 776 2044; x_wconf 89' lang='lat' dir='ltr'>ex</span> <span class='ocrx_word' id='word_1_139' title='bbox 798 1985 927 2044; x_wconf 89' lang='lat' dir='ltr'>omnibus</span> <span class='ocrx_word' id='word_1_140' title='bbox 947 1985 1048 2044; x_wconf 89' lang='lat' dir='ltr'>iisdem</span> <span class='ocrx_word' id='word_1_141' title='bbox 1069 1984 1159 2060; x_wconf 89' lang='lat' dir='ltr'>locis,</span> <span class='ocrx_word' id='word_1_142' title='bbox 1186 1986 1290 2064; x_wconf 79' lang='lat' dir='ltr'>quibus</span> 
     </span>
     <span class='ocr_line' id='line_1_19' title="bbox 293 2068 1291 2148; baseline 0.001 -20"><span class='ocrx_word' id='word_1_143' title='bbox 293 2068 463 2147; x_wconf 80' lang='lat' dir='ltr'>superiora,</span> <span class='ocrx_word' id='word_1_144' title='bbox 497 2068 562 2147; x_wconf 84' lang='lat' dir='ltr'>quia</span> <span class='ocrx_word' id='word_1_145' title='bbox 587 2068 706 2127; x_wconf 91' lang='lat' dir='ltr'>totidem</span> <span class='ocrx_word' id='word_1_146' title='bbox 731 2070 848 2146; x_wconf 88' lang='lat' dir='ltr'>species</span> <span class='ocrx_word' id='word_1_147' title='bbox 874 2086 941 2128; x_wconf 88' lang='lat' dir='ltr'>esse</span> <span class='ocrx_word' id='word_1_148' title='bbox 966 2077 1087 2146; x_wconf 85' lang='lat' dir='ltr'>possunt</span> <span class='ocrx_word' id='word_1_149' title='bbox 1112 2069 1196 2148; x_wconf 77' lang='lat' dir='ltr'>betae</span> <span class='ocrx_word' id='word_1_150' title='bbox 1221 2080 1291 2148; x_wconf 85' lang='lat' dir='ltr'>quot</span> 
     </span>
     <span class='ocr_line' id='line_1_20' title="bbox 293 2150 1332 2232; baseline -0.002 -18"><span class='ocrx_word' id='word_1_151' title='bbox 293 2165 395 2214; x_wconf 75' lang='lat' dir='ltr'>neree.</span> <span class='ocrx_word' id='word_1_152' title='bbox 439 2150 511 2211; x_wconf 84' lang='lat' dir='ltr'>Narn</span> <span class='ocrx_word' id='word_1_153' title='bbox 527 2151 638 2228; x_wconf 75' lang='lat' dir='ltr'>lingere</span> <span class='ocrx_word' id='word_1_154' title='bbox 656 2151 794 2213; x_wconf 89' lang='lat' dir='ltr'>hocloco</span> <span class='ocrx_word' id='word_1_155' title='bbox 813 2161 858 2212; x_wconf 90' lang='lat' dir='ltr'>est</span> <span class='ocrx_word' id='word_1_156' title='bbox 872 2169 1038 2230; x_wconf 91' lang='lat' dir='ltr'>proponere</span> <span class='ocrx_word' id='word_1_157' title='bbox 1055 2152 1178 2229; x_wconf 84' lang='lat' dir='ltr'>aliquid,</span> <span class='ocrx_word' id='word_1_158' title='bbox 1202 2153 1332 2232; x_wconf 78' lang='lat' dir='ltr'>quod,96</span> 
     </span>
     <span class='ocr_line' id='line_1_21' title="bbox 295 2233 1289 2311; baseline -0.001 -15"><span class='ocrx_word' id='word_1_159' title='bbox 295 2237 319 2296; x_wconf 91' lang='lat' dir='ltr'>si</span> <span class='ocrx_word' id='word_1_160' title='bbox 334 2251 437 2297; x_wconf 79' lang='lat' dir='ltr'>verum</span> <span class='ocrx_word' id='word_1_161' title='bbox 453 2235 506 2310; x_wconf 90' lang='lat' dir='ltr'>sit,</span> <span class='ocrx_word' id='word_1_162' title='bbox 529 2243 575 2295; x_wconf 85' lang='lat' dir='ltr'>aut</span> <span class='ocrx_word' id='word_1_163' title='bbox 585 2233 686 2294; x_wconf 63' lang='lat' dir='ltr'>&#39;solvat</span> <span class='ocrx_word' id='word_1_164' title='bbox 701 2238 898 2311; x_wconf 82' lang='lat' dir='ltr'>quaestionem</span> <span class='ocrx_word' id='word_1_165' title='bbox 913 2244 961 2295; x_wconf 83' lang='lat' dir='ltr'>aut</span> <span class='ocrx_word' id='word_1_166' title='bbox 979 2236 1108 2303; x_wconf 64' lang='lat' dir='ltr'>adiuvem</span> <span class='ocrx_word' id='word_1_167' title='bbox 1131 2235 1235 2296; x_wconf 92' lang='lat' dir='ltr'>deinde</span> <span class='ocrx_word' id='word_1_168' title='bbox 1249 2237 1289 2311; x_wconf 91' lang='lat' dir='ltr'>id,</span> 
     </span>
     <span class='ocr_line' id='line_1_22' title="bbox 295 2318 1290 2398; baseline -0.002 -18"><span class='ocrx_word' id='word_1_169' title='bbox 295 2319 332 2380; x_wconf 89' lang='lat' dir='ltr'>de</span> <span class='ocrx_word' id='word_1_170' title='bbox 355 2335 415 2397; x_wconf 88' lang='lat' dir='ltr'>quo</span> <span class='ocrx_word' id='word_1_171' title='bbox 432 2320 595 2396; x_wconf 85' lang='lat' dir='ltr'>quaeritur,</span> <span class='ocrx_word' id='word_1_172' title='bbox 625 2318 725 2377; x_wconf 82' lang='lat' dir='ltr'>lacere</span> <span class='ocrx_word' id='word_1_173' title='bbox 746 2319 788 2378; x_wconf 90' lang='lat' dir='ltr'>illi</span> <span class='ocrx_word' id='word_1_174' title='bbox 812 2320 914 2379; x_wconf 89' lang='lat' dir='ltr'>simile.</span> <span class='ocrx_word' id='word_1_175' title='bbox 958 2318 990 2379; x_wconf 95' lang='lat' dir='ltr'>ld</span> <span class='ocrx_word' id='word_1_176' title='bbox 1013 2336 1069 2398; x_wconf 87' lang='lat' dir='ltr'>qno</span> <span class='ocrx_word' id='word_1_177' title='bbox 1085 2319 1199 2378; x_wconf 84' lang='lat' dir='ltr'>lucilius</span> <span class='ocrx_word' id='word_1_178' title='bbox 1214 2322 1290 2380; x_wconf 84' lang='lat' dir='ltr'>ecci·</span> 
     </span>
     <span class='ocr_line' id='line_1_23' title="bbox 257 2398 1290 2483; baseline -0.001 -20"><span class='ocrx_word' id='word_1_179' title='bbox 257 2453 259 2456; x_wconf 12' lang='grc' dir='ltr'><em>Α</em></span> <span class='ocrx_word' id='word_1_180' title='bbox 294 2405 375 2483; x_wconf 80' lang='lat' dir='ltr'>pient</span> <span class='ocrx_word' id='word_1_181' title='bbox 396 2403 516 2461; x_wconf 89' lang='lat' dir='ltr'>iuvenes</span> <span class='ocrx_word' id='word_1_182' title='bbox 535 2402 659 2462; x_wconf 92' lang='lat' dir='ltr'>nondum</span> <span class='ocrx_word' id='word_1_183' title='bbox 680 2402 810 2462; x_wconf 84' lang='lat' dir='ltr'>scholam</span> <span class='ocrx_word' id='word_1_184' title='bbox 832 2404 962 2480; x_wconf 85' lang='lat' dir='ltr'>egressi,</span> <span class='ocrx_word' id='word_1_185' title='bbox 991 2405 1083 2482; x_wconf 91' lang='lat' dir='ltr'>primo</span> <span class='ocrx_word' id='word_1_186' title='bbox 1105 2398 1290 2463; x_wconf 74' lang='lat' dir='ltr'>familiaribus</span> 
     </span>
     <span class='ocr_line' id='line_1_24' title="bbox 295 2484 1333 2567; baseline 0.002 -20"><span class='ocrx_word' id='word_1_187' title='bbox 295 2487 389 2564; x_wconf 81' lang='lat' dir='ltr'>magis</span> <span class='ocrx_word' id='word_1_188' title='bbox 405 2487 433 2544; x_wconf 89' lang='lat' dir='ltr'>ei</span> <span class='ocrx_word' id='word_1_189' title='bbox 448 2487 535 2545; x_wconf 83' lang='lat' dir='ltr'>aetati</span> <span class='ocrx_word' id='word_1_190' title='bbox 550 2486 691 2565; x_wconf 86' lang='lat' dir='ltr'>exemplis</span> <span class='ocrx_word' id='word_1_191' title='bbox 708 2486 866 2546; x_wconf 84' lang='lat' dir='ltr'>ostendam.</span> <span class='ocrx_word' id='word_1_192' title='bbox 909 2486 984 2546; x_wconf 85' lang='lat' dir='ltr'>Lex:</span> <span class='ocrx_word' id='word_1_193' title='bbox 1008 2484 1333 2567; x_wconf 74' lang='lat' dir='ltr'>Qutparentesnooor</span> 
     </span>
     <span class='ocr_line' id='line_1_25' title="bbox 293 2569 1290 2648; baseline -0.003 -14"><span class='ocrx_word' id='word_1_194' title='bbox 293 2569 426 2647; x_wconf 78' lang='lat' dir='ltr'>alaerit,</span> <span class='ocrx_word' id='word_1_195' title='bbox 445 2570 610 2630; x_wconf 80' lang='lat' dir='ltr'>vinciatur.</span> <span class='ocrx_word' id='word_1_196' title='bbox 647 2569 712 2630; x_wconf 90' lang='lat' dir='ltr'>Non</span> <span class='ocrx_word' id='word_1_197' title='bbox 727 2570 776 2630; x_wconf 80' lang='lat' dir='ltr'>alit</span> <span class='ocrx_word' id='word_1_198' title='bbox 795 2571 913 2648; x_wconf 84' lang='lat' dir='ltr'>aliquis,</span> <span class='ocrx_word' id='word_1_199' title='bbox 930 2581 959 2630; x_wconf 89' lang='lat' dir='ltr'>et</span> <span class='ocrx_word' id='word_1_200' title='bbox 977 2571 1091 2630; x_wconf 83' lang='lat' dir='ltr'>vincula</span> <span class='ocrx_word' id='word_1_201' title='bbox 1110 2571 1290 2631; x_wconf 90' lang='lat' dir='ltr'>nibilominus</span> 
     </span>
     <span class='ocr_line' id='line_1_26' title="bbox 294 2651 1291 2735; baseline 0.001 -21"><span class='ocrx_word' id='word_1_202' title='bbox 294 2661 423 2714; x_wconf 84' lang='lat' dir='ltr'>recusat.</span> <span class='ocrx_word' id='word_1_203' title='bbox 466 2651 561 2713; x_wconf 88' lang='lat' dir='ltr'>Utitur</span> <span class='ocrx_word' id='word_1_204' title='bbox 581 2653 713 2728; x_wconf 85' lang='lat' dir='ltr'>fictione,</span> <span class='ocrx_word' id='word_1_205' title='bbox 741 2656 764 2712; x_wconf 96' lang='lat' dir='ltr'>si</span> <span class='ocrx_word' id='word_1_206' title='bbox 785 2655 886 2731; x_wconf 85' lang='lat' dir='ltr'>miles,</span> <span class='ocrx_word' id='word_1_207' title='bbox 914 2656 939 2719; x_wconf 84' lang='lat' dir='ltr'>si</span> <span class='ocrx_word' id='word_1_208' title='bbox 962 2654 1055 2714; x_wconf 85' lang='lat' dir='ltr'>iulans</span> <span class='ocrx_word' id='word_1_209' title='bbox 1076 2656 1129 2729; x_wconf 89' lang='lat' dir='ltr'>sit,</span> <span class='ocrx_word' id='word_1_210' title='bbox 1152 2657 1177 2714; x_wconf 88' lang='lat' dir='ltr'>si</span> <span class='ocrx_word' id='word_1_211' title='bbox 1195 2658 1291 2735; x_wconf 89' lang='lat' dir='ltr'>reipu-</span> 
     </span>
     <span class='ocr_line' id='line_1_27' title="bbox 295 2735 1291 2816; baseline 0.003 -20"><span class='ocrx_word' id='word_1_212' title='bbox 295 2737 392 2812; x_wconf 86' lang='lat' dir='ltr'>blicae</span> <span class='ocrx_word' id='word_1_213' title='bbox 410 2754 497 2796; x_wconf 81' lang='lat' dir='ltr'>eausa</span> <span class='ocrx_word' id='word_1_214' title='bbox 518 2735 601 2796; x_wconf 83' lang='lat' dir='ltr'>absit.</span> <span class='ocrx_word' id='word_1_215' title='bbox 646 2736 683 2796; x_wconf 87' lang='lat' dir='ltr'>Et</span> <span class='ocrx_word' id='word_1_216' title='bbox 701 2737 750 2797; x_wconf 84' lang='lat' dir='ltr'>illa</span> <span class='ocrx_word' id='word_1_217' title='bbox 766 2748 867 2797; x_wconf 83' lang='lat' dir='ltr'>contra</span> <span class='ocrx_word' id='word_1_218' title='bbox 884 2742 1030 2816; x_wconf 89' lang='lat' dir='ltr'>optionem</span> <span class='ocrx_word' id='word_1_219' title='bbox 1050 2737 1182 2815; x_wconf 81' lang='lat' dir='ltr'>fortium,</span> <span class='ocrx_word' id='word_1_220' title='bbox 1207 2742 1233 2799; x_wconf 90' lang='lat' dir='ltr'>si</span> <span class='ocrx_word' id='word_1_221' title='bbox 1247 2749 1291 2815; x_wconf 74' lang='lat' dir='ltr'>ty·</span> 
     </span>
     <span class='ocr_line' id='line_1_28' title="bbox 295 2820 1335 2899; baseline 0 -18"><span class='ocrx_word' id='word_1_222' title='bbox 295 2820 444 2881; x_wconf 82' lang='lat' dir='ltr'>renuidem</span> <span class='ocrx_word' id='word_1_223' title='bbox 460 2828 557 2898; x_wconf 83' lang='lat' dir='ltr'>petas,</span> <span class='ocrx_word' id='word_1_224' title='bbox 580 2822 604 2880; x_wconf 92' lang='lat' dir='ltr'>si</span> <span class='ocrx_word' id='word_1_225' title='bbox 620 2821 790 2899; x_wconf 90' lang='lat' dir='ltr'>templorum</span> <span class='ocrx_word' id='word_1_226' title='bbox 806 2824 995 2881; x_wconf 89' lang='lat' dir='ltr'>eversionem.</span> <span class='ocrx_word' id='word_1_227' title='bbox 1033 2821 1184 2881; x_wconf 87' lang='lat' dir='ltr'>Plurimum</span> <span class='ocrx_word' id='word_1_228' title='bbox 1198 2835 1335 2892; x_wconf 71' lang='lat' dir='ltr'>euroeae</span> 
     </span>
     <span class='ocr_line' id='line_1_29' title="bbox 294 2903 1291 2982; baseline 0.002 -18"><span class='ocrx_word' id='word_1_229' title='bbox 294 2905 397 2965; x_wconf 80' lang='lat' dir='ltr'>virium</span> <span class='ocrx_word' id='word_1_230' title='bbox 419 2903 507 2963; x_wconf 84' lang='lat' dir='ltr'>babet</span> <span class='ocrx_word' id='word_1_231' title='bbox 531 2913 629 2963; x_wconf 86' lang='lat' dir='ltr'>contra</span> <span class='ocrx_word' id='word_1_232' title='bbox 651 2906 797 2982; x_wconf 88' lang='lat' dir='ltr'>scriptum.</span> <span class='ocrx_word' id='word_1_233' title='bbox 842 2904 941 2965; x_wconf 87' lang='lat' dir='ltr'>Utitur</span> <span class='ocrx_word' id='word_1_234' title='bbox 956 2906 999 2965; x_wconf 91' lang='lat' dir='ltr'>bis</span> <span class='ocrx_word' id='word_1_235' title='bbox 1018 2903 1121 2964; x_wconf 82' lang='lat' dir='ltr'>Cicero</span> <span class='ocrx_word' id='word_1_236' title='bbox 1143 2923 1196 2982; x_wconf 90' lang='lat' dir='ltr'>pro</span> <span class='ocrx_word' id='word_1_237' title='bbox 1219 2905 1291 2966; x_wconf 83' lang='lat' dir='ltr'>Cae·</span> 
     </span>
     <span class='ocr_line' id='line_1_30' title="bbox 296 2985 1290 3064; baseline 0 -16"><span class='ocrx_word' id='word_1_238' title='bbox 296 2989 372 3064; x_wconf 83' lang='lat' dir='ltr'>eina,</span> <span class='ocrx_word' id='word_1_239' title='bbox 387 2985 494 3048; x_wconf 81' lang='lat' dir='ltr'><strong>UNDE</strong></span> <span class='ocrx_word' id='word_1_240' title='bbox 509 2986 559 3047; x_wconf 80' lang='lat' dir='ltr'>&#39;lU</span> <span class='ocrx_word' id='word_1_241' title='bbox 574 2986 651 3049; x_wconf 77' lang='lat' dir='ltr'>nui</span> <span class='ocrx_word' id='word_1_242' title='bbox 663 2986 818 3048; x_wconf 75' lang='lat' dir='ltr'>nnnssnln</span> <span class='ocrx_word' id='word_1_243' title='bbox 828 2988 905 3050; x_wconf 83' lang='lat' dir='ltr'>AUT</span> <span class='ocrx_word' id='word_1_244' title='bbox 916 2986 1172 3049; x_wconf 77' lang='lat' dir='ltr'>PROGURATOR</span> <span class='ocrx_word' id='word_1_245' title='bbox 1183 2989 1290 3051; x_wconf 77' lang='lat' dir='ltr'><strong>TUUS.</strong></span> 
     </span>
     <span class='ocr_line' id='line_1_31' title="bbox 294 3070 1293 3135; baseline 0.003 -3"><span class='ocrx_word' id='word_1_246' title='bbox 294 3070 331 3132; x_wconf 82' lang='lat' dir='ltr'>Si</span> <span class='ocrx_word' id='word_1_247' title='bbox 352 3091 402 3134; x_wconf 85' lang='lat' dir='ltr'>me</span> <span class='ocrx_word' id='word_1_248' title='bbox 425 3072 545 3132; x_wconf 77' lang='lat' dir='ltr'>cillicae</span> <span class='ocrx_word' id='word_1_249' title='bbox 565 3080 635 3132; x_wconf 81' lang='lat' dir='ltr'>toas</span> <span class='ocrx_word' id='word_1_250' title='bbox 655 3072 737 3132; x_wconf 76' lang='lat' dir='ltr'>sotus</span> <span class='ocrx_word' id='word_1_251' title='bbox 758 3074 926 3134; x_wconf 79' lang='lat' dir='ltr'>deiecisset.</span> <span class='ocrx_word' id='word_1_252' title='bbox 970 3072 1006 3133; x_wconf 84' lang='lat' dir='ltr'>Si</span> <span class='ocrx_word' id='word_1_253' title='bbox 1026 3091 1098 3134; x_wconf 86' lang='lat' dir='ltr'>cero</span> <span class='ocrx_word' id='word_1_254' title='bbox 1120 3091 1159 3134; x_wconf 83' lang='lat' dir='ltr'>ue</span> <span class='ocrx_word' id='word_1_255' title='bbox 1176 3074 1293 3135; x_wconf 78' lang='lat' dir='ltr'>babeas</span> 
     </span>
     <span class='ocr_line' id='line_1_32' title="bbox 296 3157 1292 3234; baseline 0.001 -18"><span class='ocrx_word' id='word_1_256' title='bbox 296 3157 424 3234; x_wconf 80' lang='lat' dir='ltr'>quidem</span> <span class='ocrx_word' id='word_1_257' title='bbox 443 3173 564 3216; x_wconf 80' lang='lat' dir='ltr'>servom</span> <span class='ocrx_word' id='word_1_258' title='bbox 582 3163 708 3233; x_wconf 85' lang='lat' dir='ltr'>praeter</span> <span class='ocrx_word' id='word_1_259' title='bbox 729 3174 813 3231; x_wconf 88' lang='lat' dir='ltr'>eam,</span> <span class='ocrx_word' id='word_1_260' title='bbox 835 3159 888 3233; x_wconf 80' lang='lat' dir='ltr'>qai</span> <span class='ocrx_word' id='word_1_261' title='bbox 901 3176 949 3217; x_wconf 87' lang='lat' dir='ltr'>me</span> <span class='ocrx_word' id='word_1_262' title='bbox 963 3158 1126 3232; x_wconf 77' lang='lat' dir='ltr'>deiecerit,</span> <span class='ocrx_word' id='word_1_263' title='bbox 1148 3165 1177 3216; x_wconf 90' lang='lat' dir='ltr'>et</span> <span class='ocrx_word' id='word_1_264' title='bbox 1191 3157 1248 3216; x_wconf 84' lang='lat' dir='ltr'>elia</span> <span class='ocrx_word' id='word_1_265' title='bbox 1263 3159 1292 3217; x_wconf 94' lang='lat' dir='ltr'>in</span> 
     </span>
     <span class='ocr_line' id='line_1_33' title="bbox 295 3237 1335 3319; baseline 0.002 -20"><span class='ocrx_word' id='word_1_266' title='bbox 295 3238 403 3299; x_wconf 91' lang='lat' dir='ltr'>eodem</span> <span class='ocrx_word' id='word_1_267' title='bbox 420 3237 495 3297; x_wconf 92' lang='lat' dir='ltr'>libro</span> <span class='ocrx_word' id='word_1_268' title='bbox 516 3238 647 3316; x_wconf 85' lang='lat' dir='ltr'>plurime.</span> <span class='ocrx_word' id='word_1_269' title='bbox 691 3238 799 3297; x_wconf 85' lang='lat' dir='ltr'>Verum</span> <span class='ocrx_word' id='word_1_270' title='bbox 821 3239 922 3299; x_wconf 86' lang='lat' dir='ltr'>endem</span> <span class='ocrx_word' id='word_1_271' title='bbox 941 3241 1020 3300; x_wconf 85' lang='lat' dir='ltr'>botin</span> <span class='ocrx_word' id='word_1_272' title='bbox 1034 3240 1113 3299; x_wconf 84' lang='lat' dir='ltr'>velet</span> <span class='ocrx_word' id='word_1_273' title='bbox 1129 3247 1157 3298; x_wconf 90' lang='lat' dir='ltr'>et</span> <span class='ocrx_word' id='word_1_274' title='bbox 1172 3240 1208 3300; x_wconf 84' lang='lat' dir='ltr'>ed</span> <span class='ocrx_word' id='word_1_275' title='bbox 1223 3255 1335 3319; x_wconf 75' lang='lat' dir='ltr'>que-99</span> 
     </span>
     <span class='ocr_line' id='line_1_34' title="bbox 295 3319 1290 3403; baseline 0.004 -20"><span class='ocrx_word' id='word_1_276' title='bbox 295 3324 410 3384; x_wconf 82' lang='lat' dir='ltr'>litates:</span> <span class='ocrx_word' id='word_1_277' title='bbox 437 3320 474 3382; x_wconf 75' lang='lat' dir='ltr'>st</span> <span class='ocrx_word' id='word_1_278' title='bbox 489 3319 621 3383; x_wconf 81' lang='lat' dir='ltr'>Catilina</span> <span class='ocrx_word' id='word_1_279' title='bbox 639 3340 707 3383; x_wconf 86' lang='lat' dir='ltr'>com</span> <span class='ocrx_word' id='word_1_280' title='bbox 720 3341 776 3383; x_wconf 81' lang='lat' dir='ltr'>suo</span> <span class='ocrx_word' id='word_1_281' title='bbox 790 3326 915 3385; x_wconf 78' lang='lat' dir='ltr'>coasilio</span> <span class='ocrx_word' id='word_1_282' title='bbox 928 3325 1117 3403; x_wconf 79' lang='lat' dir='ltr'>nefariorum</span> <span class='ocrx_word' id='word_1_283' title='bbox 1131 3324 1290 3402; x_wconf 68' lang='lat' dir='ltr'>tammum</span> 
     </span>
     <span class='ocr_line' id='line_1_35' title="bbox 296 3406 1291 3485; baseline 0.003 -17"><span class='ocrx_word' id='word_1_284' title='bbox 296 3422 373 3485; x_wconf 77' lang='lat' dir='ltr'>quoe</span> <span class='ocrx_word' id='word_1_285' title='bbox 386 3424 490 3466; x_wconf 75' lang='lat' dir='ltr'>secam</span> <span class='ocrx_word' id='word_1_286' title='bbox 504 3407 626 3481; x_wconf 75' lang='lat' dir='ltr'>eduxit,</span> <span class='ocrx_word' id='word_1_287' title='bbox 643 3407 703 3466; x_wconf 87' lang='lat' dir='ltr'>bac</span> <span class='ocrx_word' id='word_1_288' title='bbox 717 3406 757 3466; x_wconf 88' lang='lat' dir='ltr'>de</span> <span class='ocrx_word' id='word_1_289' title='bbox 770 3425 808 3466; x_wconf 85' lang='lat' dir='ltr'>re</span> <span class='ocrx_word' id='word_1_290' title='bbox 818 3417 919 3484; x_wconf 79' lang='lat' dir='ltr'>posset</span> <span class='ocrx_word' id='word_1_291' title='bbox 931 3409 1091 3483; x_wconf 80' lang='lat' dir='ltr'>iudicare,</span> <span class='ocrx_word' id='word_1_292' title='bbox 1107 3409 1291 3471; x_wconf 83' lang='lat' dir='ltr'>condemua-</span> 
     </span>
     <span class='ocr_line' id='line_1_36' title="bbox 296 3486 1292 3568; baseline 0.003 -19"><span class='ocrx_word' id='word_1_293' title='bbox 296 3496 344 3550; x_wconf 88' lang='lat' dir='ltr'>ret</span> <span class='ocrx_word' id='word_1_294' title='bbox 365 3487 402 3550; x_wconf 82' lang='lat' dir='ltr'>L.</span> <span class='ocrx_word' id='word_1_295' title='bbox 418 3486 599 3558; x_wconf 61' lang='lat' dir='ltr'>Murenam</span> <span class='ocrx_word' id='word_1_296' title='bbox 628 3498 657 3549; x_wconf 90' lang='lat' dir='ltr'>et</span> <span class='ocrx_word' id='word_1_297' title='bbox 676 3489 712 3548; x_wconf 85' lang='lat' dir='ltr'>ed</span> <span class='ocrx_word' id='word_1_298' title='bbox 735 3491 999 3568; x_wconf 80' lang='lat' dir='ltr'>amplificationem:</span> <span class='ocrx_word' id='word_1_299' title='bbox 1019 3490 1292 3554; x_wconf 64' lang='lat' dir='ltr'>structionem</span> 
     </span>
     <span class='ocr_line' id='line_1_37' title="bbox 297 3574 1290 3652; baseline 0.002 -18"><span class='ocrx_word' id='word_1_300' title='bbox 297 3591 425 3634; x_wconf 80' lang='lat' dir='ltr'>coenam</span> <span class='ocrx_word' id='word_1_301' title='bbox 439 3574 472 3632; x_wconf 85' lang='lat' dir='ltr'>in</span> <span class='ocrx_word' id='word_1_302' title='bbox 485 3574 546 3634; x_wconf 76' lang='lat' dir='ltr'>titis</span> <span class='ocrx_word' id='word_1_303' title='bbox 561 3574 743 3634; x_wconf 78' lang='lat' dir='ltr'>immanibus</span> <span class='ocrx_word' id='word_1_304' title='bbox 754 3576 874 3652; x_wconf 82' lang='lat' dir='ltr'>poculis</span> <span class='ocrx_word' id='word_1_305' title='bbox 888 3576 947 3635; x_wconf 81' lang='lat' dir='ltr'>tois</span> <span class='ocrx_word' id='word_1_306' title='bbox 965 3576 1138 3637; x_wconf 76' lang='lat' dir='ltr'>accidisset</span> <span class='ocrx_word' id='word_1_307' title='bbox 1185 3577 1235 3637; x_wconf 87' lang='lat' dir='ltr'>Sic</span> <span class='ocrx_word' id='word_1_308' title='bbox 1250 3586 1290 3652; x_wconf 91' lang='lat' dir='ltr'>et,</span> 
     </span>
     <span class='ocr_line' id='line_1_38' title="bbox 297 3655 787 3735; baseline -0.002 -17"><span class='ocrx_word' id='word_1_309' title='bbox 297 3655 333 3718; x_wconf 82' lang='lat' dir='ltr'>Si</span> <span class='ocrx_word' id='word_1_310' title='bbox 347 3657 525 3735; x_wconf 81' lang='lat' dir='ltr'>respublica</span> <span class='ocrx_word' id='word_1_311' title='bbox 535 3675 637 3717; x_wconf 89' lang='lat' dir='ltr'>eoeem</span> <span class='ocrx_word' id='word_1_312' title='bbox 653 3657 787 3718; x_wconf 84' lang='lat' dir='ltr'>baberet.</span> 
     </span>
    </p>

    <p class='ocr_par' dir='ltr' id='par_1_4' title="bbox 385 3739 1341 3820">
     <span class='ocr_line' id='line_1_39' title="bbox 385 3739 1341 3820; baseline 0.003 -18"><span class='ocrx_word' id='word_1_313' title='bbox 385 3739 445 3802; x_wconf 84' lang='lat' dir='ltr'>Hos</span> <span class='ocrx_word' id='word_1_314' title='bbox 467 3739 531 3799; x_wconf 89' lang='lat' dir='ltr'>lere</span> <span class='ocrx_word' id='word_1_315' title='bbox 551 3739 637 3802; x_wconf 86' lang='lat' dir='ltr'>sedes</span> <span class='ocrx_word' id='word_1_316' title='bbox 657 3742 822 3819; x_wconf 82' lang='lat' dir='ltr'>accepimns</span> <span class='ocrx_word' id='word_1_317' title='bbox 842 3740 1043 3820; x_wconf 85' lang='lat' dir='ltr'>probationum</span> <span class='ocrx_word' id='word_1_318' title='bbox 1059 3745 1092 3803; x_wconf 93' lang='lat' dir='ltr'>in</span> <span class='ocrx_word' id='word_1_319' title='bbox 1107 3745 1341 3818; x_wconf 58' lang='lat' dir='ltr'>uniuersum</span> 
     </span>
    </p>
   </div>
   <div class='ocr_carea' id='block_1_3' title="bbox 0 0 1607 4409">
    <p class='ocr_par' dir='ltr' id='par_1_5' title="bbox 0 0 1607 4409">
     <span class='ocr_line' id='line_1_40' title="bbox 0 0 1607 4409; baseline 0 0"><span class='ocrx_word' id='word_1_320' title='bbox 0 0 1607 4409; x_wconf 95' lang='lat' dir='ltr'> </span> 
     </span>
    </p>
   </div>
  </div>
 </body>
</html>
