3184 4409
487 498 923 566 rnsr.ossr0u.n113.111,1.
1146 490 1205 550 107

282 658 342 712 ›res'
360 670 417 711 non
437 654 581 728 convenit,
598 671 651 712 nos
670 661 763 714 autem
782 654 934 715 Aristoteli
949 655 1101 716 eredimus.
1133 655 1206 717 llinc

282 757 285 794 ;
302 738 436 797 diversae
452 739 546 796 secari
564 748 724 815 coeperunt
739 741 817 797 viae'
842 737 914 798 Nam
927 749 956 798 et
969 739 1106 799 Isocratis
1122 752 1249 818 prae-14

283 823 373 879 issimi
395 821 528 898 discipuli
549 820 663 880 luerunt
687 824 715 881 in
742 824 817 880 omni
840 823 996 882 studiorum
1015 842 1135 900 genere,
1156 844 1205 884 eo-

281 907 335 963 iam
349 906 466 963 seniore
482 905 630 982 (octavum
649 908 721 964 enim
737 914 766 964 et
783 908 998 988 nonagesimum
1012 908 1145 986 implerit
1158 927 1205 968 an-

282 992 295 1067 )
312 989 515 1067 pomeridianis
530 988 639 1047 scholis
655 988 831 1049 Aristoteles
851 993 1023 1068 praecipere
1037 1001 1126 1050 artem
1142 1009 1205 1052 ora-

282 1092 309 1131 m
325 1075 438 1150 coepit,
464 1082 533 1131 noto
557 1073 671 1150 quidem
692 1073 742 1132 illo
762 1074 809 1151 (nt
825 1075 960 1154 traditur)
981 1092 1068 1133 versu
1088 1094 1125 1134 ex
1141 1076 1205 1135 Phi·

282 1167 316 1216 ·.ta
339 1157 508 1234 frequenter
533 1174 620 1215 usus:
656 1148 787 1234 Αἰσχρὸν
808 1162 940 1233 σιωπᾶν,
960 1148 1130 1236 Ἰσοκράτην
1153 1159 1207 1219 ἐὰν

282 1264 308 1315 ν,
327 1239 429 1318 Turpe
443 1259 511 1302 esse
524 1249 629 1312 tacere
644 1249 672 1301 et
687 1239 847 1302 lsoeroten
862 1244 929 1320 poti
942 1244 1056 1303 dicere.
1086 1242 1143 1301 Ars
1162 1253 1207 1302 est

284 1342 368 1401 sque,
384 1324 436 1383 sed
452 1324 581 1401 plurihns
598 1342 660 1383 eam
675 1324 756 1383 lihris
771 1324 948 1386 Aristoteles
964 1325 1133 1403 complexus
1150 1336 1204 1386 est.

282 1428 318 1469 am
336 1417 467 1486 tempore
492 1408 675 1467 Theodectes
693 1408 767 1484 luit,
789 1409 825 1468 de
847 1412 927 1469 cuius
948 1427 1039 1488 opere
1061 1429 1147 1487 snpra
1165 1411 1205 1470 di·

282 1501 359 1551 est.
408 1492 625 1571 Theophrastus
646 1510 762 1571 quoque
788 1493 956 1554 Aristotelis
985 1494 1143 1572 discipulus
1170 1495 1206 1554 de
1216 1504 1248 1557 15

282 1579 354 1636 trice
370 1577 525 1652 diligenter
540 1579 672 1658 scripsit,
692 1586 778 1656 atque
793 1577 861 1637 hinc
876 1578 925 1637 vel
941 1578 1096 1638 studiosius
1112 1578 1205 1656 philo-

283 1663 292 1719 i
309 1679 393 1738 qnam
417 1660 550 1719 rhetores
572 1663 787 1739 praecipueque
806 1664 970 1722 Stoicorum
985 1679 1019 1722 ac
1036 1661 1205 1740 Peripateti-

280 1763 308 1803 m
328 1747 486 1823 principes.
524 1743 606 1804 Fecit
626 1744 729 1804 deinde
749 1746 830 1805 velut
849 1748 995 1824 propriam
1014 1745 1249 1824 Hermagoraslo

284 1873 293 1904 ,
310 1847 393 1906 quam
407 1828 520 1906 plurimi
534 1837 598 1887 sunt
611 1831 704 1892 secuti
710 1850 717 1897 ;
737 1832 782 1888 cui
802 1832 924 1890 maxime
939 1848 991 1908 par
1006 1839 1092 1907 atque
1111 1849 1205 1890 aemu-

282 1913 381 1972 'idetnr
399 1912 566 1972 Athenaeus
584 1912 685 1971 inisse.
716 1911 805 1973 Multa
821 1924 888 1990 post
906 1913 1079 1992 Apollonius
1095 1913 1205 1989 lllolon,

282 1996 424 2072 aAreus,
451 1996 538 2056 multa
562 1995 707 2056 Caecilius
733 2006 762 2056 et
777 1996 1014 2057 Halicarnasseus
1038 1996 1205 2072 Dionysius.

285 2081 370 2158 cipue
386 2090 480 2139 tamen
494 2082 523 2139 in
537 2099 570 2139 se
587 2089 792 2139 converterunt
811 2082 903 2140 studia
922 2081 1121 2159 Apollodorus
1138 2080 1207 2140 Per·
1217 2089 1248 2144 17

282 2182 363 2240 anns,
386 2167 434 2242 qui
454 2161 629 2242 praeceptor
648 2163 826 2241 Apolloniae
843 2163 978 2225 Caesaris
999 2163 1122 2241 Augusti
1142 2163 1205 2239 init,

281 2248 427 2307 heodorns
446 2248 609 2324 Gadareus,
631 2250 679 2326 qui
700 2266 733 2307 se
752 2249 809 2307 dici
825 2250 923 2308 maluit
938 2244 1095 2322 Rhodium,
1122 2265 1207 2325 quem

282 2336 340 2390 [ose
365 2333 496 2408 audisse,
522 2351 585 2392 curn
607 2333 634 2391 in
657 2350 719 2392 eam
740 2332 861 2399 insulam
883 2334 1076 2406 secessisset,
1103 2331 1207 2390 dicitur

282 2417 341 2474 rius
358 2414 476 2475 Caesar.
507 2415 542 2476 Hi
558 2418 688 2477 diversas
703 2418 854 2494 opiniones
869 2417 1060 2491 tradiderunt,
1076 2413 1249 2494 appella-18

282 2519 287 2556 a
312 2497 598 2579 indeApoIlodoret‘
616 2520 651 2560 ac
674 2499 842 2563 Theodorei
867 2501 902 2561 ad
928 2518 1037 2560 morem
1058 2509 1154 2558 certas
1178 2501 1206 2557 in

282 2583 394 2662 asophia
410 2594 506 2644 sectas
522 2585 671 2662 sequendi.
707 2585 766 2645 Sed
781 2585 957 2663 Apollodori
978 2593 1135 2662 praecepta
1147 2601 1205 2641 ma·

282 2686 310 2727 ax
332 2668 482 2746 discipulis
505 2687 686 2746 cognoscas,
710 2686 830 2746 qnorum
852 2669 1087 2745 diligentissimus
1107 2669 1135 2727 in
1149 2676 1205 2726 tra·

285 2769 302 2810 o
334 2751 386 2811 luit
411 2753 509 2812 Latine
537 2753 624 2830 Gajus
648 2752 786 2830 Valgius,
814 2752 927 2814 Graece
961 2752 1104 2812 Atticus,
1134 2750 1206 2810 Nam

282 2855 300 2894 s
317 2836 381 2895 sola
398 2837 511 2896 videtur
526 2836 583 2895 Ars
600 2838 677 2897 edita
695 2837 730 2897 ad
745 2836 890 2912 Mettium,
909 2839 974 2915 quia
991 2845 1105 2897 ceteras
1120 2837 1206 2894 missa

282 2922 416 2978 tomitinm
438 2922 562 2998 epistola
583 2939 640 2980 non
654 2922 797 2997 agnoscit.
834 2920 918 2981 Plura
935 2922 1052 2998 scripsit
1071 2919 1205 2981 Theodo-

290 3006 371 3063 cuius
387 3007 546 3064 auditorem
562 3005 759 3081 Hermagoran
774 3014 839 3064 sunt
856 3008 903 3083 qni
919 3005 1052 3064 viderint.
1236 3058 1238 3061 .

293 3088 487 3148 Romanorum
502 3091 609 3167 primus
634 3090 789 3167 (qnantum
805 3106 861 3165 ego
877 3089 990 3166 quidem
1012 3089 1121 3168 sciam)
1138 3095 1248 3148 con-19

301 3173 396 3250 aliqua
418 3175 447 3231 in
469 3174 542 3233 hanc
562 3176 708 3233 materiam
729 3171 767 3232 Μ.
787 3171 860 3232 Cato
875 3174 925 3232 ille
945 3171 1120 3246 Censorius,
1139 3180 1207 3249 post
1311 3194 1314 3199 ‘

282 3255 411 3315 latonius
432 3258 592 3326 inchoavit;
621 3274 685 3316 nam
707 3257 765 3317 hoc
783 3257 877 3318 solum
896 3274 968 3335 opus
989 3258 1051 3315 eins
1071 3264 1158 3334 atque
1177 3256 1206 3316 id

282 3358 301 3398 n
325 3342 525 3418 imperfectum
546 3351 650 3401 manet.
686 3342 785 3401 Secuti
805 3343 896 3401 minus
913 3339 1062 3408 celebres;
1087 3357 1207 3418 quorum
1239 3413 1242 3418 1

282 3425 391 3500 ¹oriam,
416 3427 440 3484 si
463 3443 520 3503 qno
541 3427 608 3486 loco
632 3443 681 3484 res
707 3434 828 3503 poscet,
853 3442 910 3484 non
925 3427 1061 3484 omittam.
1091 3424 1248 3485 Praeti-20

282 3527 295 3566 n
317 3527 389 3568 vero
417 3509 513 3568 lumen
535 3513 611 3570 sient
633 3509 819 3587 eloquentiae
842 3511 880 3568 ita
901 3511 1067 3588 praeceptis
1090 3525 1206 3586 quoqne

287 3592 376 3667 dedit,
391 3596 504 3654 unicum
516 3595 591 3672 apud
603 3610 656 3673 nos
670 3595 818 3672 specimen
833 3593 932 3655 orandi
945 3594 1127 3672 docendique
1143 3609 1207 3650 ora·

282 3694 299 3734 s
322 3687 417 3753 artes,
447 3677 486 3737 Μ.
504 3679 627 3746 Tullius;
649 3687 717 3756 post
741 3696 827 3756 quem
845 3686 944 3737 tacere
964 3677 1206 3736 modestissimum

282 3769 303 3838 t,
326 3763 380 3821 nisi
403 3771 432 3822 et
454 3762 618 3823 rhetoricos
638 3778 708 3823 suos
729 3763 794 3844 ipse
816 3762 1004 3826 adolescenti
1021 3761 1081 3822 sihi
1093 3759 1220 3837 elapsos
