3184 4409
304 480 365 543 218
622 488 1008 569 mnumomunmnm

303 665 404 708 curans
421 647 481 706 oris
496 654 526 706 et
542 664 605 706 cnm
619 645 718 705 verhie
735 645 794 704 nnis
811 642 987 705 colluctatio.
1009 641 1071 703 lam
1086 647 1209 707 tussire
1226 656 1256 709 ct
1269 666 1310 709 cn·

257 764 260 769 ·
303 748 394 810 puere
412 730 517 791 crehro
533 739 562 790 et
577 729 613 790 ah
630 731 687 789 imo
703 729 839 807 pulmone
853 728 982 807 pituitam
998 726 1150 789 trochleis
1167 731 1311 793 adducere

303 824 333 874 et
351 815 410 873 oris
427 813 545 873 humore
566 814 715 892 proximos
730 829 870 891 spargere
888 819 917 871 et
931 810 1070 871 maiorem
1084 823 1214 890 partem
1236 817 1312 895 spiri-

301 907 347 958 tns
369 899 398 957 in
412 897 558 976 loquendo
574 914 628 975 per
642 914 728 956 nares
745 895 911 970 effundere,
932 894 1121 955 etiamsinon
1147 900 1256 977 utique
1269 916 1313 961 ro

303 983 345 1041 cis
361 991 425 1040 eunt
441 983 519 1056 vitia,
536 982 601 1059 qnia
611 989 706 1040 tamen
717 988 953 1058 proptervoeem
964 978 1112 1056 accidunt,
1129 983 1314 1060 potissimum

260 1065 367 1125 othnic
390 1064 457 1124 loco
473 1063 665 1124 subiciantur.
697 1063 756 1123 Sed
773 1061 965 1141 quodeunque
981 1079 1020 1121 ex
1033 1060 1080 1123 lais
1095 1065 1211 1127 vitium
1226 1068 1314 1145 mugit

299 1148 412 1208 tulerim
435 1166 535 1227 mam,
566 1164 622 1226 quo
639 1147 855 1206 nuncmaximc
876 1144 1022 1205 laboratur
1043 1147 1073 1205 in
1093 1151 1204 1211 causis
1230 1152 1313 1213 omni·

301 1231 354 1291 bus
371 1231 557 1310 scholisque,
579 1231 726 1306 cantandi,
749 1229 827 1308 quod
843 1228 967 1288 inutilius
986 1229 1023 1289 sit
1039 1246 1076 1289 an
1096 1230 1246 1311 foedius,
1269 1252 1314 1295 ne

245 1334 247 1343 ·
301 1316 372 1376 scio.
405 1314 479 1388 Quid
498 1315 572 1373 enim
585 1308 675 1373 minui
689 1314 797 1374 oratori
814 1314 948 1373 convenit
962 1330 1051 1390 quam.
1059 1314 1237 1379 modulatio
1254 1336 1313 1379 sce

299 1401 363 1458 nica
391 1407 420 1459 et
448 1415 647 1476 nonuunquam
675 1396 820 1458 ebriorum
844 1404 892 1456 aut
918 1397 1137 1459 comissantium
1172 1400 1314 1463 licentiae

257 1479 421 1542 58similis‘l
459 1480 534 1556 Quid
559 1499 632 1543 vero
654 1480 805 1541 movendis
833 1479 985 1543 udeetihut
1006 1483 1192 1545 carnarium
1221 1486 1313 1564 magt·

299 1584 398 1645 qnam,
417 1583 480 1626 cum
498 1564 668 1640 dolendum,
685 1562 883 1639 irascendum,
904 1563 1129 1641 indignandum,
1153 1571 1313 1629 oommisc·

297 1650 414 1709 randum
430 1651 483 1724 eit,
499 1648 664 1709 nouaclum
681 1648 717 1708 ab
734 1648 779 1708 hie
794 1646 962 1723 attactibus,
983 1648 1013 1707 in
1028 1664 1105 1727 qnos
1122 1650 1312 1715 inducendus

298 1741 343 1792 cst
357 1732 459 1808 iudex,
482 1733 624 1792 recedere
640 1733 694 1792 sed
708 1733 800 1810 ipsam
815 1731 876 1792 iori-
886 1731 1065 1792 sanctitatem
1079 1731 1226 1795 ludorum
1242 1735 1310 1797 tala-

267 1824 270 1829 '
296 1817 368 1875 rium
382 1814 498 1876 lieentia
519 1812 658 1876 solvere?
691 1814 764 1877 Nam
779 1812 885 1875 Cicero
899 1815 967 1893 illes
980 1832 1021 1877 aar
1037 1812 1140 1893 Lecta
1157 1826 1191 1881 ed
1210 1816 1309 1883 Gamo

296 1900 436 1960 rhetorum
455 1918 556 1978 paene
580 1906 709 1962 comtme
728 1901 761 1960 iu
782 1899 910 1979 cpdtcpir
925 1898 1006 1959 dixit.
1042 1896 1107 1959 Nos
1121 1902 1221 1963 'etiam
1244 1919 1307 1963 can

253 1982 372 2045 artandi
385 1985 563 2044 severiorem
576 1983 663 2062 paulo
674 1983 788 2043 modum
800 1982 989 2043 excesslmnu.
1017 1980 1237 2062 Quisquamne,
1252 2002 1305 2047 non

297 2066 362 2126 dico
383 2066 420 2126 de
442 2067 611 2142 homicidio,
635 2067 791 2144 sacrilegio
801 2069 814 2143 ‚'
835 2065 1012 2145 'parricidio‚
1036 2066 1089 2127 sed
1113 2066 1154 2127 de
1179 2068 1302 2129 calerd's

296 2159 377 2209 certe
394 2159 480 2229 atque
494 2150 670 2226 rationibus,
694 2151 844 2229 quisquam
861 2149 1004 2228 deniqne,
1023 2157 1055 2210 ut
1075 2149 1173 2211 semel
1195 2152 1298 2227 liniam,

294 2234 322 2292 in
337 2233 388 2292 lite
404 2233 519 2295 cantat?
541 2234 665 2308 Quodsi
682 2235 795 2293 omnino
811 2232 1010 2312 reeipiendnm
1027 2241 1088 2293 ent:
1104 2233 1179 2309 nihil
1194 2252 1297 2297 cannae

295 2326 349 2392 est,
367 2335 417 2376 cur
432 2335 488 2377 non
504 2317 581 2377 illam
597 2319 679 2377 vocis
694 2316 915 2378 modulationem
931 2315 1035 2376 fidibus
1051 2333 1086 2377 ac
1101 2316 1196 2394 tibiis,
1216 2320 1294 2383 tnnc

292 2400 429 2477 hercule,
447 2402 523 2480 quod
540 2409 586 2461 est
600 2401 667 2461 hnic
682 2401 855 2461 deformitati
871 2401 1001 2480 propius,
1022 2398 1164 2475 cymbalis
1180 2402 1295 2463 adiuve-

250 2487 362 2542 60mus.
386 2483 517 2544 Facimus
534 2493 629 2544 tamen
644 2484 700 2544 hoo
718 2484 859 2553 libentem
876 2501 941 2544 nam
951 2501 1009 2544 nec
1024 2484 1158 2562 cuiquam
1172 2495 1244 2547 sunt
1257 2486 1293 2545 in-

292 2568 423 2642 iucunda,
443 2587 516 2646 quae
534 2577 646 2628 cantant
661 2570 733 2647 ipsi,
750 2576 779 2628 et
794 2566 903 2627 laboris
917 2567 947 2626 in
961 2567 1018 2627 hoc
1033 2584 1118 2644 qnam
1135 2568 1165 2627 ln
1180 2567 1293 2647 agendo

291 2650 381 2708 minna
405 2661 458 2710 est.
497 2653 567 2711 Sunt
586 2661 614 2711 et
636 2652 765 2730 quidam,
794 2652 842 2730 qni
866 2650 1021 2710 seeundum
1048 2649 1104 2711 alia
1127 2651 1210 2713 ritae
1230 2653 1293 2713 vitia

291 2734 375 2792 etiam
396 2733 450 2794 hac
471 2734 578 2812 ubique
599 2736 746 2811 audiendi,
775 2734 853 2813 qnod
873 2751 958 2794 aures
979 2733 1120 2809 mulcent,
1142 2734 1293 2815 voluptate

290 2817 437 2876 ducuntur.
471 2817 545 2890 Quid
568 2815 662 2895 ergo?
690 2836 747 2878 non
769 2827 797 2877 et
814 2814 919 2877 Cicero
941 2818 1009 2878 dicit
1031 2834 1098 2877 ease
1122 2816 1292 2896 aliqucmin

290 2902 420 2960 oratione
436 2911 558 2962 comtum
579 2903 809 2964 obscuriorem?
838 2910 867 2961 et
883 2901 941 2961 hoc
958 2900 1081 2979 quodam
1097 2902 1225 2963 naturali
1244 2901 1291 2963 ini·

288 2986 328 3042 tio
351 2980 449 3044 venit?
478 2984 632 3045 Ostendam
653 3003 710 3044 non
733 2984 821 3044 multo
842 2993 928 3063 poet,
951 2984 1000 3045 nbi
1015 2993 1046 3044 et
1061 2991 1206 3062 qnatenus
1220 2985 1291 3047 reci·

289 3068 410 3144 piendus
427 3068 463 3127 sit
479 3067 526 3128 hio
542 3069 635 3128 flexus
658 3078 688 3129 et
709 3078 808 3129 cantos
821 3067 943 3147 quidem
963 3067 1033 3144 sod,
1056 3066 1136 3146 quod
1156 3068 1291 3149 plerique

288 3151 453 3228 intelligere
470 3152 584 3228 uolunt,
603 3152 810 3212 obscurior.

246 3240 277 3293 dt
369 3234 427 3294 lam
444 3238 518 3295 enim
533 3245 647 3314 tempus
662 3244 708 3294 est
727 3235 856 3311 dicendi,
878 3252 952 3313 quae
970 3235 1006 3294 sit
1023 3242 1109 3313 apta
1123 3237 1291 3312 pronuntia·

287 3317 336 3376 tio.
374 3317 455 3390 Quae
477 3328 557 3378 certe
582 3327 700 3394 esest,
723 3337 798 3397 quae
820 3319 871 3394 iis,
895 3319 932 3380 de
953 3316 1055 3397 (pnihm
1076 3317 1219 3398 dicimus,
1246 3338 1291 3381 ao

288 3401 493 3460 commodatur.
525 3401 609 3475 Quod
632 3403 747 3480 quidem
768 3402 891 3463 maxima
909 3419 948 3461 ex
967 3410 1051 3481 parte
1068 3410 1223 3479 praestant
1237 3403 1291 3483 ipsi
1351 3416 1353 3423 '

286 3493 379 3554 motus
395 3485 565 3560 animorum,
585 3495 725 3565 sonatque
741 3494 864 3560 vox‚·ut
878 3486 995 3552 feritur:
1017 3484 1152 3546 aeduum
1168 3487 1228 3547 sint
1245 3487 1291 3548 nttt
1351 3514 1354 3561 r

284 3567 348 3624 veri
364 3566 502 3643 allectus,
530 3569 577 3629 alii
599 3570 656 3629 ficti
674 3579 703 3629 et
718 3570 831 3628 imitati:
861 3569 924 3629 veri
940 3567 1109 3629 naturaliter
1124 3578 1290 3651 erumpunt,
1352 3566 1356 3605 ³

284 3658 314 3707 ut
338 3649 510 3726 dolentium,
534 3653 734 3728 irascentium,
765 3653 984 3730 indignantium,
1017 3652 1071 3713 sed
1097 3661 1201 3715 ment
1228 3663 1289 3717 arto
1356 3658 1359 3757 l

241 3733 408 3812 62ideoque
432 3743 495 3794 sunt
516 3735 668 3814 disciplina
689 3745 718 3796 et
732 3737 844 3797 ratione
860 3736 1011 3799 formandi.
1042 3732 1154 3801 Contra
1174 3738 1226 3819 qai
1247 3736 1288 3801 ci·
1356 3764 1359 3779 ·
