3184 4409
558 494 981 564 nusr.onsroa.n1u.rs,4.
997 497 1022 548 5.
1230 489 1291 550 177

290 652 349 712 hoo
364 653 533 729 contingere
549 670 665 730 semper
678 660 777 733 potest
793 654 963 730 praesertim
979 655 1097 727 oratori,
1114 656 1159 714 cui
1174 656 1289 734 saepius

290 737 425 813 scribere⁴
437 738 472 796 ad
488 745 748 815 praesentes-,usus
767 754 892 795 necesse
915 746 972 804 est;
997 746 1027 796 et
1050 740 1209 798 emendatio
1228 743 1291 818 ipsa

290 822 376 880 finem
392 820 509 881 habeat.
537 821 607 880 Sunt
623 820 697 881 enim
714 822 761 899 qui
772 821 808 880 ad
820 821 912 879 omnia
925 823 1031 898 scripta
1043 830 1174 899 tanquam
1186 825 1290 885 vitiosa

290 906 411 964 redeant
431 915 476 980 et,
493 906 574 982 quasi
588 905 658 964 nihil
675 905 718 964 fas
731 901 771 964 'sit
785 914 896 964 rectum
917 923 983 963 esse
1006 905 1081 983 quod
1099 908 1216 984 primum
1232 919 1288 984 est,

247 1014 248 1022 ¹
290 975 573 1049 melinfexistiment
588 988 725 1067 quidquid
743 997 788 1048 est
803 989 896 1065 alind,
914 991 999 1066 idque
1015 989 1136 1065 faciant,
1156 994 1289 1068 quotiens

290 1073 392 1133 librum
407 1076 436 1132 in
451 1091 549 1132 manus
569 1081 796 1152 resumpserunt,
815 1073 924 1132 similes
938 1074 1058 1133 medicis
1076 1076 1161 1133 etiarn
1178 1076 1290 1152 integra

246 1183 248 1211 t
290 1157 465 1217 secantibus.
507 1157 622 1217 Accidit
645 1158 759 1234 itaque,
782 1166 812 1215 ut
828 1159 998 1217 cicatricosa
1014 1160 1071 1217 sint
1086 1167 1115 1217 et
1133 1162 1289 1235 exsanguia

246 1265 248 1274 ·
291 1251 319 1299 et
336 1259 404 1300 cura
420 1243 531 1319 peiora.
574 1242 617 1302 Sit
639 1259 711 1318 ergo
737 1240 890 1319 aliquando
915 1242 993 1320 quod
1008 1242 1123 1319 placeat
1146 1251 1194 1302 aut
1209 1251 1320 1308 certes

291 1325 368 1402 quod
392 1325 533 1398 sufficiat,
556 1334 586 1384 ut
607 1343 679 1404 opus
700 1326 792 1403 poliat
816 1325 881 1384 lima
902 1343 958 1384 non
980 1336 1102 1386 exterat.
1138 1325 1289 1405 Temporis

246 1444 248 1452 =
290 1426 406 1486 qnoque
423 1427 490 1468 esse
507 1409 595 1469 debet
610 1410 720 1475 modus¹
757 1410 829 1469 Nam
851 1410 928 1487 quod
947 1408 1054 1471 Cinnae
1075 1410 1224 1485 Zmyrnam
1239 1429 1289 1471 no·

289 1511 354 1551 vem
369 1495 448 1553 annis
464 1497 628 1572 accepimus
647 1496 794 1572 scriptam,
813 1503 842 1553 et
853 1492 1060 1571 Panegyricum
1073 1494 1222 1570 Isocratis,
1241 1497 1289 1574 qui

289 1579 469 1654 parcissime,
486 1577 587 1638 decem
599 1580 678 1638 annis
691 1579 788 1638 dicunt
801 1577 994 1638 elaboratum:
1011 1581 1046 1639 ad
1061 1589 1206 1639 oratorem
1220 1576 1289 1639 nihil

290 1663 431 1738 pertinet,
450 1663 530 1720 cuius
546 1664 654 1723 nullum
673 1664 737 1738 erit,
754 1665 778 1721 si
794 1673 850 1722 tam
868 1664 977 1730 tardum
988 1664 1085 1740 fuerit,
1101 1665 1246 1724 auxilium.

572 1816 659 1876 QUAE
676 1817 860 1867 SCRIBENDA
873 1816 1014 1868 ΜΑΧΙΜΕ,

372 1915 407 1972 V.
424 1916 585 1976 Proximum
598 1927 652 1991 est,
665 1917 845 1989 utdicamns,
862 1935 953 1994 quae
967 1919 1178 1995 praecipue
1193 1920 1288 1979 scri·

288 2000 407 2059 benda
427 2002 508 2060 sint.
539 2001 601 2060 Hoc
617 2001 801 2061 exuberantis
817 2003 855 2059 sit
871 2001 986 2078 quidem
1001 2003 1118 2079 operis,
1140 2012 1171 2060 ut
1195 2004 1287 2082 expli·

289 2102 398 2159 cemus,
416 2103 489 2162 qnae
503 2087 557 2144 sint
572 2085 718 2161 materiae,
738 2103 813 2163 quae
828 2085 918 2162 prima
936 2093 983 2143 aut
1000 2085 1126 2144 secunda
1144 2095 1192 2145 aut
1209 2087 1288 2146 dein·

289 2186 360 2246 ceps
381 2170 528 2229 tractanda
550 2171 618 2238 sint;
643 2187 707 2228 nam
727 2170 755 2229 id
778 2170 884 2229 factum
910 2177 954 2227 est
980 2169 1064 2228 etiam
1083 2171 1174 2247 primo
1201 2169 1286 2246 libr0,

289 2270 345 2330 quo
363 2271 527 2330 puerorum,
544 2263 573 2312 et
592 2254 737 2329 secundo,
755 2270 813 2332 quo
835 2252 1028 2312 robustiorum
1043 2252 1144 2312 studiis
1160 2253 1288 2312 ordinem

288 2337 432 2406 dedimus;
455 2339 524 2411 sed,
542 2338 577 2397 de
599 2355 655 2415 quo
677 2357 752 2398 nunc
773 2340 883 2415 agitur,
905 2337 981 2396 unde
1002 2338 1086 2415 copia
1108 2355 1143 2397 ac
1164 2338 1288 2398 facilitas

287 2423 410 2480 maxime
426 2424 531 2480 veniat.

371 2505 531 2565 Vertere
556 2504 697 2566 Craeca
718 2508 752 2564 in
774 2504 936 2564 Latinum
950 2512 1067 2563 veteres
1083 2505 1175 2564 nostri
1191 2513 1316 2566 orato-2

286 2608 335 2648 res
355 2592 491 2668 optimum
513 2589 684 2649 iudicabant.
719 2589 751 2650 ld
766 2608 800 2648 se
815 2588 846 2648 L.
868 2586 991 2648 Crassus
1013 2589 1042 2648 in
1061 2589 1120 2648 illis
1136 2587 1287 2650 Ciceronis

287 2675 324 2733 de
340 2672 464 2733 Oratore
480 2673 559 2734 libris
578 2674 646 2733 dicit
660 2674 819 2734 factitasse.
845 2673 876 2733 ld
892 2670 997 2733 Cicero
1012 2691 1063 2732 sna
1078 2674 1142 2752 ipse
1160 2691 1286 2752 persona

286 2759 521 2835 frequentissime
543 2760 698 2837 praecipit,
726 2759 794 2837 quin
822 2759 907 2817 etiam
932 2757 1022 2817 libros
1047 2757 1175 2817 Platonis
1199 2767 1287 2837 atque

286 2842 488 2920 Xenophontis
511 2843 599 2903 edidit
618 2843 675 2903 hoc
694 2860 805 2920 genere
817 2841 983 2902 translatos.
1017 2841 1050 2901 ld
1064 2840 1208 2902 Messalae
1224 2843 1286 2921 pla·

288 2929 356 3000 cuit,
372 2927 536 3005 multaeque
551 2935 615 2986 sunt
630 2927 665 2986 ab
678 2944 714 2986 eo
725 2928 852 3005 scriptae
865 2925 986 3007 adhunc
998 2926 1112 2985 modum
1128 2927 1286 3003 orationes,

287 3009 361 3068 adeo
377 3020 408 3069 ut
423 3013 509 3070 etiam
528 3030 591 3071 cnm
607 3010 657 3071 illa
672 3010 828 3088 Hrperidis
842 3027 896 3089 pro
914 3009 1027 3086 Phryne
1046 3009 1213 3070 difficillima
1229 3009 1287 3070 Ro·

287 3095 376 3152 manis
392 3094 549 3156 subtilitate
566 3096 764 3156 contenderet.
790 3093 828 3155 Et
837 3095 988 3155 manifesta
1008 3102 1054 3154 est
1071 3094 1317 3155 exercitationis3

286 3178 407 3236 huiusce
429 3182 511 3238 ratio.
541 3179 612 3239 Nam
623 3188 652 3239 et
663 3196 759 3238 rerum
775 3179 859 3257 copia
876 3177 979 3238 Graeci
993 3186 1129 3238 auctores
1144 3175 1297 3254 abundant

287 3270 316 3319 et
333 3261 483 3338 plurimum
499 3265 567 3323 artis
590 3265 619 3322 in
641 3264 836 3342 eloquentiam
852 3261 1022 3337 intulerunt,
1044 3271 1073 3323 et
1093 3260 1148 3320 bos
1165 3260 1286 3330 transfe-

286 3344 415 3404 rentibus
427 3346 524 3405 verbis
540 3348 579 3406 uti
595 3346 709 3425 optimis
728 3347 807 3421 licet,
828 3345 957 3405 omnibns
970 3347 1044 3405 enim
1056 3347 1158 3404 utimur
1168 3347 1285 3406 nostris.

286 3429 407 3506 Figuras
424 3447 506 3505 vero,
525 3430 627 3508 quibus
645 3433 767 3492 maxime
783 3439 901 3490 ornatur
912 3431 1015 3506 oratio,
1030 3430 1179 3490 multasse
1191 3423 1285 3491 v'arias

286 3514 471 3590 excogitandi
488 3516 573 3574 etiam
590 3516 751 3575 necessitas
767 3513 907 3594 quaedam
923 3524 985 3591 est,
1004 3515 1070 3594 qnia
1085 3515 1286 3594 plerumquea

286 3598 406 3658 Graecis
424 3597 551 3657 Romana
567 3598 747 3660 dissentiunt.

370 3682 429 3741 Sed
453 3691 482 3741 et
504 3682 555 3742 illa
577 3701 621 3744 ex
640 3683 780 3744 hatinis
803 3684 1005 3744 conversio
1028 3683 1144 3743 multum
1172 3685 1314 3761 etipsud

286 3767 450 3826 contulerit.
490 3766 534 3826 hc
555 3767 591 3827 de
615 3767 785 3830 carminibus
807 3768 921 3846 quidem
943 3768 1084 3829 neminem
1099 3765 1188 3831 credo
1205 3765 1284 3826 dubi·

327 3872 357 3911 m.
370 3873 394 3911 r.
407 3872 519 3922 ournnn.
532 3856 565 3912 lt.
1097 3849 1145 3910 Ὠ
