3184 4409
568 461 657 509 rnen.
671 460 821 511 onnuon.
833 460 902 510 nm.
914 460 980 527 xn,
993 459 1018 511 1.
1231 447 1293 510 239

291 619 483 696 distringente
499 625 584 696 atque
600 616 658 677 alio
676 615 801 676 ducente
816 632 915 691 causa,
931 614 1074 694 spectabit
1092 616 1120 675 id
1136 615 1239 691 solum,
1256 617 1292 676 ad

292 702 373 781 quod
395 703 564 779 accingitur.
602 699 712 773 Quodsi
737 715 872 775 agrorum
892 701 977 758 nimia
999 717 1068 759 cura
1091 709 1121 758 et
1140 700 1321 766 sollicitiore

291 788 337 847 rei
358 786 507 846 lanriliaris
528 786 677 862 diligentia
705 793 734 843 et
753 783 877 847 venandi
898 784 1034 861 voluptas
1058 793 1086 843 et
1101 783 1160 842 dati
1175 794 1291 861 specta·
1357 856 1359 870 Ι

292 871 367 932 culis
389 871 453 931 dics
475 869 592 929 multum
615 869 714 928 studiis
737 866 869 926 auferunt
885 867 966 944 (huic
982 867 1056 925 enim
1070 869 1114 926 rei
1130 869 1205 943 perit
1220 877 1291 928 tem·

289 973 364 1035 pus,
392 953 584 1034 quodcunque
606 953 690 1013 alteri
705 952 817 1030 datur):
841 952 908 1029 quid
923 961 1054 1029 putamus
1070 951 1195 1010 facturas
1212 954 1291 1032 cupi·

289 1040 425 1114 dilatem,
449 1039 611 1113 avaritiam,
637 1036 788 1110 invidiam,
805 1052 924 1113 quarum
938 1037 1195 1114 impotentissimae
1211 1037 1291 1112 cogi·

289 1125 417 1183 tationes
433 1139 551 1181 somnos
574 1123 658 1181 etiam
683 1128 712 1179 et
729 1119 779 1178 illa
801 1136 856 1197 per
875 1121 1000 1197 quietem
1019 1121 1081 1178 visa
1098 1117 1291 1198 perturbant?

288 1206 370 1266 Nihil
385 1215 431 1266 est
456 1206 531 1266 enim
547 1214 603 1265 tam
619 1214 806 1282 occupatum,
829 1212 886 1263 tarn
910 1204 1101 1279 multiforme,
1125 1212 1169 1262 tot
1182 1221 1218 1264 ac
1235 1213 1320 1272 taint

289 1291 379 1350 variis
395 1290 547 1350 affectibus
565 1290 713 1349 concisum
733 1297 820 1364 atque
837 1287 994 1347 laceratum
1011 1306 1094 1365 quam
1107 1288 1182 1348 mala
1199 1306 1291 1348 mens.

289 1373 364 1434 Nam
389 1384 502 1434 etcum
524 1373 689 1433 insidiatur:
714 1389 784 1451 spe,
809 1373 901 1447 curis,
923 1371 1025 1432 labore
1040 1373 1233 1449 distringitur;
1262 1381 1293 1432 et

290 1459 349 1517 iam
377 1475 440 1518 cum
463 1457 587 1518 sceleris
613 1473 734 1535 compos
759 1457 826 1521 luit:
860 1456 1072 1532 sollicitudine,
1100 1459 1289 1535 poenitentia,

293 1559 451 1620 poenarum
473 1544 597 1601 omnium
622 1542 828 1620 expectatione
846 1549 1006 1618 torquetur.
1042 1539 1113 1614 Quis
1128 1543 1203 1600 inter
1217 1542 1292 1601 baec

292 1626 397 1686 litteris
415 1635 462 1687 aut
478 1626 529 1686 ulli
550 1625 645 1686 bonae
666 1627 719 1685 arti
735 1622 841 1684 locus?
871 1624 937 1684 Non
955 1624 1076 1685 hercule
1096 1627 1187 1703 magis
1207 1643 1291 1703 quern

291 1709 424 1787 frugibus
439 1712 468 1769 in
485 1720 563 1769 terra
584 1710 713 1769 sentibus
735 1727 771 1769 ac
784 1707 864 1768 rubis
885 1719 1038 1785 occupata.
1077 1709 1158 1786 Age,
1180 1727 1239 1769 uon
1254 1709 1319 1769 ad8

292 1795 484 1872 perferendos
506 1794 664 1855 studiorum
685 1792 803 1854 labores
823 1795 990 1853 necessaria
1011 1791 1184 1871 frugalitas?
1215 1792 1289 1868 Quid

291 1880 380 1956 igitur
401 1898 439 1938 ex
459 1879 577 1939 libidine
593 1896 628 1938 ac
648 1877 760 1938 luxuria
782 1875 866 1956 spci‘l
899 1875 964 1938 Non
985 1881 1144 1956 praecipue
1164 1881 1240 1938 acuit
1254 1878 1291 1938 ad

293 1961 477 2040 cupiditatem
500 1963 657 2022 litterarum
681 1978 762 2021 amor
785 1959 901 2021 laudis‘l
932 1961 1006 2020 Num
1021 1962 1107 2038 igitur
1122 1963 1204 2022 malis
1222 1980 1291 2022 esse

292 2046 407 2106 laudem
423 2064 509 2106 curae
525 2044 677 2129 putamus?
715 2044 774 2105 lam
789 2045 847 2104 hoc
864 2047 927 2124 quis
946 2062 1004 2104 non
1023 2046 1118 2122 videt,
1140 2047 1291 2106 maximam

292 2139 403 2208 partem
425 2132 562 2190 orationis
583 2132 612 2189 in
628 2138 751 2189 tractatu
773 2131 858 2206 aequi
879 2129 1005 2208 bonique
1022 2128 1205 2189 consistere?
1240 2130 1290 2189 Di·

293 2224 378 2274 cetne
391 2214 426 2274 de
441 2215 486 2274 his
499 2213 655 2273 secundnm
667 2213 791 2273 debitam
806 2231 901 2273 rerum
916 2213 1082 2291 dignitatem
1096 2214 1188 2273 malus
1202 2224 1288 2292 atque

292 2296 428 2376 iniquus?
459 2298 603 2375 Denique,
620 2307 651 2357 nt
667 2299 816 2358 maximam
831 2307 944 2376 partem
962 2299 1140 2376 quaestionis
1157 2300 1318 2373 eximamt

292 2385 410 2458 demus,
426 2382 455 2443 id
471 2382 548 2460 quod
563 2383 642 2442 nullo
657 2381 743 2443 modo
758 2377 821 2442 lieri
834 2391 948 2461 potest,
966 2382 1042 2443 idem
1056 2383 1174 2458 ingenii,
1193 2376 1288 2457 studii,

293 2468 458 2541 doctrinae,
481 2467 608 2543 pessimo
632 2475 719 2544 atque
743 2468 852 2545 optimo
872 2467 952 2526 viro:
978 2475 1044 2524 uter
1058 2466 1162 2525 melior
1177 2467 1290 2527 dicetur

293 2547 411 2611 orator?
446 2550 582 2609 Nimirum
605 2551 653 2629 qui
675 2550 760 2609 homo
777 2568 895 2629 quoque
911 2550 1023 2610 melior.
1058 2549 1123 2609 Non
1138 2553 1225 2627 igitur
1239 2569 1289 2609 un·

292 2653 377 2715 quam
393 2634 485 2694 malus
500 2633 575 2693 idem
590 2634 677 2694 bomo
693 2643 722 2695 et
742 2634 892 2714 perlectus
909 2643 1017 2694 orator.
1053 2633 1119 2694 Non
1135 2637 1209 2694 enirn
1223 2646 1333 2713 per-10

291 2720 399 2779 lectum
419 2728 464 2777 est
482 2719 651 2798 quidquam,
673 2735 729 2796 quo
751 2717 853 2778 melius
873 2728 918 2778 est
936 2718 1022 2778 aliud.
1054 2719 1131 2794 Sed,
1153 2737 1286 2779 nemore

293 2804 507 2864 Socraticorum
522 2803 666 2862 nobismet
681 2805 737 2882 ipsi
753 2820 925 2882 responsum
939 2803 1058 2863 finxisse
1072 2804 1235 2879 videamur,
1252 2804 1290 2862 sit

292 2887 395 2965 aliquis
416 2886 490 2947 adeo
515 2896 615 2947 contra
636 2889 788 2948 veritatem
810 2886 987 2962 obstinatus,
1010 2897 1041 2947 ut
1056 2887 1161 2947 audeat
1176 2889 1287 2961 dicere,

293 2971 397 3029 eodem
410 2971 543 3048 ingenio,
561 2973 672 3047 studio,
689 2971 819 3032 doctrina
833 2971 993 3050 praeditum
1007 2972 1100 3031 nihilo·
1112 2971 1288 3031 deteriorem

292 3055 416 3113 futurum
433 3065 578 3115 oratorem
598 3055 702 3115 malum
718 3057 809 3115 virum
833 3073 917 3133 quam
935 3055 1056 3116 bonum:
1084 3057 1287 3114 convincamus

292 3139 375 3197 huius
402 3155 517 3216 quoque
543 3141 703 3199 amentiam.
725 3139 814 3200 ‘Nam
837 3140 895 3200 lroc
921 3149 1003 3199 certe
1030 3155 1114 3199 uerno
1139 3137 1329 3214 dubitabit‚ll

293 3238 404 3281 omnem
419 3224 578 3283 orationem
593 3224 622 3284 id
636 3240 738 3301 agere,
751 3232 784 3290 ut
800 3223 897 3298 iudici,
914 3241 988 3300 qnae
1004 3222 1285 3301 propositaluerint,

291 3323 362 3365 vera
382 3312 411 3363 et
432 3304 554 3367 honesta
571 3307 731 3368 videantur.
761 3307 861 3368 Utrum
881 3309 968 3384 igitur
990 3306 1047 3366 boc
1064 3307 1177 3366 facilius
1192 3305 1285 3366 bonus

291 3393 335 3450 vir
351 3389 537 3466 persuadebit
551 3409 587 3450 an
602 3389 716 3451 malus?
747 3391 844 3452 Bonus
859 3391 974 3469 quidem
990 3391 1067 3451 dicet
1081 3393 1199 3469 saepius
1214 3408 1284 3451 vera

291 3485 378 3552 atquo
404 3471 536 3545 honesta.
567 3474 626 3535 Sed
647 3477 732 3536 etiam
754 3476 779 3534 si
806 3475 919 3554 quando
942 3475 1039 3553 aliquo
1063 3476 1165 3536 ductus
1185 3475 1283 3535 cilicio
1294 3485 1327 3538 12

292 3557 388 3636 (quod
403 3555 554 3633 accidere,
569 3567 600 3618 nt
615 3577 683 3619 mox
698 3559 883 3634 docebimus,
899 3561 1013 3639 potest)
1029 3559 1104 3620 lalso
1120 3559 1193 3620 baec
1208 3559 1284 3619 allin-

290 3660 370 3703 mare
394 3639 558 3700 conabitur:
579 3644 687 3704 maiore
708 3662 772 3704 cum
790 3643 847 3703 lide
864 3660 987 3703 necesse
1008 3653 1054 3704 est
1076 3645 1214 3705 audiatur.
1246 3642 1285 3702 At

290 3726 372 3787 malis
393 3724 553 3784 bominibus
576 3742 614 3784 ex
635 3736 803 3807 contemptu
826 3728 969 3807 opinionis
989 3737 1019 3789 et
1032 3730 1194 3808 ignorantia
1209 3728 1284 3787 recti
