3184 4409
354 416 413 477 144
668 425 1025 487 amnemamnem

352 583 450 662 utique
468 600 540 661 opus
562 599 627 641 esse
644 560 798 656 suasoriis,
820 591 942 660 propter
957 600 1027 661 quas
1045 579 1103 641 dixi
1118 600 1204 660 supra
1222 601 1338 662 causas,

352 669 391 726 ita
413 685 463 725 cur
484 668 562 726 initio
584 666 693 725 furioso
716 667 752 725 sit
773 665 1004 741 exclamandum,
1026 682 1083 724 non
1103 667 1250 742 intellig03
1276 688 1341 728 oum

352 752 502 829 proposita
518 750 728 809 consultatione
749 758 867 825 rogatus
883 751 1068 824 sententiam,
1091 751 1115 807 si
1131 751 1216 808 modo
1233 761 1279 810 est
1293 771 1340 812 sa-

352 853 422 909 nus,
444 852 501 893 non
523 835 637 911 quiritet
652 833 704 891 sed
722 851 805 910 quam
825 835 946 892 maxime
963 842 1060 912 potest
1078 833 1155 893 civili
1171 843 1200 893 et
1217 835 1340 895 humano

312 921 484 994 60ingressu
499 919 603 976 mereri
618 935 767 976 assensum
782 915 968 978 deliberantis
984 917 1064 976 uelit.
1096 915 1154 975 Gur
1169 927 1265 977 autem
1280 928 1339 978 tor·

353 1021 420 1061 rens
438 1011 467 1061 et
483 1004 580 1080 utique
601 1001 760 1078 aequaliter
775 1002 919 1060 concitata
936 1002 972 1060 sit
991 1002 1068 1059 inea
1089 1001 1210 1060 dicentis
1233 1004 1339 1078 oratio,

355 1104 417 1145 cum
428 1086 475 1144 vel
490 1086 647 1163 praecipue
660 1084 884 1143 moderationem
896 1084 1016 1144 consilia
1028 1082 1214 1144 desiderent?
1235 1084 1339 1164 Neque

354 1187 410 1246 ego
427 1170 609 1245 negaverim,
633 1169 748 1245 saepius
766 1167 916 1228 subsidere
932 1169 960 1227 in
975 1171 1181 1227 controversiis
1203 1170 1341 1246 impetum

354 1253 466 1313 dicendi
480 1252 645 1331 prooemio,
662 1251 840 1326 narratione,
858 1252 1046 1328 argumentis;
1067 1254 1178 1328 quaesi
1194 1252 1341 1328 detrahas,

353 1337 380 1397 id
394 1339 456 1397 fere
474 1337 631 1414 supererit,
655 1351 711 1412 quo
728 1337 876 1395 suasoriae
894 1343 1042 1409 constant,
1064 1353 1163 1394 verum
1179 1337 1206 1395 id
1224 1354 1342 1415 quoque

312 1428 344 1481 61
353 1421 501 1498 aequalius
523 1421 577 1479 erit
598 1435 654 1477 non
671 1418 870 1478 tumultuosius
892 1429 978 1497 atque
998 1417 1147 1478 turbidius.
1177 1419 1342 1479 Verborum

353 1513 447 1563 autem
462 1503 670 1579 magnificentia
685 1519 743 1561 non
757 1503 877 1562 validius
893 1512 938 1562 est
953 1502 1113 1562 affectanda
1128 1505 1273 1562 suasorias
1291 1503 1341 1563 de-

353 1586 539 1647 clamantibus
558 1586 609 1645 sed
628 1587 766 1663 contingit
787 1587 892 1663 magis;
916 1603 979 1646 nam
997 1594 1027 1645 et
1041 1603 1184 1664 personae
1202 1587 1266 1646 iere
1281 1606 1341 1647 ma·

352 1689 427 1747 gnae
448 1670 620 1746 lingentibus
639 1670 771 1748 placent,
794 1689 911 1746 regum,
934 1671 1110 1748 principum,
1131 1679 1266 1746 senatus,
1287 1689 1341 1750 po·

352 1755 413 1831 puli
434 1763 462 1813 et
483 1772 530 1812 res
552 1755 722 1832 ampliores;
745 1755 785 1812 ita
801 1772 864 1813 cum
886 1753 975 1813 verba
996 1753 1082 1813 rebus
1104 1762 1252 1832 aptentur,
1275 1757 1342 1831 ipso

311 1840 344 1893 62
353 1839 489 1897 materiae
504 1839 597 1896 nitore
613 1838 785 1897 clarescunt.
814 1837 879 1898 Alia
894 1839 956 1897 veri
972 1838 1084 1897 consilii
1099 1839 1171 1896 ratio
1187 1846 1244 1912 est,
1261 1838 1342 1896 ideo·

354 1925 409 1999 que
423 1920 638 1999 Theophrastus
655 1939 738 1999 quam
752 1923 873 1981 maxime
887 1929 1027 1981 remotum
1042 1921 1078 1980 ab
1094 1922 1168 1981 omni
1185 1921 1343 1980 allectione

352 2007 382 2064 in
397 2004 585 2066 deliberativo
603 2024 712 2081 genere
727 2004 819 2064 voluit
835 2023 902 2064 esse
917 2009 1094 2084 sermonem,
1110 2014 1226 2065 secutus
1240 2007 1270 2063 in
1284 2005 1342 2065 hoc

354 2091 551 2149 auctoritatem
571 2090 771 2167 praeceptoris
794 2091 854 2164 sui,
882 2107 1042 2166 quanquam
1069 2088 1222 2148 dissentire
1245 2090 1280 2147 ab
1305 2107 1340 2148 eo

311 2174 409 2233 63non
429 2174 524 2232 timide
545 2174 631 2232 solet.
667 2172 797 2250 Namque
814 2171 990 2232 Aristoteles
1012 2173 1144 2232 idoneam
1160 2174 1282 2232 maxime
1306 2172 1341 2231 ad

336 2256 533 2319 ‚scribendum
555 2257 806 2317 demonstrativam
825 2257 1041 2334 proximamque
1064 2256 1099 2316 ab
1122 2275 1157 2316 ea
1178 2255 1342 2316 iudicialem

353 2343 479 2419 putavit,
495 2341 632 2400 videlicet
648 2343 780 2418 quoniam
797 2341 877 2418 prior
893 2341 943 2400 illa
958 2349 1018 2399 tota
1034 2349 1113 2399 esset
1128 2341 1341 2413 ostentationis,

353 2424 426 2484 haec
444 2423 569 2482 secunda
590 2433 691 2501 egeret
712 2425 797 2498 artis,
819 2424 867 2482 vel
890 2424 925 2483 ad
948 2424 1120 2498 fallendum,
1143 2424 1167 2482 si
1188 2425 1227 2483 ita
1248 2439 1342 2503 popo·

312 2508 459 2565 fisscisset
477 2507 600 2582 utilitas,
624 2508 743 2587 consilia
761 2507 816 2567 lide
840 2507 1048 2586 prudentiaque
1065 2516 1240 2567 constarent.
1273 2506 1342 2580 Qui·

353 2590 407 2648 bus
423 2591 449 2647 in
466 2589 687 2650 demonstrativa
703 2591 864 2666 consentio,
879 2609 943 2650 nam
959 2601 988 2651 et
1003 2607 1101 2651 omnes
1117 2591 1166 2651 alii
1181 2592 1342 2669 scriptores

353 2675 428 2732 idern
453 2673 642 2741 tradiderunt;
668 2676 696 2732 in
721 2675 832 2734 iudiciis
856 2683 949 2734 autem
972 2676 1161 2753 consiliisque
1184 2673 1344 2734 secundum

355 2758 552 2816 condicionem
573 2759 678 2836 ipsius,
701 2776 775 2835 quae
798 2757 980 2834 tractabitur,
1002 2760 1046 2818 rei
1070 2757 1344 2818 accommodandam

312 2842 345 2896 65
355 2840 466 2927 dicendi
495 2842 582 2900 credo
607 2844 755 2902 rationem.
793 2839 864 2900 Nam
891 2851 919 2901 et
941 2841 1116 2921 Philippicas
1136 2841 1343 2916 Demosthenis

354 2925 453 2985 iisdem
481 2925 582 3002 quibus
606 2925 716 2986 habitas
743 2927 770 2984 in
797 2926 909 2984 iudiciis
933 2928 1079 2986 orationes
1101 2925 1186 2984 video
1212 2926 1344 2985 eminere

353 3009 519 3084 virtutibus,
544 3019 572 3068 et
593 3009 742 3071 Ciceronis
766 3010 927 3069 sententiae
948 3019 977 3070 et
1000 3012 1149 3069 contiones
1170 3023 1227 3065 non
1249 3011 1343 3068 minus

354 3093 477 3167 clarum,
500 3111 583 3171 quam
606 3103 650 3153 est
673 3095 701 3152 in
717 3092 947 3153 accusationibus
968 3111 1002 3153 ac
1024 3090 1256 3165 defensionibus,
1281 3093 1342 3152 elo:

354 3179 486 3253 quentiae
512 3178 607 3236 lumen
633 3178 794 3238 ostendunt.
838 3175 916 3236 Dicit
937 3185 1032 3236 tamen
1054 3178 1131 3238 idem·
1150 3175 1186 3235 de
1209 3178 1342 3235 suasoria

352 3259 409 3318 hoc
424 3261 524 3320 modo:
549 3260 623 3322 Toto
640 3271 740 3324 actem
756 3262 857 3322 oratio
869 3261 999 3338 simplex
1014 3269 1043 3323 et
1055 3261 1161 3338 qrcois
1176 3267 1205 3320 et
1221 3270 1342 3322 sentcn-

311 3351 345 3406 66
354 3345 402 3402 tiis
421 3346 508 3405 dehet
526 3348 662 3406 ornatior
681 3364 747 3406 csse
772 3361 864 3421 quum
882 3345 993 3406 verbis.
1033 3344 1123 3404 Usum
1144 3342 1341 3421 exemplorum

352 3425 422 3485 nulli
443 3431 579 3488 materiae
599 3429 689 3505 magis
711 3427 867 3488 convenire
887 3428 988 3487 merito
1013 3428 1075 3488 iere
1097 3443 1196 3486 omnes
1220 3443 1340 3487 consen·

353 3511 439 3584 tiunt,
463 3528 525 3569 cum
542 3513 711 3591 plerumque
731 3510 882 3570 videantur
896 3512 1077 3589 respondere
1091 3512 1186 3570 futura
1201 3511 1340 3588 praeteri·

352 3595 404 3666 tis,
421 3593 616 3672 habeaturque
633 3596 858 3674 experimentum
873 3595 952 3654 velut
970 3595 1111 3673 quoddam
1126 3595 1246 3653 rationis
1261 3593 1341 3653 testi·

312 3685 344 3742 67
352 3677 484 3737 monium.
525 3676 655 3752 Brevitas
678 3695 793 3758 quoque
815 3686 864 3738 aut
886 3679 971 3756 copia
991 3696 1049 3738 non
1068 3678 1211 3739 materiae
1230 3679 1341 3754 genere
