3184 4409
583 474 674 525 mrsu.
687 474 836 528 coruom·
849 438 918 526 ure.
930 479 976 545 vr,
988 476 1014 529 1.
1232 466 1293 532 249

300 630 442 709 comibus,
455 630 505 710 qui
518 630 679 693 sollicitare
693 630 757 693 illas
773 641 885 692 aetates
904 633 1010 709 solent,
1020 635 1188 696 anteferret.
1217 635 1293 710 Qua·

352 725 421 796 pter
447 716 491 776 illi
512 715 624 792 dolori,
652 735 737 795 quem
760 735 798 776 ex
819 727 910 777 matre
937 721 1043 795 optima
1069 729 1156 797 atque
1182 738 1294 781 omnem

300 732 415 863 melem
431 817 625 878 supergressa
641 818 752 879 paucos
769 811 835 860 ante
853 820 967 862 menses
984 821 1134 879 ceperam,
1151 807 1292 882 gratulor.

299 882 391 945 linus
413 885 490 945 euim
518 894 579 960 est,
607 885 684 962 quod
715 885 839 945 flendum
864 903 929 945 meo
957 888 1071 945 nomine
1104 906 1188 965 quam
1217 891 1293 967 quod

300 967 375 1029 illius
396 966 579 1046 gaudendum
601 977 656 1028 est.
700 967 763 1029 Una
784 979 851 1047 post
872 970 947 1030 haec
972 970 1137 1044 Quintiliani
1158 975 1214 1032 mei
1241 977 1323 1052 spe9

300 1069 333 1113 ac
345 1051 498 1131 voluptate
515 1051 637 1128 nitebar,
654 1062 683 1113 et
697 1062 813 1130 poterat
828 1054 964 1113 sufficere
980 1055 1095 1113 solatio.
1138 1055 1204 1115 Non
1221 1060 1295 1117 enim

300 1134 455 1212 flosculos,
479 1141 553 1196 sicut
574 1139 668 1215 prior,
696 1136 749 1196 sed
770 1139 826 1197 iam
848 1139 987 1198 decimum
1015 1141 1117 1198 aetatis
1144 1143 1293 1217 ingressus

300 1236 417 1297 annum,
434 1229 532 1279 certos
549 1237 585 1299 ac
604 1220 781 1281 deformatos
805 1221 915 1281 fructus
937 1223 1113 1282 ostenderat.
1157 1223 1224 1285 luro
1240 1243 1294 1304 per
1303 1232 1336 1283 10

298 1303 373 1365 muln
385 1320 467 1381 meu,
482 1322 536 1383 per
550 1304 696 1365 infelicem
713 1307 936 1381 conscientiam,
955 1307 1089 1383 perillus
1104 1326 1219 1384 manes,
1243 1328 1292 1368 nu·

300 1388 373 1447 minu
386 1388 445 1449 mei
460 1388 587 1464 doloris,
605 1389 658 1449 bas
674 1408 718 1449 me
734 1391 762 1448 in
777 1390 828 1449 illo
844 1390 952 1449 vidisse
966 1392 1087 1449 virtutes
1103 1392 1219 1467 ingenii,
1236 1410 1293 1451 non

299 1472 383 1533 molo
406 1472 445 1533 uti
470 1473 671 1551 percipiendas
704 1474 888 1552 disciplinas,
920 1491 976 1552 quo
1002 1475 1070 1534 nibil
1100 1479 1293 1553 praestantius

300 1558 425 1633 cognovi
449 1556 571 1635 plurima
595 1567 750 1637 expertus,
777 1558 920 1636 studiique
946 1561 1001 1618 iam
1032 1567 1089 1618 tum
1116 1577 1174 1619 non
1199 1562 1293 1621 coacti

300 1638 408 1718 (sciunt
429 1643 655 1721 praeceptores)
678 1642 730 1701 sed
751 1641 920 1720 probitatis,
945 1645 1077 1720 pietatis,
1100 1643 1291 1721 humanitatis,

299 1723 494 1800 liberalitatis,
516 1733 547 1784 ut
563 1742 682 1803 prorsus
705 1733 807 1804 posset
827 1726 893 1785 binc
915 1745 983 1786 esse
1000 1728 1069 1786 tanti
1094 1728 1217 1788 fulminis
1232 1746 1292 1790 me·

299 1815 359 1884 tus,
371 1809 451 1887 quod
466 1807 650 1869 observatum
665 1809 727 1870 fere
745 1819 803 1886 est,
826 1811 951 1870 celerius
972 1813 1108 1872 occidere
1131 1813 1292 1874 festinatam

299 1894 504 1969 maturitatem,
523 1901 555 1952 et
577 1911 644 1953 esse
664 1895 765 1953 nescio
788 1911 886 1972 quam,
908 1912 982 1971 quae
998 1913 1066 1972 spes
1082 1905 1174 1956 tantas
1189 1897 1291 1957 decer·

299 1984 359 2055 pat,
380 1976 533 2051 invidiam,
554 1995 591 2035 ne
610 1979 747 2038 videlicet
767 1978 860 2052 ultra,
882 1996 966 2056 quam
988 1979 1095 2039 homini
1119 1980 1215 2041 datum
1234 1990 1289 2057 eet,

298 2068 394 2121 uosua
409 2060 614 2138 provehantur.
660 2061 753 2121 Etiam
768 2061 817 2121 illa
832 2062 948 2121 fortuita
960 2064 1077 2123 aderant
1093 2067 1196 2139 omnia,
1208 2067 1290 2125 vocis
1300 2072 1332 2123 ll

298 2144 457 2204 iucunditas
469 2144 658 2223 claritasque,
676 2147 734 2204 oris
753 2148 879 2205 suavitas
902 2156 930 2206 et
947 2149 975 2206 in
988 2156 1166 2226 utracunque
1181 2149 1288 2226 lingua,

297 2234 430 2307 tauquam
453 2227 489 2287 ud
510 2246 573 2288 eam
595 2230 706 2289 demum
729 2239 811 2288 natus
841 2239 934 2304 esset,
957 2249 1098 2310 expressa
1126 2235 1289 2310 proprietas

295 2313 420 2385 pmuium
435 2311 604 2373 litterarum.
648 2314 707 2374 Sed
724 2313 797 2372 baec
814 2332 883 2391 spes
898 2314 1004 2381 adhuc;
1022 2315 1071 2374 illa
1085 2318 1204 2393 maiora,
1221 2334 1289 2376 con-

246 2424 249 2437 =
297 2396 416 2472 mua,
431 2397 575 2472 gmvitas,
595 2407 695 2456 eontra
713 2397 832 2457 dolores
849 2399 934 2457 etiam
945 2417 979 2458 ac
994 2408 1085 2458 metus
1097 2400 1195 2460 robur.
1217 2400 1290 2460 Nam

297 2496 350 2558 quo
364 2478 419 2540 ille
436 2481 546 2554 animo,
571 2499 627 2559 qua
646 2481 823 2541 medicorum
848 2483 1033 2542 admiratione
1060 2485 1198 2545 mensium
1221 2494 1289 2545 octo

297 2562 489 2624 valetudinem
503 2561 587 2623 tulit?
608 2574 639 2624 ut
652 2583 697 2624 me
712 2567 741 2624 in
757 2568 899 2644 supremis
923 2568 1089 2629 consolatus
1112 2566 1178 2629 est?
1205 2588 1290 2648 quam

299 2648 379 2708 utiam
405 2647 545 2713 deficiens
572 2649 685 2727 iamque
710 2667 767 2708 nou
791 2659 892 2710 noster
918 2652 1011 2728 ipsum
1037 2652 1118 2712 illum
1146 2653 1288 2714 alienatae

298 2732 397 2791 uentis
416 2749 548 2791 errorem
566 2735 642 2793 circa
664 2733 742 2793 solas
763 2733 875 2793 litteras
896 2731 1013 2795 babuit?
1045 2735 1160 2796 Tuosne
1180 2755 1255 2814 ego,
1271 2748 1330 2800 012

298 2830 375 2877 ureae
392 2832 463 2893 spes
485 2817 602 2893 inanes,
625 2815 756 2876 labentes
782 2818 903 2894 oculos,
927 2828 1004 2878 tuum
1025 2818 1183 2896 fugientem
1205 2822 1288 2900 spiri·

298 2895 451 2960 tumvidil
487 2899 577 2959 Tuum
600 2917 705 2978 corpus
724 2901 858 2978 frigidum
879 2921 1012 2979 exangue
1035 2905 1204 2982 complexus
1230 2905 1288 2965 ani-

297 2996 365 3043 tmm
382 2984 519 3061 recipere
541 3002 695 3063 auramque
718 3003 895 3045 communem
914 2986 1029 3046 haurire
1046 2989 1167 3065 amplius
1187 2985 1288 3066 potui?

296 3063 405 3145 biguus
424 3066 469 3126 his
487 3068 677 3144 cruciatibus,
694 3086 767 3147 quos
783 3070 858 3145 fero,
876 3071 978 3148 diguus
992 3071 1036 3130 bis
1053 3071 1283 3148 cogitationibus.

297 3146 373 3211 'lene
393 3151 540 3211 consulari
561 3170 654 3230 nuper
675 3153 831 3231 adoptione
852 3154 888 3213 at
913 3157 1035 3213 omnium
1055 3172 1124 3231 spes
1146 3154 1285 3214 bonorum
1295 3165 1328 3218 13

296 3236 372 3310 prius
399 3233 559 3312 admotum,
581 3245 611 3296 te
634 3237 775 3297 avunculo
800 3240 928 3316 praetori
948 3255 1086 3315 generum
1105 3237 1286 3316 destinatum,

295 3324 337 3394 te,
355 3320 483 3379 omnium
498 3337 584 3398 spes,
602 3323 784 3381 acutissimae
801 3322 986 3403 eloquentiae
1002 3320 1202 3398 candidatum?
1233 3325 1286 3384 Su-

297 3411 411 3478 perstes
431 3420 537 3481 pareus
562 3413 670 3463 tantum
692 3405 865 3483 poenas-l
907 3405 990 3466 Etsi
1014 3421 1072 3465 non
1089 3408 1193 3485 cupido
1212 3407 1285 3468 lucis

296 3494 374 3545 certe
387 3489 526 3565 patientia
540 3488 666 3548 vindicet
681 3497 710 3548 te
725 3490 838 3568 reliqua
856 3507 920 3550 mea
941 3498 1045 3549 aetate.
1089 3488 1161 3551 Nam
1181 3493 1286 3553 frustra

295 3568 366 3630 mala
384 3571 478 3631 omnia
501 3569 537 3631 ad
557 3573 664 3632 crimen
683 3573 815 3633 fortunae
836 3573 1010 3650 relegamus.
1053 3571 1145 3636 Nemo
1166 3577 1218 3635 nisi
1233 3592 1285 3636 sua

296 3651 378 3731 culpa
392 3654 440 3715 diu
460 3655 551 3716 dolet.
595 3654 655 3716 Sed
669 3658 808 3732 vivimus,
826 3666 855 3716 et
869 3658 965 3736 aliqua
979 3659 1093 3718 vivendi
1107 3660 1181 3719 ratio
1197 3668 1327 3736 quae-14

297 3737 383 3801 tenda
395 3748 452 3818 est,
472 3738 706 3822 credendumque
721 3741 895 3802 doctissimis
915 3742 1094 3821 bominibus,
1109 3743 1157 3826 qui
1170 3743 1284 3803 unicum
