3184 4409
591 452 1007 522 mar.onsrou.u1n.x,a.
1238 447 1297 507 175

297 612 427 690 Namque
450 611 515 685 illa,
540 628 613 688 quae
634 613 696 689 ipsa
717 610 880 686 delectant,
902 629 1027 670 necesse
1052 620 1096 670 est
1116 621 1239 672 avocent
1260 612 1297 673 ab

297 698 456 757 intentione
475 698 572 773 operis
588 694 730 755 destinati.
757 695 860 773 Neque
875 697 949 754 enim
964 713 996 753 se
1011 694 1152 755 bonafide
1164 699 1191 754 in
1209 697 1297 756 multa

297 780 380 840 simul
396 781 545 839 intendere
563 780 670 838 animus
687 787 776 838 totum
795 787 902 857 potest,
921 788 950 837 et
966 795 1137 856 quocunque
1154 783 1295 858 respexit,

297 865 401 923 desinit
421 864 524 923 intueri
541 863 618 940 quod
634 864 814 940 propositum
832 871 902 922 erat.
935 861 1031 935 Quare
1049 863 1184 922 silvarum
1200 859 1337 928 amoc-24

296 950 369 1008 nitas
386 956 415 1006 et
429 945 672 1025 praeterlabentia
688 947 801 1006 llumina
824 955 853 1005 et
872 948 1044 1023 inspirantes
1060 948 1144 1004 ramis
1161 946 1295 1006 arborum

297 1050 384 1092 aurae
399 1031 607 1108 volucrumque
627 1039 771 1089 cantuset
791 1031 855 1108 ipsa
874 1030 931 1088 late
949 1031 1196 1107 circumspiciendi
1209 1030 1294 1090 liber·

296 1125 340 1174 tas
362 1114 443 1173 adse
461 1114 589 1181 trahunt;
610 1123 639 1172 ut
660 1113 726 1172 milri
751 1115 896 1172 remittere
913 1114 1007 1191 potius
1024 1113 1158 1190 voluptas
1178 1115 1232 1173 ista
1253 1117 1294 1173 vi-

297 1200 399 1259 deatur
419 1199 623 1274 cogitationem
645 1216 728 1275 quam
752 1198 912 1256 intendere.
947 1195 1160 1257 Demosthenes
1182 1198 1336 1273 melius,25

296 1282 345 1360 qui
360 1299 393 1340 se
408 1283 437 1340 in
452 1282 563 1357 locum,
587 1299 626 1340 ex
641 1298 697 1359 quo
714 1281 790 1341 nulla
807 1281 935 1340 exaudiri
959 1298 1017 1338 vox
1040 1290 1069 1340 et
1090 1299 1128 1340 ex
1149 1298 1205 1358 quo
1226 1281 1295 1341 nihil

294 1366 424 1443 prospici
440 1374 552 1442 posset,
568 1364 755 1439 recondebat,
771 1384 807 1423 ne
825 1364 901 1425 aliud
918 1382 1006 1440 agere
1018 1374 1141 1425 mentem
1154 1373 1295 1441 cogerent

296 1447 382 1529 oculi.
415 1448 544 1526 Ideoque
560 1449 743 1508 lucubrantes
757 1449 900 1508 silentium
915 1449 1008 1506 noctis
1024 1458 1054 1507 et
1071 1449 1199 1508 clausum
1215 1449 1293 1509 cubi·

295 1532 389 1592 culum
406 1542 436 1590 et
451 1533 546 1592 lumen
561 1544 645 1592 unum
660 1533 740 1592 velut
761 1541 857 1592 tectos
874 1533 996 1592 maxime
1013 1541 1118 1599 teneat.
1155 1532 1212 1593 Sed
1233 1543 1336 1598 cum26

293 1619 322 1675 iu
338 1616 413 1674 omni
428 1616 584 1675 studiorum
605 1635 715 1693 genere
741 1626 800 1675 tum
819 1619 846 1675 in
868 1616 924 1676 lroc
944 1618 1102 1695 praecipue
1124 1616 1199 1676 bona
1213 1617 1292 1675 vale·

293 1698 382 1774 tudo,
405 1717 539 1778 quaeque
562 1718 625 1759 earn
639 1703 760 1760 maxime
777 1710 921 1778 praestat,
944 1701 1110 1777 bugalitas,
1126 1702 1293 1760 necessaria
1313 1775 1315 1778 Ι

295 1792 356 1850 est:
375 1801 437 1842 cum
453 1794 583 1862 tempora
599 1783 712 1862 abipsa
729 1803 824 1844 rerum
840 1794 940 1844 natura
956 1785 992 1843 ad
1012 1787 1137 1861 quietem
1155 1785 1292 1845 reiectio·

293 1885 417 1945 nemque
432 1867 515 1926 nobis
535 1868 600 1927 data
621 1870 649 1926 iu
669 1870 837 1928 acerrimum
852 1868 980 1927 laborem
1006 1870 1209 1927 convertimus.
1240 1867 1292 1927 Cui

293 1961 459 2009 tamennon
475 1952 539 2029 plus
554 1951 738 2028 irrogandum
760 1960 805 2010 est
823 1969 906 2028 quam
922 1952 997 2027 quod
1014 1969 1114 2010 somno
1136 1954 1291 2030 supererit,

293 2034 368 2093 haud
380 2034 481 2093 deerit.
510 2033 612 2094 Obstat
627 2036 701 2093 enirn
713 2035 879 2111 diligentiae
891 2034 1034 2093 scribendi
1053 2037 1138 2093 etiam
1150 2035 1331 2111 fatigatio,2t

294 2127 322 2176 et
339 2117 467 2193 abunde,
485 2119 510 2177 si
524 2128 625 2193 vacet,
642 2119 719 2178 lucis·
731 2119 823 2195 spatia
838 2118 999 2194 sufiiciunt,
1020 2127 1180 2195 occupatos
1195 2121 1224 2177 in
1240 2136 1290 2177 uo·

293 2212 368 2261 utem
380 2204 540 2261 necessitas
556 2204 624 2277 agit.
654 2201 707 2261 Est
722 2211 817 2260 tamen
835 2201 1012 2276 lucubratio,
1030 2203 1162 2280 quotiens
1178 2202 1291 2261 adeam

292 2287 395 2362 integri
411 2304 446 2345 ac
462 2286 566 2344 refecti
582 2287 721 2359 venimus,
739 2286 875 2363 optimum
889 2286 996 2343 secreti
1008 2304 1111 2362 genus.
1145 2355 1148 2361 Ι

376 2370 435 2430 Sed
458 2369 599 2428 silentium
623 2378 652 2429 et
680 2387 817 2428 secessus
840 2377 870 2428 et
888 2369 1012 2447 undique
1039 2368 1112 2428 liber
1133 2369 1239 2427 animus
1261 2377 1332 2434 utus

262 2473 263 2477 ¹
292 2462 356 2512 sunt
378 2455 500 2512 maxime
522 2453 663 2530 optanda,
690 2454 728 2512 ita
747 2468 805 2510 non
827 2469 943 2531 semper
964 2461 1086 2530 possunt
1109 2453 1289 2529 contingere,

292 2539 417 2615 ideoque
439 2553 496 2595 non
517 2539 628 2613 statim,
654 2537 678 2595 si
705 2536 772 2613 quid
798 2534 965 2614 obstrepet,
993 2535 1145 2596 abiiciendi
1171 2537 1289 2596 codices

292 2630 374 2680 eruut
390 2630 417 2679 et
434 2620 627 2698 deplorandus
647 2619 724 2687 dies;
739 2637 845 2679 ¹verum
867 2620 1291 2698 incommodis-repugnandum

292 2715 320 2764 et
338 2705 385 2764 hio
400 2705 550 2764 faciendus
577 2723 663 2780 usus,
688 2712 718 2763 ut
741 2705 834 2763 omnia
858 2721 932 2782 quae
954 2703 1109 2782 impedient
1129 2706 1225 2764 vincat
1248 2705 1288 2762 in·

291 2790 395 2856 teuti0;
413 2791 533 2866 quamsi
549 2797 609 2849 tota
623 2796 719 2847 mente
735 2789 763 2847 in
778 2805 852 2866 opus
867 2789 960 2865 ipsum
978 2788 1135 2847 direxeris:
1152 2788 1221 2848 nihil
1239 2805 1288 2847 eo·

291 2890 363 2946 rum,
381 2890 454 2951 quae
473 2872 565 2932 oculis
580 2871 629 2932 vel
645 2871 760 2931 auribus
777 2872 933 2948 incursant,
949 2872 984 2932 ad
995 2872 1115 2931 animum
1127 2874 1288 2949 perveniet.

292 2956 336 3013 dn
350 2973 422 3014 vero
439 2956 608 3034 irequenter
629 2957 712 3015 etiam
730 2956 846 3015 iortuita
868 2955 926 3015 hoc
940 2957 1078 3032 cogitatio
1096 2963 1240 3032 praestat,
1260 2963 1331 3019 utaa

292 3038 394 3098 obvios
410 3057 467 3098 non
482 3040 629 3100 videamus
646 3048 674 3099 et
689 3041 791 3099 itinere
807 3039 988 3099 deerremus:
1007 3056 1065 3098 non
1078 3054 1289 3115 consequemur

290 3121 382 3198 idem,
398 3125 422 3181 si
438 3133 466 3183 et
481 3119 677 3183 voluerimus?
715 3121 780 3181 Non
807 3130 852 3181 est
870 3122 1072 3199 indulgendum
1096 3123 1191 3180 causis
1212 3121 1287 3181 desi·

291 3206 364 3264 diae.
394 3205 464 3266 Nam
481 3211 505 3266 si
520 3209 631 3266 nonnisi
642 3206 756 3281 reiecti,
767 3207 879 3265 nonnisi
894 3207 1012 3280 hilares,
1030 3206 1141 3265 nonnisi
1158 3204 1287 3264 omnibus

290 3288 353 3348 aliis
376 3293 452 3348 curis
472 3300 609 3350 vacantes
636 3290 806 3349 studendum
830 3290 1066 3349 existimarimus:
1092 3306 1208 3367 semper
1233 3289 1288 3349 erit

289 3381 410 3451 propter
437 3374 513 3451 qnod
538 3373 621 3433 nobis
642 3375 835 3450 ignoscamus.
880 3372 977 3446 Quare
998 3374 1026 3432 in
1047 3371 1145 3448 turba,
1171 3374 1329 3446 itinere,30

290 3458 428 3516 conviviis
458 3459 542 3516 etiam
570 3458 656 3518 iaciat
681 3457 735 3516 sibi
762 3458 900 3534 cogitatio
926 3459 989 3534 ipsa
1016 3465 1169 3516 secretum.
1210 3455 1286 3530 Quid

289 3541 397 3617 alioqui
413 3540 478 3616 liet,
499 3559 562 3602 cum
579 3543 607 3601 in
622 3542 716 3602 medio
732 3541 817 3616 iuro,
839 3549 882 3600 tot
899 3540 1146 3600 circumstantibus
1161 3540 1284 3614 iudiciis,

288 3626 404 3700 iurgiis,
421 3625 546 3684 fortuitis
563 3627 646 3685 etiam
665 3625 852 3699 clamoribus,
875 3626 929 3683 erit
949 3623 1043 3685 subito
1064 3627 1197 3684 continua
1222 3641 1285 3682 ora·

287 3711 366 3769 tione
389 3710 556 3788 dicendum,
579 3712 603 3770 si
617 3709 789 3789 particulas,
807 3725 877 3787 quas
893 3710 968 3769 ceris
983 3709 1162 3786 mandamus,
1182 3708 1236 3766 nisi
1256 3708 1287 3765 iu
