3184 4409
573 506 664 557 men.
681 508 831 557 caunos.
848 509 917 556 mc.
932 509 976 574 11,
993 508 1018 559 1.
1256 495 1296 556 59

291 663 383 745 plinis
406 663 503 724 dehita
525 664 554 722 in
574 664 675 725 schola
700 664 811 723 minore
828 662 958 722 subsidat
975 682 1010 723 ac
1031 663 1198 724 rhetoricen
1220 665 1296 743 apud

290 750 499 826 grammaticos
530 758 677 809 exerceat.
722 749 780 823 lta,
811 747 888 826 quod
917 757 961 806 est
989 750 1112 808 maxime
1134 750 1294 826 ridiculum,

291 851 354 893 non
371 842 437 892 ante
465 832 499 893 ad
518 832 697 892 declamandi
714 834 881 909 magistrum
903 832 1056 891 mittendus
1072 834 1203 893 videatur
1224 827 1337 912 puer*

293 936 383 996 quam
403 917 567 977 declamare
589 918 672 976 sciat.
715 916 777 975 Nos
801 934 882 975 suum
905 917 1008 993 cuique
1035 917 1213 995 professioni
1234 929 1322 980 mot

294 1003 363 1062 dum
383 1000 493 1061 demus.
537 1000 575 1060 Et
598 1001 784 1078 grammatice
802 1001 903 1078 (quam
925 1003 953 1059 in
969 1000 1098 1070 Latinum
1119 1003 1294 1063 transferen-

293 1096 341 1145 tes
364 1086 578 1148 litteraturam
595 1087 793 1168 vocaverunt)
823 1085 895 1144 lines
919 1102 988 1143 suos
1011 1087 1101 1161 norit,
1125 1090 1296 1165 praesertim

294 1179 405 1230 tantum
423 1169 458 1231 ab
485 1169 540 1229 hac
568 1170 774 1247 appellationis
802 1187 873 1228 suae
901 1179 1090 1248 paupertate,
1115 1171 1188 1230 intra
1211 1190 1296 1249 quam

295 1257 380 1333 primi
401 1254 443 1314 illi
465 1255 640 1329 constitere,
664 1263 820 1332 provecta;
844 1272 908 1312 nam
930 1256 1024 1312 tenuis
1047 1254 1163 1314 alonte
1186 1274 1296 1315 assum·

295 1340 354 1418 ptis
375 1339 577 1399 historicorum
600 1339 822 1415 criticorumque
846 1337 954 1396 viribus
976 1339 1064 1416 pleno
1082 1340 1137 1398 iam
1162 1341 1231 1398 satis
1254 1340 1294 1399 al·

294 1441 353 1484 veo
374 1424 451 1498 fluit,
475 1441 538 1482 cum
554 1432 672 1501 praeter
693 1425 834 1482 rationem
856 1431 938 1481 recte
961 1422 1097 1500 loquendi
1119 1440 1175 1482 non
1194 1441 1295 1501 parum

295 1508 406 1587 alioqui
427 1509 576 1584 copiosam
605 1524 698 1585 prope
722 1507 845 1565 omnium
867 1507 1051 1566 maximarum
1078 1509 1187 1578 artium¹
1201 1509 1293 1567 scien·

295 1595 363 1653 tiam
380 1591 513 1670 amplexa
531 1592 581 1657 sit:
605 1600 633 1649 et
654 1592 812 1665 rhetorice,
831 1591 877 1650 cui
893 1607 997 1650 nomeu
1012 1593 1055 1650 vis
1074 1593 1228 1669 eloquendi
1244 1592 1321 1657 de-5

295 1676 352 1752 dit,
381 1676 479 1735 officia
503 1693 554 1734 sua
576 1693 633 1734 non
650 1675 794 1734 detrectet
815 1693 871 1734 nec
899 1676 1036 1752 occupari
1058 1678 1184 1753 gaudeat
1205 1679 1293 1754 perti·

294 1769 411 1821 nentem
434 1760 519 1819 adse
537 1759 682 1835 laborem,
708 1779 799 1839 quae,
823 1760 888 1819 dum
909 1777 1000 1838 opere
1021 1761 1108 1836 cedit,
1130 1762 1186 1821 iam
1200 1779 1294 1839 paene

294 1846 486 1924 possessione
508 1843 631 1922 depulsa
648 1853 702 1902 est.
748 1844 851 1921 Neque
870 1843 1024 1916 infitiabor,
1048 1845 1172 1923 aliquem
1185 1863 1223 1904 ex
1247 1847 1323 1920 iis,6

295 1931 345 2008 qui
365 1930 571 2007 grammaticen
596 1928 801 2006 profiteantur,
830 1944 960 2006 eousque
989 1929 1128 1988 scientiae
1156 1930 1294 2008 progredi

293 2032 404 2094 posse,
430 2021 462 2073 ut
484 2012 615 2072 adhaec
637 2030 753 2090 quoque
774 2011 912 2072 tradenda
935 2013 1075 2081 sufficiat;
1104 2014 1156 2073 sed
1180 2033 1244 2074 cum
1265 2013 1294 2073 id

294 2107 379 2175 aget,
403 2096 528 2157 rhetoris
552 2097 649 2180 cilicio
673 2096 809 2173 iungetur
829 2113 887 2155 non
909 2113 973 2154 suo.

379 2180 441 2241 Nos
460 2198 548 2259 porro
566 2182 740 2259 quaerimus,
757 2179 869 2259 quando
884 2179 936 2255 iis,
954 2198 1028 2257 quae
1043 2180 1189 2240 rhetorice
1209 2189 1320 2259 prae-7

295 2267 384 2344 cipit,
407 2265 602 2343 percipiendis
619 2283 693 2342 puer
708 2274 835 2325 maturus
854 2282 920 2323 esse
938 2265 1077 2323 videatur.
1110 2263 1142 2324 ln
1159 2283 1216 2343 quo
1232 2266 1293 2343 qui-

294 2352 362 2412 de'm
383 2366 441 2408 non
462 2350 491 2408 id
514 2349 734 2424 aestimandum,
769 2350 849 2408 cuius
878 2348 1000 2427 quisque
1029 2349 1066 2407 sit
1093 2351 1212 2424 aetatis,
1241 2350 1293 2409 sed

294 2443 431 2514 quantum
452 2435 481 2492 in
502 2434 601 2492 studiis
624 2434 679 2493 iam
703 2432 844 2492 effecerit.
889 2431 926 2492 Et
947 2452 984 2492 ne
1012 2433 1115 2492 diutius
1138 2433 1291 2501 disseram;

294 2517 410 2598 quando
434 2519 470 2576 sit
491 2517 603 2576 rhetori
622 2517 787 2594 tradendus,
811 2518 854 2576 sic
875 2518 983 2595 optime
1001 2517 1074 2577 liuiri
1095 2518 1201 2595 credo,
1225 2537 1293 2579 com

290 2604 416 2684 poterit.
460 2601 518 2662 Sed
541 2602 598 2661 hoc
618 2603 711 2681 ipsum
740 2619 777 2661 en
805 2603 956 2679 superiore
982 2601 1090 2680 pendet
1113 2603 1322 2680 quaestione.8

292 2687 368 2747 Nam
391 2686 416 2745 si
437 2687 639 2762 grammatices
657 2704 757 2744 munus
775 2704 868 2763 usque
890 2686 925 2745 ad
942 2687 1088 2746 suasorias
1106 2697 1292 2764 prorogatur,

293 2771 405 2833 tardius
426 2770 544 2829 rhetore
568 2787 641 2848 opus
660 2779 714 2829 cst.
758 2769 798 2828 At
816 2771 841 2828 si
860 2769 960 2830 rhetor
978 2772 1069 2848 prima
1083 2770 1179 2830 officia
1195 2771 1293 2848 operis

293 2856 340 2915 sui
361 2871 420 2913 non
441 2863 575 2929 recusat,
600 2853 846 2914 enarrationibus
863 2855 958 2914 statim
980 2863 1008 2914 et
1026 2854 1159 2914 laudandi
1179 2855 1292 2933 vitupe-

282 2939 436 3018 randique
454 2937 602 3017 opusculis
619 2956 686 2997 cura
702 2939 765 2996 eius
783 2937 973 2998 desideratur.
1003 2937 1049 2997 An
1065 2939 1229 3013 ignoramus
1245 2948 1321 3002 ειη-9

292 3025 384 3101 tiquis
406 3016 469 3081 hoc'
490 3024 581 3083 luisse
604 3024 640 3082 ad
663 3021 824 3098 augendam
850 3022 1044 3100 eloquentiam
1066 3040 1158 3098 genus
1181 3023 1292 3082 exerci-

292 3109 429 3182 tationis,
451 3116 482 3166 ut
502 3107 602 3167 theses
625 3107 754 3166 dicerent
780 3115 810 3165 et
837 3123 1002 3165 communes
1032 3107 1115 3166 locos
1145 3115 1174 3165 et
1194 3116 1293 3166 cetera

294 3193 368 3252 citra
384 3191 566 3268 complexum
583 3208 679 3249 rerum
693 3207 949 3268 personammque,
969 3190 1070 3268 quihus
1088 3208 1177 3251 verae
1195 3190 1293 3250 lictae·

294 3293 353 3354 que
377 3276 595 3335 controversiae
617 3271 818 3334 continentur?
861 3273 907 3333 En
931 3292 989 3353 quo
1012 3274 1107 3353 palam
1130 3283 1185 3350 est,
1202 3292 1294 3353 >quam

294 3361 421 3438 turpiter
441 3359 558 3419 deserat
580 3377 643 3418 eam
665 3367 777 3437 partem
800 3358 962 3418 rhetorices
982 3359 1133 3435 institutio,
1158 3376 1242 3436 quam
1265 3367 1293 3417 et

293 3446 417 3522 primam
439 3443 537 3502 habuit
560 3452 589 3502 et
611 3443 658 3502 diu
680 3442 782 3502 solam.
828 3442 902 3515 Quid
930 3452 1024 3502 autem
1052 3452 1098 3503 est
1120 3444 1231 3519 exiis,
1257 3441 1335 3502 delo

293 3528 398 3609 quihus
426 3528 608 3606 supradixi,
636 3527 712 3605 quod
735 3544 792 3585 non
816 3545 880 3585 cum
900 3527 928 3585 in
951 3527 1017 3602 alia,
1042 3545 1115 3605 quae
1138 3537 1204 3587 sunt
1225 3542 1292 3605 pro-

292 3614 357 3691 pria
380 3611 544 3686 rhetorum,
571 3620 630 3670 tum
653 3620 733 3670 certe
756 3612 784 3669 in
812 3609 882 3669 illud
911 3611 1044 3671 iudiciale
1072 3630 1177 3672 causae
1200 3627 1292 3688 genus

275 3693 421 3756 incidat?
465 3695 587 3756 Annon
607 3696 635 3753 in
657 3696 721 3754 loro
743 3693 913 3754 narrandum
935 3692 1002 3754 est‘l
1017 3713 1072 3774 qua
1092 3697 1120 3754 in
1141 3705 1225 3773 parte
1242 3710 1291 3751 ne·

295 3782 361 3842 acio
383 3798 419 3841 aa
441 3781 478 3840 sit
501 3779 549 3840 vel
569 3779 731 3859 plurimum.
775 3777 842 3840 Non
863 3778 935 3843 laus·
949 3797 987 3844 ac
1004 3780 1186 3864 uituperatio
1208 3785 1355 3839 cenam.
