3184 4409
342 454 383 515 28
671 461 1027 526 n.unu.oumn1c1nur

340 623 463 682 laturum
489 624 551 682 luit.
599 621 670 680 Nam
695 624 724 680 in
745 622 959 699 comparatione
980 622 1118 681 malorum
1145 621 1213 681 honi
1240 623 1333 682 locum

341 706 450 764 obtinet
466 707 573 765 levius:
596 715 626 763 ut
643 707 666 762 si
681 703 829 764 Mancinus
845 706 947 765 loedus
962 705 1158 763 Numantinum
1175 707 1218 764 sic
1233 706 1332 766 delen·

341 789 405 863 dat,
429 790 505 866 quod
526 790 684 867 periturns,
708 790 761 850 nisi
783 788 812 848 id
832 788 938 847 lactum
960 798 1054 863 esset,
1075 788 1330 849 fueritexercitns.

340 871 403 931 Hoc
426 891 517 949 genus
540 864 703 943 ἀντίστασις
720 870 831 931 Graece
850 874 1024 946 nominatur,
1046 875 1332 950 comparativum

341 958 432 1015 nostri
446 965 560 1016 vocant.

300 1053 333 1107 13
424 1039 502 1098 llaec
515 1043 591 1099 circa
606 1039 802 1098 defensionem
818 1038 902 1106 laoti;
921 1056 995 1116 quae
1011 1040 1035 1097 si
1047 1056 1140 1116 neque
1153 1057 1207 1116 per
1224 1057 1259 1097 se
1273 1040 1330 1117 ipsa

340 1141 394 1182 nec
412 1123 543 1182 adhibitis
558 1123 671 1182 auxiliis
682 1121 807 1181 dabitur:
823 1124 982 1200 proximum
996 1131 1056 1197 est,
1074 1124 1101 1180 in
1117 1122 1201 1181 aliurn
1215 1130 1329 1182 trans·

340 1206 440 1266 ferre
466 1209 615 1280 crimen,
640 1207 664 1264 si
686 1222 848 1283 possumus.
893 1204 1020 1284 Ideoque
1042 1206 1125 1264 etiam
1144 1208 1173 1264 iu
1188 1206 1262 1280 hos,
1286 1223 1329 1284 qm
1357 1276 1359 1282 A

340 1292 394 1349 iam
410 1291 509 1367 scripti
525 1297 606 1363 sunt,
624 1297 712 1347 status
728 1290 788 1347 visa
805 1298 850 1348 est
866 1289 971 1350 cadere
988 1289 1146 1351 translatio.
1190 1289 1329 1348 lnterdun

341 1391 412 1449 ergo
435 1374 518 1450 culpa
536 1375 563 1431 in
582 1373 723 1431 hominem
746 1372 907 1448 relegatur:
929 1382 960 1432 ut
980 1375 1004 1431 si
1019 1372 1164 1432 Gracchus
1183 1391 1254 1431 reus
1270 1372 1328 1431 loe·

341 1458 417 1516 deris
433 1456 608 1530 Numantini,
632 1457 710 1514 cuius
726 1465 802 1514 metu
825 1455 908 1532 leges
925 1457 1080 1534 populares
1105 1457 1206 1515 tulisse
1231 1458 1259 1515 in
1284 1457 1328 1515 tri·

299 1540 445 1605 labanatu
465 1541 593 1615 videtur,
615 1541 731 1597 missum
752 1557 785 1597 se
808 1538 843 1598 ab
865 1541 1038 1617 imperatore
1053 1556 1104 1598 suo
1126 1540 1248 1599 diceret.
1288 1537 1328 1597 ln-

340 1626 423 1682 terim
444 1623 588 1682 derivatur
608 1623 637 1680 in
653 1640 729 1681 rem:
750 1630 780 1680 nt
797 1624 878 1698 siis,
899 1624 947 1701 qui
963 1632 1133 1682 testamento
1150 1625 1217 1701 quid
1238 1624 1328 1682 iussus

340 1724 397 1764 non
412 1707 532 1780 fecerit,
554 1707 645 1781 dicat,
662 1724 715 1784 per
730 1705 813 1783 leges
828 1707 856 1766 id
874 1707 936 1766 lieri
953 1724 1009 1766 non
1024 1708 1163 1786 potuisse.
1207 1707 1272 1766 lloc
1286 1726 1327 1784 ps·

340 1784 478 1849 τᾶστσισιν
493 1790 598 1848 dicunt.
727 1832 730 1859 .,
1347 1823 1359 1887 q

423 1872 495 1931 Hinc
518 1891 633 1951 quoque
655 1873 780 1932 exclusis
808 1873 1009 1932 excusatio
1035 1883 1178 1952 superest.
1223 1872 1268 1933 Ea
1288 1881 1328 1932 est

341 1965 388 2015 aut
403 1959 595 2034 ignorantiae:
614 1966 644 2016 ut
659 1958 683 2015 si
702 1958 763 2033 quis
779 1957 899 2033 fugitivo
919 1958 1050 2034 stigmata
1065 1958 1215 2036 scripserit
1237 1973 1326 2034 eoque

340 2043 463 2116 ingenuo
482 2042 605 2100 iudicato
621 2049 726 2117 neget,
742 2059 775 2098 se
793 2039 913 2099 liberum
929 2058 995 2099 esse
1012 2042 1118 2107 scisse;
1143 2049 1191 2100 aut
1202 2040 1325 2100 necessi·

340 2127 421 2183 tatis:
444 2134 474 2183 ut
491 2144 552 2184 cum
567 2125 649 2183 miles
666 2124 700 2183 ad
717 2132 890 2183 commeatus
906 2124 980 2183 diem
1001 2142 1058 2183 non
1074 2125 1153 2184 alluit
1171 2133 1201 2183 et
1216 2124 1327 2184 dicitas

299 2217 330 2270 15
340 2208 497 2267 fluminibus
513 2209 696 2267 interclusum
712 2199 759 2267 aut
770 2207 942 2266 valetudine.
974 2206 1098 2270 Fortuna
1110 2224 1227 2285 quoque
1244 2222 1327 2284 saepe

340 2292 519 2350 substituitur
535 2292 647 2369 culpae.
683 2291 889 2369 Nonnunquam
904 2291 977 2350 male
993 2291 1100 2350 fecisse
1117 2310 1169 2351 nos
1183 2292 1239 2350 sed
1255 2291 1326 2351 bono

339 2377 432 2434 animo
455 2375 584 2434 dicimus.
628 2374 783 2452 Utriusque
804 2375 847 2433 rei
866 2375 952 2434 multa
974 2383 1002 2441 et
1021 2376 1172 2435 manifesta
1199 2373 1326 2453 exempla

340 2469 412 2517 sunt.
459 2458 570 2517 Idcirco
590 2467 706 2516 nonest
724 2476 822 2516 eorum
838 2460 1004 2518 necessaria
1019 2461 1173 2536 expositio.

421 2543 451 2601 Si
469 2544 579 2615 omnia,
602 2559 675 2619 quae
690 2560 776 2620 supra
792 2543 899 2620 scripta
915 2551 993 2617 sunt,
1016 2543 1150 2611 deerunt:
1166 2542 1326 2611 videndum,

339 2644 373 2684 an
389 2627 494 2683 minui
512 2626 619 2703 culpa
637 2628 738 2702 possit.
781 2624 835 2684 Hic
849 2635 894 2684 est
908 2626 974 2699 ille,
991 2628 1038 2703 qui
1055 2645 1071 2685 a
1087 2627 1255 2702 quibusdam
1270 2623 1327 2684 lieri

298 2709 432 2782 ldsolet‚
461 2717 551 2766 status
576 2710 748 2786 quantitatis.
791 2709 850 2768 Sed
874 2727 908 2768 ea
934 2728 996 2768 cnm
1023 2712 1059 2768 sit
1081 2720 1127 2769 aut
1148 2726 1262 2786 poenae
1283 2715 1330 2785 aut

338 2793 470 2867 honoria,
493 2811 531 2850 ex
548 2793 685 2869 qualitate
701 2793 769 2850 lacti
787 2794 982 2870 constituitur,
998 2811 1091 2871 eoque
1107 2793 1189 2852 nobis
1207 2792 1260 2850 sub
1274 2792 1328 2851 hot

339 2894 405 2934 esse
422 2886 497 2935 statu
511 2876 623 2934 videtur
636 2878 709 2934 sicut
723 2878 784 2934 eius
801 2893 932 2954 quoque,
949 2895 1024 2955 quae
1035 2877 1069 2936 ad
1082 2895 1227 2936 numerum
1239 2876 1326 2934 reler-

337 2969 383 3018 tur
404 2977 420 3018 a
438 2959 566 3020 Graecis.
604 2958 675 3018 Nam
696 2969 725 3018 et
744 2953 921 3037 nqicadrqtix
939 2971 967 3019 et
987 2955 1131 3039 ποσότητα
1145 2961 1258 3034 dicunt,
1278 2974 1327 3017 nos

338 3052 487 3120 utrumque
503 3043 699 3120 appellatione
713 3062 768 3103 una
785 3044 1010 3121 complectimur.
1300 3117 1303 3122 ι

296 3129 329 3182 17
419 3128 523 3187 Ultima
541 3136 585 3185 est
608 3127 841 3204 deprecatio,
866 3128 943 3204 quod
962 3145 1054 3204 genus
1077 3144 1182 3186 causae
1197 3127 1328 3204 plerique

337 3221 477 3287 negarunt
498 3213 525 3269 in
546 3212 678 3270 iudicium
698 3229 819 3288 unquam
843 3212 952 3270 venire.
997 3211 1071 3284 Quin
1087 3209 1191 3269 Cicero
1214 3225 1327 3287 quoque

337 3311 389 3370 pro
403 3294 437 3367 Q.
451 3295 564 3370 Ligario
580 3294 654 3353 idern
669 3296 768 3353 testari
783 3294 911 3370 videtur,
928 3313 990 3354 cum
1006 3295 1089 3368 dicit,
1107 3292 1236 3369 coatras,
1252 3292 1328 3352 Cae·

335 3395 406 3451 aar,
433 3380 480 3453 epi
502 3380 611 3438 maltos
633 3387 661 3438 et
686 3379 806 3456 quidem
829 3387 941 3454 tecam,
959 3381 1031 3439 dum
1053 3387 1081 3439 te
1098 3379 1131 3438 io
1148 3378 1217 3456 foro
1238 3376 1330 3438 tenuit

336 3463 416 3521 rotio
440 3461 584 3521 donorum
607 3470 745 3530 lucrant,-
765 3469 847 3522 certe
866 3480 1020 3539 nunquam
1036 3462 1092 3522 doc
1109 3464 1214 3536 modo,
1238 3459 1328 3539 Ipno-

336 3546 427 3617 sot'tc‚
454 3546 586 3618 ludicen,
616 3547 747 3620 erravit,
771 3546 878 3622 lapsus
903 3556 964 3619 est,
985 3547 1196 3622 conprimit,
1222 3549 1251 3604 ai
1276 3563 1328 3605 un·

296 3636 329 3689 18
337 3646 427 3704 quom
440 3629 584 3704 posthoc,
603 3637 631 3686 et
647 3637 754 3686 cetera.
797 3627 830 3685 ln
844 3628 950 3687 Senatu
964 3646 1034 3687 vero
1055 3638 1083 3687 et
1100 3629 1174 3705 apud
1192 3629 1330 3706 populum

338 3722 367 3771 et
384 3711 458 3790 apud
473 3711 634 3789 Principem
653 3721 682 3770 et
699 3711 878 3788 ubicunque,
902 3713 927 3770 si
944 3713 1013 3771 iuris
1030 3713 1181 3772 clementia
1198 3720 1259 3787 est,
1281 3712 1330 3772 lra-
