3184 4409
347 464 406 530 188
659 476 1016 540 rossemannum

345 634 444 696 ordine
459 643 611 713 appaream
631 642 659 694 at
673 635 698 694 si
713 652 797 695 unum
810 635 916 695 crimen
927 634 1007 694 varie
1018 633 1214 712 defendemus,
1228 645 1331 714 super·

315 731 443 788 evacua.
485 718 523 778 Ut
539 720 563 778 si
583 717 632 779 illa
652 720 818 797 partiamur,
836 716 957 793 Dicam,
978 737 1037 778 non
1055 720 1144 779 telem
1162 738 1228 781 esse
1239 721 1331 797 bunc,

329 805 431 887 ⁴quein
451 811 546 878 tneor,
567 822 663 878 reum,
677 811 711 862 ut
729 804 762 863 in
783 822 819 864 eo
840 804 985 864 credibile
1003 802 1104 863 uideri
1120 803 1219 881 possit
1238 803 1331 864 bomi-

344 889 485 958 sidium
501 888 618 962 dicum,
645 887 807 947 occidendi
830 905 956 946 causum
976 886 1047 946 buic
1066 905 1126 947 non
1144 886 1259 964 susam
1281 889 1331 948 di-

344 990 423 1046 cem,
445 971 525 1031 bunc
544 989 580 1031 eo
599 979 741 1048 ternpore,
762 988 822 1048 quo
836 971 919 1030 bono
933 971 1053 1030 ocmsus
1067 977 1121 1044 est,
1141 979 1229 1031 trans
1243 989 1332 1032 snare

342 1057 452 1132 insse:
475 1055 582 1129 omnia,
605 1071 678 1131 quas
693 1062 757 1112 ante
773 1053 818 1128 id,
843 1054 919 1132 quod
934 1052 1058 1112 ultimum
1080 1063 1140 1129 est,
1162 1056 1329 1132 exequeris,

303 1139 434 1205 10inania
450 1137 541 1196 videri
560 1155 683 1197 necesse
705 1145 759 1196 est.
795 1136 923 1196 Festinat
939 1137 1012 1196 enim
1029 1138 1115 1197 iudex
1134 1137 1228 1213 adid,
1252 1139 1331 1216 quod

342 1223 569 1300 potentissimum
589 1230 649 1296 est,
677 1229 706 1280 et
725 1221 805 1280 velut
828 1220 984 1296 obligatum
1004 1222 1146 1297 promisso
1168 1230 1330 1298 patronum,

342 1307 367 1365 si
392 1315 436 1365 est
456 1305 624 1383 patientior,
647 1305 749 1364 tacitus
771 1303 914 1382 appellat:
943 1306 967 1362 si
987 1304 1036 1363 vel
1056 1313 1212 1382 occupatus
1233 1305 1282 1364 vel
1301 1307 1332 1364 in

342 1389 436 1467 aliqua
451 1397 595 1466 potestate
610 1388 658 1447 vel
676 1388 760 1446 etiam
775 1390 800 1446 si
814 1386 940 1446 moribus
953 1388 1169 1465 incompositus,
1186 1407 1249 1447 cum
1260 1405 1330 1447 con·

301 1475 417 1541 11vieio
439 1472 585 1548 efflagitat.
623 1469 723 1549 ltaque
743 1488 800 1529 non
818 1470 984 1546 defuerunt,
1014 1473 1061 1547 qui
1082 1468 1230 1530 Ciceronis
1251 1472 1331 1531 illam

341 1574 395 1635 pro
411 1554 542 1616 Cluentio
557 1557 737 1632 partitionem
750 1554 961 1633 improbarent,
983 1571 1037 1631 qua
1058 1572 1091 1613 ss
1106 1556 1243 1615 dicturum
1261 1573 1331 1614 esse

341 1641 470 1719 promisit
478 1641 621 1718 primurn,
642 1640 788 1700 nerninem
810 1639 974 1700 maioribus
995 1639 1185 1714 criminibus,
1203 1641 1331 1718 pravio-

341 1725 427 1786 ribus
450 1724 588 1799 testibus,
615 1724 647 1783 in
666 1724 813 1783 iudicium
834 1730 974 1783 uocatum
994 1738 1084 1799 qnam
1108 1720 1310 1800 Oppianicum
1315 1746 1331 1794 ,-

343 1808 463 1883 deinde,
483 1807 679 1885 praeiudicia
699 1824 766 1866 csse
782 1807 870 1886 fucta
891 1806 931 1866 ab
944 1807 1020 1883 ipsis
1037 1807 1199 1883 indicibus,
1222 1825 1243 1867 c
1264 1809 1330 1883 qni

343 1891 399 1952 bus
419 1893 635 1952 condemnatus
657 1892 715 1959 sit,·
732 1898 900 1968 postremo,
927 1891 1073 1950 iudicium
1097 1892 1230 1969 pecunia
1257 1898 1330 1951 lern-

338 1982 457 2053 ptatum
476 1993 535 2036 non
551 1994 611 2053 pro
633 1971 767 2035 Cluentio
786 1975 843 2034 sed
863 1981 970 2034 contra
993 1971 1162 2034 Cluentium
1167 1995 1182 2043 ,·
1203 1975 1285 2050 quia,
1304 1976 1330 2033 si

343 2058 458 2136 probari
474 2060 596 2137 posset,
610 2057 684 2135 quod
701 2066 745 2117 est
760 2059 883 2132 tertium,
901 2057 969 2116 nibil
986 2056 1109 2116 necesse
1125 2057 1210 2117 fuerit
1228 2056 1329 2116 dicere

302 2144 447 2219 mpriora.
482 2141 591 2201 Rursus
609 2159 692 2200 nemo
708 2151 764 2201 tarn
779 2142 833 2200 erit
851 2141 968 2200 iniustus
985 2149 1032 2199 aut
1049 2141 1163 2216 stultus,
1180 2143 1246 2218 quin
1264 2158 1329 2201 eum

341 2226 464 2286 fateatur
476 2229 582 2304 optime
597 2242 650 2304 pro
663 2225 780 2285 Murena
796 2243 863 2284 esse
874 2226 1019 2302 partitum.¹
1035 2222 1183 2302 Intellipo,
1198 2225 1326 2300 indices,

341 2312 397 2386 tris
413 2313 501 2371 totius
523 2312 728 2371 accusationis
745 2311 842 2388 [nisse
857 2317 980 2387 portes,
1006 2315 1036 2368 et
1057 2328 1162 2369 eurum
1183 2309 1327 2368 nnumin

340 2394 574 2471 reprehensione
586 2395 676 2468 vitoe,
693 2394 822 2454 alterurn
838 2392 870 2452 in
884 2393 1068 2452 contentione
1084 2394 1249 2470 dipnitutis,
1263 2399 1326 2452 ter-

341 2479 413 2537 tiam
438 2478 470 2536 in
498 2478 674 2537 criminibus
695 2477 825 2537 ambitus
850 2495 917 2537 esse
941 2484 1104 2536 omentum.
1144 2475 1215 2534 Nam
1234 2476 1277 2535 siu
1298 2484 1328 2534 et

341 2559 466 2618 ostendit
481 2559 654 2618 lucidissime
668 2578 780 2620 oausam
793 2569 822 2619 et
836 2559 905 2618 nibil
919 2559 988 2619 iecit
1000 2558 1092 2618 altero
1108 2577 1326 2637 supervacuum.

300 2651 334 2708 13
425 2642 469 2701 De
486 2643 536 2702 illo
549 2660 663 2721 quoque
674 2661 783 2720 genere
795 2643 969 2703 defensionis
982 2641 1114 2720 plerique
1132 2642 1272 2702 dubitant:
1291 2640 1328 2702 Si

340 2728 455 2802 cendi,
479 2737 560 2787 recte
578 2727 659 2806 [scir
680 2729 737 2788 sed
756 2747 816 2788 non
834 2728 953 2796 occidi,·
975 2743 1031 2803 quo
1044 2729 1126 2786 'enim
1147 2728 1225 2804 prius
1240 2727 1327 2804 perti·

341 2829 422 2885 nere,
440 2811 463 2868 si
481 2829 605 2888 sequens
621 2811 729 2870 firmum
746 2807 804 2871 sit?
826 2811 898 2870 bueo
913 2811 1033 2869 invicem
1048 2810 1180 2884 obstare,
1207 2818 1235 2868 st
1249 2818 1327 2868 utro·

343 2913 398 2973 que
421 2895 563 2954 utentibus
585 2897 613 2953 in
632 2904 733 2954 neutro
756 2895 855 2954 haberi
871 2893 963 2958 iidem.
1001 2892 1084 2966 Quod
1105 2912 1174 2953 sane
1195 2895 1223 2953 in
1245 2903 1327 2972 parte

341 2998 440 3040 verum
455 2988 509 3054 est,
526 2988 556 3038 et
572 2978 622 3037 illo
638 2980 780 3056 sequenti,
800 2981 825 3039 si
836 2977 921 3037 modo
932 2977 1117 3036 indubitabile
1135 2986 1190 3052 est,
1206 2978 1243 3035 sit
1261 2976 1327 3036 solo

301 3064 481 3126 liutendum.
516 3062 554 3121 At
577 3064 601 3120 si
623 3062 690 3139 quid
709 3065 738 3121 in
759 3079 812 3138 eu,
843 3061 919 3139 quod
943 3069 987 3119 est
1008 3060 1126 3136 fortius,
1151 3060 1327 3121 timebimus:

260 3177 267 3189 ·
342 3157 462 3224 utraque
481 3146 650 3225 probatione
670 3147 801 3205 nitemur.
837 3145 919 3205 Alius
941 3145 1014 3203 enim
1035 3144 1091 3203 alio
1111 3145 1221 3204 moveri
1238 3143 1327 3218 solet,

343 3240 373 3289 et
393 3233 439 3308 qui
459 3231 563 3290 factum
584 3230 708 3307 putavit,
731 3230 834 3288 iustum
855 3227 976 3287 credere
995 3237 1107 3304 potest;
1130 3229 1176 3305 qui
1194 3236 1329 3305 tanquam

343 3316 417 3373 iusto
433 3331 489 3372 non
503 3313 680 3387 movebitur,
705 3313 811 3371 factum
834 3311 959 3371 fortasse
979 3327 1035 3369 nun
1058 3311 1166 3384 credet.
1194 3310 1232 3370 Ut
1247 3319 1330 3370 certa

261 3392 264 3398 ’
343 3415 439 3456 manus
461 3413 516 3454 uno
538 3397 597 3456 telo
623 3398 714 3474 possit
734 3413 801 3455 esse
823 3403 973 3454 contenta:
1002 3396 1112 3454 incerta
1138 3394 1219 3474 plura
1246 3412 1328 3472 spar-

302 3497 335 3550 15
343 3480 435 3557 genda
455 3488 534 3555 sunt,
555 3489 586 3538 ut
606 3481 643 3539 sit
658 3488 686 3539 et
704 3480 835 3539 fortunae
853 3478 944 3539 lucus.
982 3476 1111 3555 Egregie
1129 3495 1201 3538 vero
1223 3475 1328 3537 Cicero

240 3624 242 3629 ,
344 3581 396 3641 pru
412 3561 518 3622 Milone
534 3563 726 3622 insidiatorem
741 3564 860 3640 primum
874 3561 1003 3622 Clodium
1023 3562 1158 3638 ostendit,
1175 3572 1233 3621 tum
1250 3561 1327 3622 addi-

344 3649 384 3708 dit
404 3665 441 3705 ex
462 3646 629 3720 abundanti,
650 3648 759 3706 etiamsi
774 3647 802 3707 id
817 3663 873 3706 non
888 3647 1008 3721 fuisset,
1024 3645 1110 3706 talem
1125 3654 1218 3705 tamen
1236 3647 1326 3705 civem

337 3747 403 3789 cunr
424 3748 534 3791 summa
555 3724 658 3790 virtute
679 3730 874 3791 interfectoris
898 3740 928 3791 et
947 3729 1041 3807 gloria
1061 3730 1160 3790 necari
1186 3730 1325 3808 potuisse.
