3184 4409
350 479 408 543 138
680 476 1051 551 amnemamnem·

347 649 493 724 invenias,
510 656 539 707 et
555 634 774 706 Anacreontion
785 648 915 724 protinus
931 646 1017 706 colon
1035 644 1173 723 efficias,
1195 658 1228 710 et
1242 651 1268 711 si
1285 651 1343 712 velis

347 735 511 806 trimetron,
535 741 562 790 et
584 730 661 810 quod
678 730 790 790 duobus
806 730 928 807 pedibus
944 739 974 789 et
991 738 1073 808 parte
1096 734 1341 814 πενθημιμερὲςι

349 815 467 875 Graecis
481 816 601 888 dicitur,
619 814 736 872 ethaeo
752 815 844 872 omnia
859 816 887 872 in
901 813 992 873 tribus
1007 812 1123 883 verbis;
1145 825 1180 876 et
1197 817 1340 895 Thucydidi

346 891 420 978 ὑπὲρ
442 893 531 977 ἥμισυ
548 901 642 978 Κᾶρες
661 892 813 975 ἐφάνησαν
835 916 872 957 ex
897 897 1066 957 mollissimo
1083 899 1290 974 rhythmorum
1303 921 1338 980 ge

346 1001 416 1042 nere
437 984 552 1043 excidit.
947 1018 953 1027 ·

306 1071 339 1125 ta
428 1066 486 1126 Sed
509 1070 573 1145 quia
596 1083 708 1125 omnem
736 1066 895 1125 orationem
919 1074 1053 1124 constare
1079 1066 1250 1143 pedibus
1282 1070 1336 1130 dixi:

348 1151 442 1229 aliqua
466 1151 502 1210 de
523 1151 567 1209 his
583 1167 713 1228 quoque;
739 1167 859 1227 quorum
878 1151 990 1209 nomina
1012 1149 1078 1225 quia
1098 1152 1184 1210 varia
1213 1171 1283 1214 esse
1297 1163 1336 1213 trr-

348 1235 464 1293 duntur:
488 1234 715 1293 constituendum
740 1243 800 1308 est,
823 1251 880 1310 quo
902 1250 1044 1311 quemque
1069 1234 1273 1311 appellemus.
1312 1236 1337 1296 tt

349 1318 462 1397 quidem
479 1316 649 1376 Ciceronem
666 1335 786 1395 sequar,
810 1318 890 1396 (nam
914 1320 938 1376 is
961 1318 1207 1379 eminentissimos
1225 1321 1335 1382 Graeco

347 1421 408 1462 rum
430 1410 475 1460 est
498 1402 631 1480 secutus)
658 1409 784 1478 excepto
806 1401 882 1479 quod
902 1419 955 1478 pes
978 1401 1044 1460 mihi
1065 1402 1117 1459 tris
1140 1402 1278 1477 syllabas
1295 1422 1336 1463 nor

346 1487 459 1546 videtur
483 1485 644 1561 excedere,
667 1503 825 1563 quanquam
847 1485 897 1544 ille
913 1501 1026 1563 paeone
1042 1484 1260 1566 docbmioqne,
1281 1505 1335 1567 qua

347 1587 409 1628 rum
424 1570 504 1648 prior
519 1570 546 1627 in
563 1577 713 1645 quattuor,
731 1569 875 1629 secundus
891 1571 919 1628 in
938 1570 1062 1647 quinque
1078 1573 1228 1647 excurrit,
1245 1582 1335 1633 utatu.

305 1653 411 1713 aeneo
430 1662 526 1712 tamen
545 1653 609 1729 ipse
631 1651 805 1729 dissimulat,
829 1652 996 1731 quibusdam
1017 1670 1154 1712 numeros
1178 1656 1275 1715 videri
1293 1673 1336 1715 not

347 1738 449 1815 pedes.
485 1735 587 1813 Neque
608 1737 763 1804 immerito;
786 1736 924 1814 quidquid
938 1739 1012 1797 enim
1034 1753 1121 1814 supra
1135 1739 1192 1796 tris
1208 1740 1335 1815 syllaba.

347 1820 376 1879 id
400 1828 445 1878 est
469 1838 505 1878 ex
530 1818 658 1898 pluribus
681 1819 813 1898 pedibus.
860 1819 940 1897 Ergo
965 1838 1029 1880 oum
1054 1828 1192 1882 constent
1214 1833 1336 1902 quattuor

347 1905 439 1983 pedes
457 1903 546 1977 binis,
572 1912 638 1962 octo
659 1906 763 1962 ternis:
787 1904 946 1983 spondeum
966 1903 1061 1981 longis
1082 1904 1213 1975 duabus;
1235 1907 1335 1986 pyrrhi·

348 1988 456 2063 chium,
470 2005 553 2064 quern
569 1987 616 2046 alii
632 1987 806 2067 pariambum
818 1997 940 2064 vocant,
956 1986 1107 2056 brevibus;
1123 1988 1254 2050 iambum
1267 1990 1336 2051 breti

347 2072 506 2150 longaque;
526 2071 593 2130 huic
608 2073 780 2131 eontrarium
796 2090 813 2131 e
829 2072 916 2148 longa
931 2081 960 2131 et
974 2072 1055 2131 brevi
1070 2072 1229 2150 choreum,
1245 2092 1301 2134 non
1313 2081 1336 2132 ut

304 2155 337 2209 81
346 2156 394 2215 alii
415 2156 581 2214 trochaeum
603 2157 787 2214 nominemus.
829 2155 875 2215 Ex
896 2156 941 2214 his
961 2173 1049 2230 vero,
1072 2156 1121 2233 qui
1139 2164 1242 2217 ternas
1261 2159 1334 2235 sylla·

346 2239 397 2299 bas
410 2239 533 2315 habent,
553 2240 696 2314 dactylum
717 2240 805 2315 longa
828 2239 994 2317 duabusque
1010 2238 1161 2307 brevibus;
1186 2241 1258 2303 huic
1278 2253 1334 2303 tem

346 2324 464 2402 poribus
486 2341 584 2400 parem
598 2323 650 2382 sed
670 2331 845 2383 retroactum
867 2324 1010 2402 appellari
1025 2331 1137 2383 constat
1152 2336 1334 2404 anapaestos.

345 2407 438 2466 llledia
454 2409 527 2466 inter
549 2407 649 2484 longas
667 2406 765 2466 brevis
780 2406 870 2467 faciet
886 2407 1120 2485 amphimacrum,
1137 2410 1193 2469 sed
1209 2410 1336 2488 frequen

303 2489 400 2549 attius
427 2491 487 2548 eius
509 2509 611 2550 nornen
635 2499 679 2549 est
702 2491 837 2550 creticus.
885 2490 983 2567 Longa
998 2494 1072 2550 inter
1085 2489 1214 2569 breves,
1239 2493 1336 2573 amphi-

344 2572 482 2647 brachys;
501 2574 608 2634 duabus
622 2576 716 2651 longis
728 2574 846 2635 brevem
858 2575 1044 2652 sequentibus
1056 2573 1214 2651 bacchius,
1228 2578 1338 2638 totidem

344 2656 439 2732 longis
455 2656 572 2717 brevem
589 2659 831 2737 praecedentibus
846 2659 1070 2737 palimbacchius
1086 2659 1149 2716 erit.
1185 2658 1263 2721 Tres
1278 2661 1338 2721 bre-

343 2758 396 2799 ves
412 2741 593 2816 trochaeum,
613 2760 697 2820 quem
711 2742 877 2818 tribrachyn
892 2743 947 2802 dioi
961 2743 1076 2817 volunt,
1092 2742 1140 2818 qui
1156 2741 1273 2806 choreo
1288 2754 1338 2804 tro·

346 2824 428 2883 abaci
448 2842 551 2896 nomen
573 2827 733 2902 imponunt;
757 2827 875 2886 totidem
896 2827 1002 2902 longae
1026 2825 1177 2884 molosson
1203 2828 1337 2888 efficient.

301 2908 450 2966 callorum
467 2908 569 2985 pedum
585 2909 679 2967 nullus
695 2927 752 2968 non
766 2913 793 2969 in
810 2912 968 2970 orationem
982 2912 1075 2985 venit,
1092 2908 1144 2967 sed
1159 2927 1221 2987 quo
1238 2913 1339 2991 quique

344 3000 409 3051 sunt
432 2992 609 3070 temporibus
625 2993 772 3070 pleniores
788 2993 941 3071 longisque
958 2992 1078 3069 syllabis
1096 2995 1189 3069 magis
1211 2995 1337 3067 stabiles,

343 3075 400 3134 hcc
422 3078 586 3152 graviorem
608 3077 715 3136 faciunt
730 3079 905 3153 orationem,
931 3076 1036 3136 breves
1053 3077 1180 3137 celerem
1200 3097 1240 3139 ac
1254 3078 1337 3138 mobi-

343 3158 410 3218 lem.
454 3159 611 3239 Utrumque
627 3161 700 3220 locis
715 3161 794 3220 utile.
839 3160 910 3220 Nam
926 3170 955 3220 et
971 3161 1057 3236 illud,
1076 3160 1124 3220 ubi
1140 3178 1218 3238 opus
1235 3172 1281 3224 est
1295 3179 1337 3221 re

344 3241 478 3319 locitate,
494 3246 603 3305 tardum
616 3255 643 3303 et
655 3264 762 3322 segne,
780 3254 809 3304 et
822 3244 896 3319 hoe,
911 3244 960 3304 ubi
973 3245 1084 3323 pondus
1098 3246 1243 3324 exigitur,
1258 3264 1337 3326 prae·

302 3329 414 3402 84ceps
429 3344 463 3384 ac
476 3329 618 3387 resultans
633 3332 735 3389 merito
748 3330 904 3389 damnetur.
935 3329 978 3388 Sit
989 3330 1017 3388 in
1031 3328 1088 3387 hoc
1100 3346 1220 3406 quoque
1236 3327 1337 3409 aliquid

344 3407 468 3467 fortasse
483 3414 633 3488 momenti,
657 3413 733 3491 quod
749 3422 778 3472 et
793 3413 888 3489 longis
909 3412 1057 3489 longiores
1077 3421 1106 3471 et
1122 3412 1263 3474 brevibus
1279 3420 1338 3473 sunt

343 3489 493 3551 breviores
508 3495 654 3569 syllabam
674 3505 719 3573 ut,
741 3498 868 3573 quamvis
886 3515 980 3574 neque
996 3497 1060 3575 plus
1076 3494 1189 3556 duobus
1205 3499 1337 3576 tempori·

343 3573 396 3632 bus
420 3579 514 3653 neque
535 3597 590 3637 uno
611 3581 701 3639 minus
727 3580 835 3639 habere
860 3580 1024 3655 videantur,
1054 3580 1180 3658 ideoque
1196 3583 1227 3642 in
1244 3582 1337 3641 metris

344 3674 443 3717 omnes
459 3660 564 3720 breves
585 3663 748 3742 longaeque
766 3666 840 3723 inter
854 3681 922 3722 sese
939 3667 996 3723 sint
1010 3682 1111 3742 pares:
1139 3664 1232 3725 lateat
1247 3675 1336 3725 tamen

341 3746 442 3805 neseio
459 3747 540 3826 quid,
560 3747 636 3826 quod
650 3749 776 3827 supersit
793 3756 842 3807 aut
857 3748 942 3807 desit.
983 3746 1055 3807 Nam
1069 3766 1207 3810 versuum
1221 3749 1337 3829 proprio
