3184 4409
520 474 609 524 man.
623 475 990 544 eunuchorumque.
1214 463 1275 528 273
1352 497 1359 509 ·

246 628 360 696 ΕΙιιιιιίἰί
382 641 412 692 et
431 648 532 692 eorum
546 631 633 708 ,varia
654 632 769 691 nomina
790 639 820 692 et
842 631 956 709 qnidam
971 630 1056 690 etiarn
1075 631 1226 710 regionum
1240 651 1276 693 ac

250 714 418 782 ifluminum
438 716 565 794 proprii,
589 715 851 794 deprehenduntur.
883 714 1051 792 Eademque
1066 718 1181 776 musicis
1200 719 1317 781 rattccs

246 800 330 877 ἵῦει,
348 801 413 879 qui,
424 818 490 859 cum
505 801 533 858 in
548 798 657 859 cithara
673 801 798 877 quinque
811 801 1020 859 constituerunt
1035 817 1136 877 sonos,
1153 801 1274 879 plurima

246 884 381 948 ¹deinde
404 886 546 944 varietate
564 883 712 962 complent
731 884 824 962 spatia
847 883 896 942 illa
917 901 1086 959 nervorum,
1109 892 1196 961 atque
1217 885 1273 963 his,

246 985 351 1050 =quos
374 970 626 1047 interposuerunt,
652 968 781 1031 inserunt
803 967 895 1044 alios,
917 975 948 1027 ut
969 967 1054 1045 pauci
1077 967 1119 1028 illi
1137 971 1273 1029 transitus

257 1052 379 1114 multos
394 1052 501 1130 gradus
516 1051 650 1112 habeant.

246 1156 249 1177 ι
359 1135 460 1196 Plures
478 1138 566 1213 igitur
582 1137 668 1195 etiam
686 1136 871 1214 eloquentiae
886 1135 993 1212 iacies,
1009 1136 1062 1196 sed
1078 1130 1275 1197 stultissimum
1282 1144 1316 1200 69

246 1224 249 1235 '
269 1237 437 1301 quaerere,
463 1221 499 1281 ad
521 1237 605 1297 quam
624 1238 658 1280 se
679 1229 812 1280 recturus
828 1223 865 1279 sit
885 1230 998 1289 orator;
1021 1238 1084 1280 curn
1101 1221 1191 1279 omnis
1206 1238 1273 1299 spe-

267 1306 352 1381 eies,
379 1321 454 1383 quae
479 1303 566 1364 modo
587 1313 670 1364 recta
688 1313 748 1380 est,
772 1304 878 1364 habeat
898 1322 996 1380 usum,
1023 1313 1109 1382 atque
1131 1305 1273 1384 idipsum

268 1387 361 1450 omne
382 1389 420 1448 sit
446 1389 589 1466 oratoris,
620 1388 700 1467 quod
728 1389 818 1466 vulgo
843 1406 959 1465 genus
987 1387 1133 1449 dicendi
1158 1397 1273 1451 vocant.

267 1472 379 1535 Utetur
395 1474 488 1548 euim,
511 1481 542 1532 ut
566 1491 615 1532 res
632 1473 747 1550 exiget,
772 1473 918 1548 omnibus,
938 1490 994 1532 nec
1016 1489 1070 1551 pro
1086 1491 1172 1533 causa
1187 1474 1275 1534 modo

270 1557 329 1618 sed
344 1573 398 1635 pro
415 1557 545 1635 partibus
563 1574 679 1616 causae.
714 1555 785 1616 Nam
807 1565 837 1616 ut
858 1574 916 1616 non
937 1557 1040 1617 eodem
1053 1557 1138 1617 modo
1154 1575 1208 1636 prc
1223 1564 1319 1620 reolo

272 1641 379 1718 capitis
404 1649 433 1700 et
454 1643 482 1701 in
508 1643 665 1701 certamine
681 1641 849 1701 hereditatis
864 1649 894 1700 et
910 1641 946 1701 de
963 1641 1121 1701 interdictis
1138 1659 1173 1702 ac
1188 1660 1275 1720 spon-

272 1723 405 1786 sionibus
427 1726 510 1786 etde
532 1734 612 1785 certa
637 1725 746 1785 credita
767 1725 870 1802 dicet,
884 1727 1089 1785 sententiarum
1110 1743 1226 1804 quoque
1247 1729 1276 1786 in

256 1817 378 1870 ¹senatu
401 1818 431 1869 et
452 1811 616 1869 contionum
639 1818 668 1869 et
689 1811 866 1888 privatorum
886 1809 1071 1869 consiliorum
1092 1811 1220 1871 servabit
1235 1812 1276 1872 di-

271 1894 426 1969 scrimina,
448 1894 535 1954 multa
557 1912 594 1953 ex
609 1893 772 1953 differentia
789 1911 994 1972 personarum,
1018 1894 1150 1954 locorum
1164 1904 1276 1975 tempo·

271 1994 397 2055 rumque
411 1978 546 2038 mutabit:
564 1980 604 2038 ita
617 1979 646 2037 in
662 1977 765 2037 eadem
781 1978 912 2038 oratione
928 1978 1013 2038 aliter
1027 1978 1203 2055 conciliabit,
1219 1997 1276 2039 non

273 2080 315 2123 cx
335 2062 438 2122 iisdem
461 2061 610 2122 haustibus
632 2062 704 2122 iram
726 2071 756 2122 et
776 2061 1002 2121 misericordiam
1022 2070 1119 2140 petet,
1147 2062 1218 2124 alias
1240 2063 1276 2124 ad

265 2146 440 2225 docendum
465 2147 538 2206 alias
563 2146 600 2206 ad
625 2146 799 2206 movendum
822 2145 970 2206 adhibebit
994 2155 1081 2206 artes.
1119 2145 1185 2205 lton
1205 2149 1319 2206 unustl

274 2230 362 2292 color
391 2231 552 2309 prooemii,
584 2231 773 2306 narrationis,
808 2239 1058 2308 argumentorum,
1085 2232 1276 2308 egressionis,

272 2315 470 2395 perorationis
486 2313 659 2374 servabitur.
683 2313 770 2374 Dicet
782 2315 860 2375 idem
875 2316 1013 2392 graviter,
1027 2332 1143 2390 severe,
1159 2317 1276 2391 acriter,

271 2396 480 2475 vehementer,
504 2400 665 2474 concitate,
690 2400 828 2477 copiose,
850 2416 964 2475 amare,
989 2400 1125 2474 comiter,
1142 2401 1275 2476 remisse,

254 2481 437 2559 ‘subtilitcr,
457 2482 580 2557 blande,
598 2482 720 2559 leniter,
744 2482 883 2559 dulciter,
901 2482 1044 2559 breviter,
1065 2482 1191 2552 urbane;
1218 2501 1276 2543 non

272 2565 385 2644 ubique
404 2567 504 2626 similis
521 2566 574 2626 sed
590 2566 697 2646 ubique
714 2584 768 2645 par
782 2566 848 2631 sibi.
883 2568 932 2627 Sic
947 2567 998 2627 het
1013 2585 1077 2627 cum
1091 2567 1136 2643 id,
1156 2570 1319 2647 proptertt

272 2649 355 2731 quod
369 2652 491 2710 maxime
506 2659 643 2729 repertus
665 2659 712 2710 est
725 2669 794 2710 usus
810 2651 965 2728 orationis,
984 2660 1015 2711 ut
1033 2651 1110 2711 dicat
1124 2652 1233 2713 utiliter
1248 2662 1277 2712 et

271 2734 312 2796 ad
333 2734 516 2795 alliciendum
539 2735 617 2814 quod
635 2735 756 2796 intendit
776 2743 926 2814 potentem
949 2745 1007 2796 tum
1028 2735 1142 2797 laudem
1159 2754 1276 2817 quoque

271 2835 332 2880 nec
350 2819 501 2880 doctorum
516 2820 602 2880 modo
620 2819 674 2880 sed
689 2820 774 2880 etiam
788 2819 869 2898 vulgi
884 2830 1087 2900 consequatur.

362 2902 511 2964 Falluntur
537 2905 612 2965 enirn
632 2903 802 2983 plurimum,
831 2907 879 2983 qui
900 2907 1033 2965 vitiosum
1058 2913 1088 2965 et
1112 2906 1318 2982 corruptumtt

271 2987 391 3048 dicendi
405 3006 515 3065 genus,
534 2988 613 3068 quod
627 2997 676 3048 aut
689 2988 846 3049 verborum
860 2989 976 3050 licentia
992 2989 1103 3050 exultat
1117 2997 1165 3048 aut
1180 2989 1276 3066 pueri-

271 3069 353 3133 libus
371 3073 553 3133 sententiolis
570 3073 684 3133 lascivit
704 3082 752 3133 aut
773 3074 926 3134 immodico
944 3083 1056 3134 tumore
1073 3074 1215 3149 turgescit
1229 3081 1277 3131 aut

272 3155 408 3216 inanibus
426 3156 501 3217 locis
526 3156 684 3218 bacchatur
706 3166 755 3217 aut
770 3159 897 3233 casuris,
922 3159 946 3216 si
964 3157 1069 3217 leviter
1084 3157 1275 3230 excutiantur,

272 3239 408 3301 flosculis
423 3243 495 3301 nitet
510 3251 558 3301 aut
572 3241 743 3320 praecipitia
757 3259 812 3320 pro
828 3241 996 3301 sublimibus
1010 3239 1098 3300 habet
1113 3248 1162 3299 aut
1175 3241 1276 3317 specie

272 3321 419 3385 libertatis
434 3327 548 3402 insanit,
563 3326 654 3402 magis
670 3326 836 3385 existimant
849 3325 992 3404 populare
1008 3332 1095 3402 atquc
1110 3323 1275 3402 plausibile.

273 3406 364 3480 Quod
391 3409 506 3488 quidem
531 3409 652 3488 placere
679 3409 775 3469 multis
802 3427 858 3470 nec
881 3409 987 3469 intitior
1011 3426 1067 3468 nec
1091 3410 1189 3468 miror.
1224 3407 1277 3468 Est
1286 3414 1321 3469 74

273 3493 352 3552 enlm
372 3490 495 3554 iucunda
515 3495 576 3554 auri
597 3510 632 3554 ac
648 3492 817 3554 favorabilis
837 3494 1044 3572 qualiscunque
1065 3493 1231 3570 eloquentia
1249 3502 1279 3551 et

272 3575 355 3637 ducit
370 3579 479 3637 animos
495 3578 617 3638 naturali
632 3577 782 3656 voluptate
796 3596 857 3638 vox
871 3579 978 3654 omnis,
994 3595 1090 3657 neque
1104 3577 1219 3638 aliunde
1235 3576 1277 3635 illi

271 3678 331 3741 per
345 3661 409 3721 lora
426 3670 514 3739 atquc
530 3679 668 3739 aggerem
684 3662 800 3731 circuli;
823 3679 880 3741 quo
896 3663 988 3722 miuus
1004 3663 1105 3722 mirum
1121 3670 1182 3738 est,
1199 3660 1277 3740 quod

272 3744 347 3806 nulli
363 3762 421 3806 non
442 3747 587 3823 agentium
607 3755 707 3826 parata
724 3747 805 3825 vulgi
829 3764 938 3808 corona
960 3756 1014 3809 est.
1047 3746 1104 3819 Ubi
1120 3763 1193 3806 vero
1209 3745 1320 3826 quidus

316 3850 346 3890 aa.
367 3851 391 3889 r.
410 3851 523 3900 cuman.
535 3835 568 3892 ll.
1039 3829 1105 3892 ‘hb
