3184 4409
346 491 405 553 166
658 502 694 549 u.
711 500 788 549 nnn
805 500 1023 561 Qumrmmm

344 667 373 717 et
388 656 551 734 speciosum
568 654 680 715 dicendi
695 673 805 732 genus,
825 663 902 714 tanta
922 655 1077 715 verborum
1097 656 1187 716 etiam
1203 675 1281 736 quae
1295 677 1334 718 as-

343 751 453 818 sumpta
469 749 533 798 sunt
544 743 717 818 proprietas,
733 748 810 798 tanta
825 741 852 797 in
865 739 1032 816 quibusdam
1044 759 1081 798 ex
1091 743 1228 819 periculo
1243 745 1334 820 petitis

285 825 535 901 ltlsignilrcantia.
565 822 726 898 Habebunt,
743 825 790 900 qui
807 832 873 900 post
895 840 948 882 nos
964 823 999 883 de
1018 824 1184 883 oratoribus
1200 827 1333 901 scribent,

340 927 470 984 magnam
486 925 549 981 eos,
566 910 613 985 qui
632 925 706 965 nunc
720 909 829 982 vigent,
846 910 992 966 materiam
1006 926 1077 966 vere
1090 908 1239 969 laudandi.
1272 911 1334 970 Sunt

341 995 414 1052 enim
428 1009 535 1050 summa
550 991 652 1065 hodie,
673 990 775 1068 quibus
790 991 949 1050 illustratur
964 991 1073 1066 lorum,
1089 993 1218 1067 ingenia.
1257 993 1331 1054 llam·

341 1095 396 1156 que
431 1085 460 1134 et
487 1076 671 1134 consummati
698 1075 752 1133 iam
777 1075 891 1150 patroni
918 1074 1065 1133 veteribus
1094 1075 1281 1136 aemulantur
1310 1085 1333 1135 et

340 1177 392 1219 eos
414 1161 546 1219 iuvenum
569 1158 604 1218 ad
628 1159 733 1236 optima
757 1158 932 1217 tendentium
952 1159 1075 1217 imitatur
1094 1175 1130 1217 ac
1146 1161 1286 1236 sequitur
1299 1163 1332 1220 in-

339 1244 456 1304 dustria.

282 1338 333 1392 123
423 1326 599 1403 Supersunt,
625 1326 671 1402 qui
695 1325 731 1383 de
753 1321 995 1403 philosophia
1017 1325 1205 1402 scripserint,
1235 1329 1334 1404 quoin

339 1428 449 1488 genere
470 1411 659 1486 paucissimos
680 1409 772 1467 adhuc
794 1409 966 1485 eloquentes
988 1408 1102 1469 litterae
1124 1407 1278 1469 Romanae
1298 1419 1333 1469 tu-

339 1495 443 1555 lerunt.
477 1492 556 1552 Idem
576 1495 661 1568 igitur
686 1491 723 1552 Μ.
741 1491 901 1568 Tullius,
923 1494 970 1568 qni
986 1493 1108 1568 ubique,
1132 1495 1221 1551 etiam
1237 1495 1270 1551 in
1284 1494 1334 1553 boc

341 1596 431 1656 opere
459 1576 585 1636 Platonis
615 1575 741 1635 aemulus
768 1577 871 1636 extitit.
913 1573 1058 1652 Egregius
1088 1593 1161 1635 vero
1188 1576 1334 1655 multoque

341 1680 423 1738 quern
447 1663 475 1720 in
503 1658 679 1719 orationibus
704 1661 897 1737 praestantior
919 1659 1048 1718 Brutus
1074 1659 1191 1719 suffecit
1214 1661 1334 1738 ponderi

283 1751 448 1810 124rerum;
482 1745 558 1803 scias
584 1761 647 1802 eum
669 1744 777 1802 sentire
797 1762 872 1822 quae
896 1744 972 1803 dicit.
1014 1743 1137 1822 Scripsit
1156 1760 1216 1802 non
1238 1762 1334 1822 parum

339 1829 425 1887 multa
442 1824 641 1887 Cornelius
658 1824 804 1903 Celsus,
824 1829 941 1886 Sextios
957 1836 1085 1901 secutus,
1103 1845 1161 1886 non
1177 1829 1243 1886 sine
1262 1828 1334 1886 cultu

339 1931 375 1972 ac
392 1913 495 1970 nitore.
535 1911 681 1971 Plautus
704 1913 731 1969 in
751 1911 858 1970 Stoicis
879 1929 975 1971 rerum
999 1911 1157 1987 cognitioni
1181 1912 1274 1970 utilis.
1308 1910 1335 1970 ln

339 1994 492 2073 Epicureis
508 1996 581 2054 levis
602 1995 715 2072 quidem
737 1993 789 2054 sed
808 2011 865 2053 non
879 1994 1046 2054 iniucundus
1062 2003 1155 2053 tamen
1172 2004 1280 2054 auctor
1296 2003 1335 2053 est

282 2079 474 2139 rascatius.
501 2079 547 2138 Ex
558 2081 693 2140 industria
709 2078 885 2138 Senecam
900 2081 928 2138 in
941 2080 1015 2137 omni
1026 2096 1137 2154 genere
1149 2079 1335 2156 eloquentiae

339 2163 434 2224 distuli
447 2173 567 2241 propter
581 2163 725 2238 vulgatam
740 2162 816 2221 falso
831 2163 867 2222 de
881 2181 927 2221 me
942 2164 1115 2239 opinionem,
1132 2180 1190 2239 qua
1202 2162 1334 2222 damnare

340 2267 403 2306 eum
420 2257 448 2306 et
469 2249 588 2305 invisum
612 2263 726 2323 quoque
748 2245 856 2305 habere
871 2265 933 2304 sum
949 2245 1083 2305 creditus.
1124 2243 1212 2318 Quod
1234 2245 1335 2306 accidit

337 2333 415 2405 mihi,
437 2332 501 2390 dum
518 2339 681 2407 corruptum
699 2339 727 2388 et
743 2329 872 2389 omnibus
885 2331 960 2388 vitiis
976 2329 1095 2389 fractum
1112 2330 1231 2391 dicendi
1248 2346 1334 2407 genus

281 2428 331 2482 126
340 2433 480 2474 revocare
501 2414 536 2473 ad
558 2416 706 2472 severiora
728 2414 831 2472 iudicia
854 2413 1007 2472 contendo.
1048 2412 1117 2472 'lum
1141 2423 1241 2473 autem
1259 2412 1333 2472 solus

339 2500 384 2558 hic
401 2500 462 2557 lere
480 2500 507 2557 in
523 2498 649 2557 manibus
665 2496 891 2556 adolescentium
911 2497 973 2556 fuit.
1009 2495 1100 2570 Quem
1121 2513 1181 2555 non
1204 2498 1334 2574 equidem

339 2585 451 2641 omnino
470 2582 596 2641 conabar
619 2591 757 2640 excutere
775 2580 829 2640 sed
848 2580 1009 2658 potioribus
1028 2581 1172 2658 praeferri
1187 2597 1247 2639 non
1265 2583 1332 2638 sine

337 2666 411 2742 ham,
431 2684 502 2742 quos
520 2666 569 2724 ille
585 2683 642 2724 non
657 2665 805 2725 destiterat
821 2664 983 2739 incessere,
998 2683 1060 2723 cum
1073 2665 1181 2723 diversi
1197 2663 1256 2724 sibi
1272 2681 1333 2723 eon·

337 2752 413 2808 seius
426 2750 541 2826 generis
554 2749 671 2826 placere
687 2767 719 2807 se
735 2750 762 2808 in
777 2748 1011 2826 dicendoeposse,
1029 2747 1130 2825 quibus
1148 2748 1193 2806 illi
1208 2747 1333 2826 placent,

337 2833 489 2893 diffideret,
518 2832 657 2891 Amabant
673 2842 766 2891 autem
782 2851 846 2892 eum
865 2834 955 2908 magis
972 2849 1056 2908 quam
1071 2830 1257 2890 imitabantur
1277 2839 1332 2889 tan·

337 2927 452 2994 tumque
475 2917 561 2976 abeo
578 2916 755 2989 defluebant,
778 2925 911 2993 quantum
933 2915 984 2974 ille
1005 2914 1040 2974 ab
1063 2916 1188 2991 antiquis
1213 2914 1332 2973 descen·

280 3003 426 3064 127derat.
457 3000 545 3060 Foret
561 3003 633 3059 enim
650 3001 820 3076 optandum,
842 3017 928 3077 pares
946 3017 981 3057 ac
1002 2999 1104 3057 saltem
1126 3000 1282 3075 proximos
1296 2996 1333 3056 illi

337 3089 399 3144 viro
416 3086 487 3144 lieri.
525 3085 583 3145 Sed
605 3084 739 3161 placebat
760 3093 880 3161 propter
899 3082 1044 3141 solavitia
1061 3081 1138 3141 etad
1157 3098 1194 3140 ea
1208 3099 1243 3140 se
1262 3083 1333 3159 quis·

339 3187 393 3245 qne
407 3169 548 3245 dirigebat
561 3168 732 3243 effingenda,
747 3186 821 3244 quae
833 3175 963 3244 poteram
976 3165 1079 3224 deinde
1091 3183 1155 3224 cum
1167 3183 1201 3223 se
1214 3167 1334 3225 iactaret

280 3254 440 3311 128e0dem
460 3254 546 3312 modo
570 3253 683 3326 dicere,
707 3253 848 3310 Senecam
867 3249 1029 3310 infamabat.
1071 3246 1158 3308 Cuius
1184 3257 1213 3307 et
1229 3247 1333 3308 multae

337 3336 444 3412 alioqui
461 3346 490 3395 et
505 3354 623 3412 magnae
639 3338 758 3394 virtutes
775 3335 904 3410 luerunt,
923 3335 1065 3409 ingenium
1080 3332 1169 3390 lacile
1187 3340 1216 3390 et
1236 3333 1332 3410 copio-

337 3436 414 3491 sum,
438 3420 587 3495 plurimum
612 3419 711 3492 studii,
733 3418 820 3478 multa
834 3435 929 3475 rerum
946 3417 1086 3492 cognitio;
1110 3417 1139 3473 in
1161 3433 1218 3492 qua
1242 3425 1333 3474 tamen

337 3501 487 3577 aliqnando
506 3503 541 3561 ab
559 3504 617 3576 bis,
636 3503 737 3579 quibus
753 3501 919 3579 inquirenda
937 3499 1075 3576 quaedam
1092 3498 1264 3574 mandabat,
1288 3498 1332 3557 de·

338 3594 438 3662 ceptus
455 3594 508 3643 est.
545 3587 689 3646 Tractavit
705 3588 788 3644 etiam
804 3601 915 3643 omnem
929 3582 991 3642 lere
1004 3582 1161 3641 studiorum
1176 3585 1332 3642 materiam.

281 3677 330 3731 129
340 3669 410 3729 Nam
427 3678 455 3727 et
470 3671 615 3728 orationes
634 3674 694 3728 eins
713 3679 741 3728 et
757 3677 892 3745 poemata
912 3676 941 3726 et
964 3666 1105 3745 epistolae
1122 3675 1151 3725 et
1168 3666 1280 3743 dialogi
1295 3666 1333 3725 ie-

332 3763 442 3814 runtur.
474 3752 507 3814 ln
523 3752 706 3834 philosophia
723 3770 822 3833 parum
838 3752 972 3828 diligens,
990 3751 1126 3827 egregius
1141 3749 1332 3812 tameuvitio·
