3184 4409
343 468 403 529 276
650 476 1009 539 mnanomsurnmur

341 635 452 703 babilc;
469 635 546 713 quod
560 633 622 693 lieri
636 634 754 692 totidem
768 633 860 696 modis
878 642 949 710 quot
966 635 995 693 in
1012 634 1084 694 alios
1100 644 1206 712 potest.
1244 638 1328 700 Ideo·
1348 660 1359 674 ·

299 729 397 798 saque
413 720 479 790 hoc,
497 719 624 796 quamvis
639 718 776 794 frequens
793 719 845 792 sit,
867 727 994 777 transeo.
1022 718 1095 779 lllnd
1110 737 1198 796 vero,
1217 726 1329 783 etiamsi

341 803 490 864 ridiculum
505 812 567 876 est,
589 801 732 878 indignum
753 809 847 860 tamen
867 801 980 860 bomine
995 802 1157 878 tolerabili,
1181 807 1259 882 quod
1280 801 1330 867 aut

341 888 462 965 turpiter
477 897 524 946 aut
538 895 673 963 potenter
688 885 805 953 dicitur;
818 885 897 962 qnod
911 886 1019 945 fecisse
1032 887 1172 965 quendam
1187 892 1260 965 scio,
1280 893 1329 970 qui

341 971 481 1030 humiliori
504 970 595 1031 libere
616 970 755 1029 adversus
788 987 821 1028 se
845 970 988 1047 loquenti,
1020 968 1201 1050 Colupltum,
1227 976 1328 1052 inquit,

341 1057 395 1119 tibi
409 1057 521 1115 ducam
536 1063 565 1116 et
583 1055 746 1133 formulam
770 1055 922 1130 scribam,
943 1056 1025 1131 pared
1039 1065 1131 1138 caput
1146 1059 1257 1127 durum
1271 1061 1329 1119 bo-

340 1140 423 1201 beos.
458 1137 511 1197 llic
527 1140 600 1197 enim
616 1137 729 1196 dubium
752 1147 812 1214 est,
834 1146 926 1197 utrum
947 1139 1043 1198 ridere
1062 1141 1209 1200 audientes
1233 1160 1269 1201 an
1290 1145 1329 1202 in·

341 1223 450 1299 dignari
468 1221 626 1281 debuerint.

304 1317 340 1373 84
424 1308 564 1384 Superest
583 1323 675 1382 genus
697 1304 915 1382 decipiendi
941 1306 1153 1382 opinionem
1181 1309 1330 1370 aut-dicta

340 1390 427 1451 aliter
441 1389 636 1466 intelligendi,
663 1406 737 1468 quae
759 1398 824 1448 sunt
840 1392 868 1448 in
885 1391 959 1448 omni
977 1388 1032 1449 hac
1046 1392 1163 1451 materia
1177 1393 1225 1451 vel
1240 1412 1330 1453 venu-

340 1476 474 1533 stissima.
502 1473 679 1550 Inopinatum
697 1482 726 1531 et
744 1491 761 1533 a
777 1473 941 1533 lacessente
962 1473 1030 1551 poni
1051 1474 1143 1550 solet,
1166 1476 1252 1552 quale
1274 1486 1330 1551 est,

340 1558 417 1635 quod
435 1558 525 1616 refert
542 1554 657 1631 Cicero,
678 1554 759 1629 Quid
771 1557 843 1618 baie
858 1558 955 1633 obest,
970 1559 1031 1616 misi
1044 1577 1096 1620 rea
1111 1566 1140 1618 et
1149 1562 1268 1620 virtus?
1283 1571 1331 1620 ant

338 1640 410 1701 illud
425 1639 504 1714 Afri,
524 1638 618 1702 Honto
640 1642 673 1701 iu
693 1642 822 1720 operculis
842 1643 946 1701 causis
959 1643 1068 1718 optime
1083 1644 1225 1712 uestitum·
1249 1653 1280 1702 et
1303 1645 1331 1702 in

339 1724 535 1795 occurrendo,
557 1732 588 1782 ut
605 1721 726 1799 Cicero,
748 1724 842 1784 audita
865 1724 939 1785 falsa
953 1724 1057 1785 Vatinii
1071 1735 1180 1802 morte,
1199 1746 1262 1787 cum
1279 1727 1330 1787 ob·

337 1810 413 1868 vium
433 1806 566 1867 libertum
591 1809 653 1866 eius
672 1811 896 1884 interrogasset,
918 1807 1049 1870 Rectene
1069 1812 1192 1871 omnic?
1212 1812 1329 1886 dicenti,

296 1891 451 1959 85liecte,·
473 1890 611 1953 Mortuus
627 1895 694 1953 est?
715 1894 816 1970 inquit.
853 1891 992 1952 Plurimus
1009 1901 1103 1952 antem
1125 1896 1202 1954 circa
1222 1897 1331 1954 simu·

338 1975 516 2036 lationem
539 1985 568 2034 et
591 1975 930 2035 dissimulationem
951 1978 1027 2035 risus
1040 1987 1094 2051 est,
1119 1981 1330 2054 quaesuntvi·

339 2060 402 2119 cina
423 2070 452 2119 et
464 2067 564 2138 prope
589 2060 703 2125 eadem:
735 2059 788 2119 sed
813 2060 955 2120 simulatio
976 2069 1021 2119 est
1039 2070 1146 2120 certam
1167 2064 1331 2138 opinionem

339 2145 422 2202 animi
439 2146 482 2203 sui
502 2145 651 2218 imitantis,
674 2144 859 2204 dissimulatio
880 2144 974 2203 aliena
994 2162 1028 2204 se
1047 2163 1145 2222 parum
1165 2146 1332 2222 intelligere

338 2227 481 2304 lingentis.
518 2227 667 2287 Simulavit
688 2227 776 2303 Afer,
793 2246 856 2288 cnm
873 2229 901 2286 in
919 2246 1005 2288 cansa
1022 2228 1142 2288 subinde
1158 2229 1330 2304 dicentibus,

340 2308 483 2371 Celsinam
499 2312 534 2371 de
554 2314 793 2387 recognovisse,
816 2329 889 2389 quae
914 2321 976 2371 erat
991 2321 1094 2389 potens
1113 2313 1231 2372 lemine:
1255 2312 1334 2386 Quis

297 2403 391 2470 Sbest,
407 2398 506 2472 inquit,
524 2397 605 2456 iste?
623 2394 765 2455 Celsinam
781 2397 855 2454 enim
866 2396 958 2455 videri
975 2395 1029 2455 sibi
1043 2398 1133 2455 virum
1145 2396 1233 2456 linxit.
1264 2396 1331 2455 Dis·

339 2479 480 2537 simulavit
500 2475 616 2552 Cicero,
635 2496 698 2538 cum
714 2481 782 2539 Sex.
800 2477 919 2538 Annalis
934 2482 1017 2538 testis
1033 2498 1113 2539 reum
1129 2480 1281 2555 laesisset,
1302 2490 1334 2539 et

339 2563 459 2621 instaret
480 2562 632 2621 identidem
654 2572 808 2622 accusator
831 2564 874 2638 el,
897 2561 975 2638 Dic,
1002 2561 1044 2622 ill.
1067 2563 1161 2638 t'uttt,
1181 2566 1333 2641 numquid

335 2655 423 2724 potes
445 2645 484 2706 de
501 2645 573 2708 Sec.
591 2643 724 2707 Aeacii?
743 2665 848 2725 versus
869 2648 943 2706 enim
963 2647 1061 2706 dicere
1081 2649 1177 2726 coepit
1197 2648 1233 2708 de
1256 2646 1333 2708 libro

338 2728 421 2788 Ennii
437 2728 530 2788 annali
548 2738 648 2789 sexto:
1213 2778 1214 2781 ,

492 2811 567 2884 Oscis
579 2816 659 2892 potis
676 2814 807 2892 inpectis
822 2832 936 2875 causas
950 2815 1087 2876 evolvere
1101 2815 1179 2876 belli.

296 2907 330 2963 87
340 2894 392 2956 Cui
408 2899 470 2956 sine
492 2896 578 2956 dubio
599 2897 858 2975 frequentissimam
875 2900 923 2958 dat
943 2901 1127 2959 occasionem
1145 2897 1334 2974 ambiguitas?

274 3054 276 3058 Ι
337 2990 368 3040 ut
384 2980 541 3055 Cascellio,
559 2983 607 3059 qui
623 2983 810 3042 consultatori
825 2981 946 3057 dicenti,
964 2981 1080 3043 Nucem
1095 2985 1232 3043 dividere
1245 2984 1336 3053 volo‚·

338 3063 470 3142 Perdes,
491 3066 589 3142 inquit.
626 3066 684 3125 Sed
706 3067 796 3125 averti
813 3066 979 3125 intellectus
1003 3076 1032 3125 et
1049 3066 1133 3125 aliter
1149 3065 1240 3139 solet,
1267 3085 1336 3126 curn

339 3148 374 3208 ab
398 3149 595 3227 asperioribus
618 3150 654 3209 ad
675 3149 786 3209 leniora
810 3149 986 3209 deflectitur:
1009 3159 1040 3208 ut
1062 3152 1109 3227 qui
1124 3152 1335 3226 interrogatus,

339 3233 406 3311 quid
420 3235 540 3293 sentiret
556 3233 591 3292 de
608 3252 654 3310 eo,
672 3236 719 3312 qui
738 3236 766 3292 in
784 3233 924 3293 adulterio
938 3233 1135 3311 deprehensus
1147 3241 1235 3307 esset,
1255 3232 1336 3294 Tor·

296 3318 410 3381 88dum
427 3319 524 3394 samse
543 3319 702 3396 respondit.
739 3317 774 3376 Ei
794 3318 907 3376 contine
923 3325 983 3392 est,
1001 3317 1078 3394 quod
1094 3317 1196 3376 dicitur
1210 3334 1265 3393 per
1282 3335 1334 3376 su-

340 3401 514 3477 spicionem:
531 3402 615 3479 quale
633 3401 703 3461 illud
722 3400 796 3478 apud
812 3397 983 3460 Ciceronem
1000 3400 1147 3479 qu'erenti,
1164 3400 1240 3477 quod
1257 3418 1336 3460 uxor

339 3501 390 3543 sua
405 3502 442 3543 ex
457 3485 512 3543 lico
529 3502 595 3543 sese
612 3485 825 3563 suspendisset,
847 3484 947 3562 liupo,
963 3486 1019 3545 des
1033 3487 1106 3544 mibi
1120 3485 1276 3544 surculum
1292 3503 1336 3545 ex

338 3569 392 3629 illo
408 3569 529 3642 arbore,
545 3574 578 3628 ut
591 3571 733 3630 inseram.
767 3568 940 3644 lntelligitur
955 3571 1038 3643 enim,
1057 3568 1133 3645 quod
1145 3584 1201 3625 non
1217 3568 1332 3627 dicitnr.

296 3651 375 3716 89Et
394 3651 514 3710 hercule
536 3654 626 3710 omnis
653 3652 729 3712 salse
756 3651 869 3711 dicendi
896 3654 969 3712 ratio
991 3654 1019 3710 in
1041 3669 1076 3710 eo
1099 3659 1159 3724 est,
1181 3659 1212 3709 ut
1233 3652 1331 3726 aliter,

328 3753 416 3811 quam
438 3744 487 3797 est
506 3744 620 3798 rectum
641 3753 816 3816 verumque,
836 3736 959 3805 dicatur;
980 3736 1057 3814 quod
1071 3736 1102 3795 lit
1117 3743 1206 3794 totum
1220 3734 1333 3813 lingen-
