3184 4409
335 402 396 463 244
636 412 1015 475 ns.snn.oumum1ansn

335 579 364 630 et
378 554 491 649 quidem
505 585 704 648 nonnunquam
718 557 877 629 leuioribus
892 568 1012 631 causis:
1027 576 1068 633 ut
1082 570 1116 633 ia
1130 574 1227 655 praesb

334 652 457 714 tentibus
481 653 609 713 utilitatis
633 670 732 713 eornm
749 652 847 730 'gratia
870 650 960 713 mults
983 650 1158 737 nummus,
1185 658 1258 721 nib
1328 648 1359 709 iit

291 738 434 802 structuri
448 737 636 815 promittimus
643 757 652 809 ;
674 736 779 797 nedum
802 734 884 797 sisb
900 734 1218 805 botulumoeeidfldo
1330 740 1359 792 et

332 830 378 881 tor
403 820 575 881 avertendus
598 820 635 880 sit
660 829 707 880 aut
726 819 819 881 bostis
840 834 894 899 pro
914 818 1016 881 salute
1049 826 1174 903 palm
1278 824 1285 829 ''

332 913 362 965 ut
378 905 445 980 hoc,
461 904 539 984 quod
555 904 626 964 alias
642 904 671 963 in
686 904 779 963 servis
793 919 911 983 quoque
925 902 1222 983 reprehendami-
1269 928 1274 941 ¹

333 989 405 1049 alias
419 989 526 1067 inipso
542 989 673 1066 sapiente
688 986 868 1048 laudandum.
895 984 927 1047 ld
942 986 969 1047 si
984 992 1180 1071 consuturis,
1192 992 1269 1057 nh
1333 978 1359 1043 bi

331 1073 418 1133 video
434 1088 523 1150 posse
539 1072 668 1147 evenire,
684 1079 807 1150 propter
820 1086 894 1151 quae
910 1078 1013 1131 orator
1028 1070 1119 1143 bene
1135 1078 1284 1159 suscipies¹
1338 1084 1359 1127 m

333 1173 438 1216 causae
452 1173 561 1232 genus,
580 1154 665 1234 quale
680 1162 792 1215 remota
808 1154 919 1215 ratione
937 1152 1075 1219 bonest'a
1091 1176 1156 1223 non
1357 1179 1359 1194 ·

290 1239 395 1305 40Nec
410 1238 468 1298 hoc
482 1239 558 1314 dico,
575 1239 641 1317 quia
658 1239 825 1299 severiores
840 1240 924 1316 sequi
937 1236 1043 1317 pisces
1059 1240 1169 1323 leges,
1184 1262 1238 1327 pru

331 1323 436 1398 fratre,
461 1323 554 1382 amico
574 1321 820 1400 periclitantibus;
846 1320 960 1381 tametsi
981 1338 1050 1383 nou·
1068 1326 1237 1403 mediocris

332 1406 402 1466 tatio
416 1414 473 1479 est,
489 1405 556 1464 hinc
570 1406 692 1466 iustitiae
708 1404 860 1484 proposita
873 1404 998 1483 imagine
1013 1407 1093 1471 inde
1111 1412 1244 1491 pietstls.

332 1490 409 1551 dubii
432 1489 637 1569 relinquamus.
671 1490 715 1549 Sit
734 1489 839 1569 aliquis
861 1488 1011 1549 insidiatus
1039 1498 1180 1569 tyram
1203 1504 1281 1577 atqu

331 1575 360 1634 id
374 1590 457 1633 reus:
484 1581 613 1632 utrumne
635 1573 745 1632 salvum
762 1589 828 1633 enm
847 1570 928 1633 nolet
947 1571 990 1649 is,
1014 1576 1072 1653 qui
1095 1578 1223 1643 anobis
1351 1590 1359 1628 r

332 1653 449 1718 oratori
477 1673 528 1731 au,
546 1657 570 1714 si
584 1656 915 1735 tuendnm‘susoeperit,
933 1672 992 1717 non
1006 1664 1071 1719 tam
1090 1660 1184 1725 falsis

288 1747 414 1819 slquam
430 1739 478 1818 qui
495 1739 570 1817 apud
586 1738 697 1800 indices
710 1740 814 1800 malurn
833 1756 949 1801 causam
962 1738 1089 1803 tuetur?
1122 1744 1245 1821 Quidni

331 1824 396 1884 dans
410 1822 486 1882 bene
501 1823 578 1883 iacta
596 1823 776 1885 damnaturus
791 1831 838 1883 est
851 1823 955 1900 iudex,
969 1824 1027 1885 nisi
1042 1842 1085 1889 aa
1104 1836 1171 1893 uon
1186 1848 1255 1895 esse
1356 1823 1359 1882 ἶ

332 1907 560 1966 convicerimus:
588 1925 645 1967 non
664 1907 714 1968 vel
735 1906 793 1967 lnoo
811 1907 898 1975 modo
912 1906 1179 1979 servabitorator
1192 1932 1252 1979 aaa

332 1999 445 2051 centem
459 1991 545 2050 modo
560 1990 613 2050 sed
628 1993 712 2052 etiam
725 1989 899 2051 laudabilem
913 1986 1029 2053 circuni
1056 1992 1147 2069 Quid
1162 2000 1191 2061 si

331 2077 405 2135 iusta
429 2083 529 2136 natura
552 2075 604 2135 sed
628 2075 799 2135 condicione
820 2082 980 2153 temporum
1000 2075 1121 2141 inutilia
1141 2084 1256 2145 civitat

331 2177 407 2218 mus:
429 2176 523 2218 nonne
539 2168 650 2218 utemur
662 2168 727 2220 arte
743 2156 857 2219 dicendi
871 2158 947 2220 bona
962 2158 1081 2237 quidem
1100 2166 1163 2229 sed
1178 2168 1265 2229 mlta

290 2242 385 2302 sanus
401 2239 506 2303 similit
537 2241 582 2302 nd
596 2242 653 2302 noo
667 2258 751 2302 nemo
768 2240 918 2320 dubiumr,
934 2243 1012 2323 quir,
1029 2242 1056 2304 ri
1071 2260 1233 2315 nocentes
1246 2242 1322 2313 d

332 2329 360 2386 in
374 2325 478 2387 bonam
491 2335 615 2386 mentem
630 2327 727 2407 aliquo
743 2325 830 2387 modo
845 2327 974 2406 possint,
990 2326 1068 2388 sicut
1081 2348 1189 2409 posse
1205 2332 1321 2399 interd!

332 2410 515 2484 conceditur,
541 2410 640 2469 salvos
664 2428 732 2470 esse
747 2410 840 2487 magis
857 2408 1055 2488 erepublica
1072 2413 1117 2474 sit
1133 2434 1228 2497 quan
1242 2412 1322 2500 pail

331 2495 361 2552 Si
379 2493 487 2573 liqueat
503 2494 587 2570 igitur
605 2494 730 2570 oratori,
746 2494 869 2555 futurum
882 2492 988 2554 bonurn
1001 2493 1118 2573 virum,
1138 2504 1193 2563 oui
1206 2521 1277 2565 vera
1288 2496 1323 2561 ὁ

288 2578 476 2636 43iioientur:
499 2595 557 2636 non
578 2578 606 2638 id
630 2586 712 2655 aget,
736 2585 767 2637 ut
781 2577 879 2638 salvus
895 2574 951 2638 siti
980 2574 1025 2637 Da
1041 2594 1142 2659 nuno,
1170 2595 1206 2648 ut
1228 2584 1330 2649 offl-

330 2659 481 2718 manifesto
499 2670 644 2738 prematur
660 2661 718 2721 dux
739 2659 849 2738 bonus,
870 2670 906 2723 et·
920 2661 984 2721 sine
1005 2678 1065 2741 quo
1080 2664 1217 2733 vincere
1232 2669 1331 2733 bon·

331 2743 432 2802 civitas
455 2759 512 2802 non
531 2745 640 2822 possit:
662 2762 757 2804 nonne
773 2745 801 2805 ei
819 2745 975 2805 communis
992 2744 1103 2807 utilitas
1120 2762 1279 2817 oratorem
1290 2744 1327 2813 d·

329 2823 465 2886 vocabit?
492 2825 580 2886 Certe
595 2827 744 2888 Fabricius
760 2825 926 2890 Cornelium
940 2826 1088 2906 Rulinunr,
1103 2842 1140 2894 et
1155 2836 1273 2919 alioqui
1284 2850 1328 2897 ΙΙ·

330 2912 387 2972 lnnn
403 2911 494 2970 civem
515 2919 544 2970 et
565 2910 619 2969 sibi
634 2912 792 2990 inimicum,
815 2920 926 2989 tannen,
950 2913 1016 2992 spoia
1032 2912 1141 2977 utilem
1157 2922 1279 2983 sciebat
1290 2918 1328 2981 da

330 3013 410 3070 cem,
436 2995 598 3055 imminente
623 2993 704 3055 bello
726 2994 822 3074 palam
843 2995 992 3057 consulem
1012 2996 1162 3077 suffragio
1189 3022 1248 3067 suo
1272 3000 1330 3065 ised

330 3088 417 3158 atque
434 3079 635 3140 admirantibus
651 3078 820 3156 quibusdam
833 3079 1002 3158 respondit,
1017 3076 1046 3141 A
1061 3082 1133 3144 cine
1148 3104 1189 3151 eo
1210 3082 1330 3169 spoliari

329 3164 531 3242 mettensem
551 3164 591 3226 od
615 3163 699 3225 leonte
718 3165 834 3226 venire.
870 3162 929 3240 ltn,
951 3165 976 3224 si
998 3163 1104 3227 inisset
1130 3179 1260 3249 orator,
1282 3184 1330 3231 sos

330 3245 509 3308 defendisset
534 3247 655 3308 eundem
678 3246 811 3307 Rufinum
829 3246 879 3309 vel
899 3246 1043 3308 manifesti
1056 3251 1223 3327 peculatus
1236 3246 1329 3317 renni

288 3328 417 3392 ssllnlts
432 3331 488 3391 diei
504 3340 624 3410 possunt
637 3330 751 3406 similia,
767 3329 821 3392 sed
834 3331 884 3392 uel
898 3348 983 3391 unum
997 3331 1086 3393 exiis
1101 3336 1265 3414 quodlibet
1278 3334 1328 3399 ssi·
1350 3390 1352 3401 .

330 3413 398 3473 licit.
431 3412 496 3474 Non
513 3417 588 3475 enim
602 3415 659 3475 hoc
681 3416 807 3492 agimus,
828 3423 859 3474 ut
872 3414 949 3476 istud
971 3414 1028 3491 illi,
1050 3432 1140 3494 wem
1163 3419 1326 3493 tormer.
1348 3410 1359 3507 lt

331 3498 394 3557 viro
408 3514 498 3576 saepe
516 3500 552 3558 sit
568 3499 743 3568 iacIendum;
767 3497 822 3559 sed
838 3506 884 3573 ut,
909 3497 1015 3558 situlis
1028 3501 1168 3577 coegerit
1182 3505 1278 3582 ratio,
1297 3502 1327 3563 ss
1349 3516 1359 3529 ··

333 3581 427 3643 tamen
440 3599 510 3640 vera
526 3582 630 3658 linitio,
646 3589 800 3645 oratorem
816 3601 884 3645 esse
897 3583 996 3644 etrum
1009 3581 1123 3647 ὁοπιιω
1137 3584 1271 3651 dicordc'
1280 3604 1325 3667 pa
1348 3578 1352 3591 ¹

292 3669 432 3731 teritum.
470 3663 642 3744 Praecipere
658 3682 730 3727 vero
748 3683 784 3728 ao
797 3664 932 3761 discere,
956 3665 1101 3745 morundo
1118 3668 1211 3731 etiarn
1228 3669 1323 3751 probs·
