3184 4409
348 470 406 534 108
660 483 1023 546 assemanum

345 639 467 717 diceret,
484 648 513 700 et
527 640 555 700 iu
567 641 702 700 oratoriis
716 639 791 701 haec
806 641 932 716 minora,
950 656 1024 717 quae
1040 638 1210 718 plerumque
1226 639 1341 702 deside·

300 733 456 800 alrautur,
484 727 580 784 sciens
602 725 759 784 omisisset.
803 727 927 802 Scripsit
953 725 989 783 de
1012 723 1115 783 eadem
1140 727 1260 785 materia
1285 743 1342 786 non

344 826 435 888 pauca
457 805 643 885 Cornificius,
665 808 761 887 aliqua
783 810 952 884 Stertinius,
978 807 1107 867 uonnibil
1128 817 1213 886 pater
1233 809 1341 878 Gallim

343 894 505 952 accuratius
521 911 593 952 vero
614 897 729 971 priores
747 892 905 971 [Gallione]
928 890 1032 952 Celsus
1049 901 1078 951 et
1092 891 1202 952 Laenas
1218 902 1246 952 et
1262 904 1341 954 aeta·

343 979 380 1036 tis
395 985 511 1037 nostrae
525 977 696 1054 Verginius,
717 977 840 1054 Plinius,
861 977 992 1036 Tutilius.
1031 978 1103 1035 Sunt
1124 986 1153 1036 et
1166 976 1253 1037 hodie
1271 979 1342 1038 clari

345 1060 473 1120 eiusdem
489 1063 587 1139 operis
602 1071 753 1137 auctores,
774 1062 861 1139 quisi
878 1062 971 1120 omnia
987 1060 1132 1139 complexi
1148 1061 1256 1137 forent,
1266 1080 1342 1122 cou-

344 1145 501 1205 suluissent
518 1145 611 1205 labori
625 1162 707 1213 meo;
733 1144 785 1205 sed
806 1162 896 1223 parco
919 1143 1079 1204 nominibus
1099 1147 1270 1213 viventium;
1292 1165 1342 1206 ve·

342 1231 401 1288 niet
414 1247 514 1289 eorum
532 1230 608 1290 laudi
623 1248 704 1288 suurn
722 1239 847 1307 tempus,
863 1230 898 1290 ad
913 1238 1050 1310 posteros
1062 1230 1137 1289 euim
1152 1230 1243 1289 virtus
1258 1231 1355 1290 dura-.

341 1311 398 1390 bit,
423 1309 480 1372 nou
497 1315 649 1392 perveniet
664 1313 779 1373 invidia.

299 1407 334 1461 22
426 1397 492 1457 Non
517 1407 611 1457 tamen
629 1407 696 1476 post
722 1406 765 1458 tot
786 1415 821 1458 ac
841 1405 937 1457 tantos
958 1405 1095 1457 auctores
1118 1397 1231 1476 pigebit
1248 1416 1343 1459 meam

344 1481 511 1560 quibusdam
533 1481 608 1541 locis
630 1483 765 1560 posuisse
789 1483 970 1541 senteutiam.
1006 1481 1109 1561 Neque
1132 1484 1206 1541 enim
1226 1501 1274 1542 me
1293 1502 1342 1542 cu·

342 1568 472 1643 iusquam
493 1575 593 1626 sectae
612 1567 693 1625 velut
715 1565 836 1644 quadam
856 1567 1063 1644 superstitione
1085 1564 1207 1626 imbutus
1233 1566 1342 1642 addixi,

343 1659 373 1709 et
387 1649 525 1709 electuris
548 1668 622 1727 quae
636 1649 737 1710 volent
751 1650 883 1710 iacienda
900 1651 983 1728 copia
1002 1651 1074 1726 luit,
1096 1653 1171 1710 sicut
1190 1654 1264 1729 ipse
1278 1650 1342 1729 plu·

342 1736 415 1793 rium
437 1735 465 1793 in
485 1751 570 1792 uuum
590 1735 710 1794 confero
732 1736 863 1801 inventa;
885 1733 1049 1813 ubicunque
1071 1736 1187 1812 iugenio
1208 1752 1266 1795 non
1287 1737 1344 1795 erit

343 1817 438 1895 locus,
455 1835 541 1877 curae
559 1819 751 1879 testimonium
771 1820 913 1878 meruisse
931 1828 1093 1879 contentus.

612 1970 698 2033 ouon
708 1939 841 2024 ammon
859 1970 1072 2023 nuaromcus.

425 2065 461 2127 ll.
491 2066 554 2127 Nec
568 2068 614 2128 diu
630 2086 683 2128 nos
694 2079 823 2130 moretur
832 2071 974 2148 quaestio,
990 2087 1063 2147 quae
1077 2068 1239 2128 rhetorices
1255 2069 1341 2146 origo

343 2153 389 2213 sit.
423 2151 495 2211 Nam
513 2155 558 2212 cui
574 2152 688 2213 dubium
705 2164 767 2231 est,
792 2158 860 2234 quin
875 2171 1038 2215 sermonem
1052 2152 1087 2213 ab
1103 2155 1166 2231 ipsa
1181 2170 1278 2212 rerum
1292 2172 1340 2225 qa·

342 2245 405 2297 tura
420 2239 510 2313 geniti
525 2239 655 2315 protinus
671 2239 801 2299 homines
820 2241 1003 2318 acceperint,
1028 2237 1120 2315 (quod
1139 2245 1218 2296 certe
1234 2239 1340 2314 princi·

342 2323 420 2399 pium
442 2331 486 2380 est
508 2324 570 2380 eius
592 2324 651 2401 rei)
671 2323 737 2383 buic
752 2324 875 2402 studium
896 2332 925 2383 et
939 2326 1144 2383 incrementum
1159 2319 1272 2380 dederit
1286 2323 1340 2381 uti·

313 2406 419 2479 olitas,
436 2423 571 2464 summam
585 2409 657 2465 ratio
674 2416 703 2466 et
719 2405 912 2468 exercitatio?
942 2407 1005 2466 Nec
1019 2405 1122 2480 video,
1139 2422 1227 2482 quare
1243 2422 1341 2465 curam

343 2488 456 2549 dicendi
471 2498 572 2566 putent
588 2491 700 2567 quidam
719 2491 785 2552 iude
802 2493 954 2576 coepisse,
974 2490 1050 2569 quod
1067 2489 1112 2564 hi,
1130 2490 1177 2566 qui
1194 2490 1223 2547 in
1238 2487 1339 2549 discri-

342 2591 407 2632 men
427 2572 544 2649 aliquod
569 2574 762 2652 vocabantur,
790 2578 951 2636 accuratius
982 2575 1061 2652 loqui
1092 2572 1266 2632 defendendi
1297 2573 1340 2631 sui

343 2656 435 2733 gratia
449 2659 630 2717 instituerint.
658 2659 737 2719 Haec
753 2663 827 2719 enirn
841 2669 871 2720 ut
886 2661 1035 2719 honestior
1051 2660 1147 2732 causa,
1165 2659 1203 2716 ita
1215 2674 1272 2715 nou
1286 2657 1340 2716 uti-

344 2759 400 2818 que
416 2743 496 2818 prior
513 2751 572 2817 est,
592 2762 655 2802 cum
670 2747 841 2822 praesertim
854 2746 1000 2804 accusatio
1015 2741 1173 2821 praecedat
1194 2741 1341 2800 defensio·

343 2843 421 2891 uem;
438 2826 492 2884 nisi
508 2827 571 2903 quis
586 2827 678 2904 dicet,
702 2830 785 2888 etiam
807 2830 932 2906 gladium
952 2827 1129 2888 fabricatum·
1145 2824 1180 2884 ab
1196 2843 1232 2884 eo
1247 2827 1340 2904 prius,

344 2912 391 2987 qui
408 2909 514 2968 ferrum
527 2913 555 2969 in
571 2912 687 2972 tutelam
703 2915 746 2972 sui
760 2932 843 2990 quarn
859 2914 906 2991 qui
921 2915 948 2971 in
961 2913 1117 2991 perniciem
1131 2910 1248 2976 alterius
1261 2926 1340 2969 com·

314 2996 459 3072 3pararit.
503 2994 614 3054 Initium
628 3015 709 3073 ,ergo
730 2998 844 3058 dicendi
872 2997 951 3058 dedit
971 3006 1118 3069 natura,
1139 2996 1246 3053 initium
1268 2994 1340 3052 artis

344 3078 571 3139 observatio.
606 3079 742 3141 Homines
760 3085 851 3157 enim,
869 3083 952 3141 sicuti
968 3083 997 3140 iu
1011 3080 1162 3154 medicina,
1180 3097 1244 3138 cum
1258 3076 1339 3136 vide·

341 3173 407 3222 rent
424 3163 479 3222 alia
495 3164 620 3224 salubria
636 3166 692 3225 alia
713 3165 885 3242 insalubria,
905 3184 943 3225 ex
959 3164 1163 3224 observatione
1182 3179 1282 3222 eorum
1297 3161 1339 3220 ei·

342 3247 475 3307 lecerunt
495 3258 599 3309 artem:
625 3252 679 3326 ita,
703 3269 766 3310 cum
787 3253 816 3311 in
838 3249 961 3310 dicendo
987 3249 1043 3308 alia
1064 3248 1144 3307 utilia
1159 3246 1214 3306 alia
1229 3246 1340 3305 inutilia

343 3330 611 3409 deprehenderent,
632 3343 765 3396 notarunt
787 3353 822 3396 ea
842 3334 877 3394 ad
892 3332 1054 3393 imitandum
1068 3331 1286 3408 vitandumque,
1310 3337 1341 3389 et

345 3416 481 3491 quaedam
501 3419 657 3478 secundum
677 3421 817 3479 rationem
839 3437 938 3478 eorum
953 3419 1119 3478 adiecerunt
1133 3418 1188 3493 ipsi
1204 3432 1338 3492 quoque;

343 3499 416 3558 haec
437 3502 601 3581 confirmata
624 3512 688 3562 sunt
711 3522 781 3580 usu,
805 3513 863 3562 tum
878 3521 952 3580 quae
966 3502 1076 3562 sciebat
1093 3502 1213 3578 quisque
1230 3499 1337 3558 docuit.

314 3581 447 3645 adicem
464 3587 576 3663 quidem
595 3589 703 3647 initium
723 3589 823 3648 orandi
846 3586 1040 3647 conditoribus
1062 3583 1172 3644 urbium
1190 3601 1225 3643 ac
1241 3582 1339 3660 legum

345 3667 483 3729 latoribus
498 3670 585 3747 dedit,
603 3674 630 3730 in
646 3671 748 3750 quibus
764 3673 854 3732 luisse
867 3673 924 3730 vim
939 3669 1052 3731 dicendi
1068 3686 1192 3728 necesse
1208 3677 1267 3734 est;
1287 3686 1338 3727 cur

303 3827 305 3830 ι
341 3761 436 3814 tamen
450 3756 525 3816 banc
537 3757 657 3835 primam
673 3758 813 3835 originem
829 3766 937 3837 putem,
952 3772 1010 3816 uou
1023 3753 1121 3830 video,
1138 3770 1202 3813 cum
1217 3753 1274 3812 sint
1287 3750 1337 3812 ad·
