3184 4409
542 472 631 520 msc.
649 471 974 539 oxxnou.u1s.11,.s
998 473 1039 524 10.
1247 462 1286 521 77

564 629 606 678 DE
625 628 750 679 OFFICIO
770 628 1016 679 orsctroconom.

379 711 428 771 IX.
461 712 546 772 Plura
569 714 605 773 de
629 713 726 772 officio
751 713 912 771 docentium
938 712 1052 772 locutus
1077 714 1235 792 discipulos
1258 716 1286 774 id
1310 707 1312 709 ¹

292 815 380 855 unum
396 799 507 856 interim
523 815 645 873 moneo,
669 807 699 856 ut
715 806 924 874 praeceptores
942 814 1010 881 suos
1026 814 1082 856 non
1097 801 1186 857 minus
1204 818 1286 878 quam

292 883 357 959 ipsa
374 881 466 940 studia
482 891 593 956 ament,
622 891 650 941 et
674 890 810 959 parentes
834 898 979 939 essenon
1003 883 1117 959 quidem
1134 901 1286 961 corporum

292 965 347 1024 sed
363 967 497 1024 mentium
513 967 645 1049 credant,
684 964 802 1023 Multum
826 965 898 1024 haee
919 965 1011 1041 pietas
1028 966 1159 1026 conferet
1176 969 1314 1033 studio;2

292 1067 358 1108 nam
375 1051 414 1108 ita
430 1059 458 1108 et
476 1049 601 1109 libenter
618 1050 733 1108 audient
750 1057 778 1107 et
793 1049 876 1107 dictis
893 1049 1013 1108 credent
1035 1059 1064 1107 et
1089 1069 1155 1110 esse
1178 1053 1285 1110 similes

293 1134 520 1209 concupiscent,
545 1134 573 1191 iu
595 1135 675 1211 ipsos
700 1133 824 1211 denique
849 1141 950 1191 coetus
966 1132 1128 1192 scholarum
1145 1135 1212 1194 laeti
1228 1136 1286 1195 ala-

293 1235 421 1294 cresque
439 1219 620 1291 convenient,
640 1217 781 1276 emendati
799 1235 855 1275 non
870 1214 1040 1290 irascentur,
1058 1218 1163 1277 laudati
1178 1220 1287 1295 gaude·

292 1300 382 1375 hunt,
407 1308 437 1358 ut
452 1303 509 1360 sint
524 1302 681 1375 carissimi,
707 1301 801 1359 stuxlio
819 1300 1011 1362 merebuntur.
1042 1301 1112 1379 Nam
1129 1311 1159 1362 ut
1174 1303 1316 1363 illnromt

293 1384 421 1443 officium
438 1395 482 1444 est
498 1386 625 1460 docere,
651 1387 694 1445 sic
708 1384 809 1443 horum
827 1384 969 1463 praebere
985 1403 1018 1442 se
1035 1385 1163 1453 dociles;
1182 1386 1287 1465 alioqui

292 1477 424 1526 neutrum
440 1469 501 1528 sine
519 1469 610 1528 altero
628 1469 743 1527 suflicit.
784 1467 821 1527 Et
837 1471 910 1528 sicut
925 1468 1045 1542 hominis
1061 1479 1139 1528 ortus
1156 1489 1193 1529 ex
1210 1479 1286 1529 utro·

294 1570 352 1630 que
368 1553 545 1629 gignentium
561 1553 727 1628 confertur,
753 1561 781 1610 et
796 1553 901 1612 frustra
925 1555 1067 1629 sparseris
1083 1555 1208 1630 semina,
1233 1555 1286 1614 nisi

294 1636 345 1694 illa
372 1637 570 1714 praemollitus
595 1638 701 1697 foverit
722 1637 839 1696 sulcus:
864 1638 901 1695 ita
927 1636 1092 1714 eloquentia
1115 1639 1286 1699 coalescere

293 1721 411 1798 nequit,
428 1723 482 1780 nisi
498 1724 609 1781 sociata
624 1722 761 1781 tradentis
777 1722 1006 1800 accipientisque
1022 1715 1188 1783 concordia.

324 1905 329 1936 q
446 1873 487 1922 DE
505 1874 678 1924 UTlLlTATE
696 1875 737 1924 ET
755 1872 898 1944 RATIONE
917 1875 1135 1924 oltoanANot.

378 1969 415 2029 X.
447 1970 478 2029 ln
499 1971 542 2029 his
566 1972 663 2049 primis
687 1970 840 2048 operibus,
864 1989 938 2049 qnae
959 1988 1016 2030 non
1038 1973 1101 2048 ipsa
1119 1988 1207 2047 parva
1223 1981 1287 2030 sunt

293 2055 347 2114 sed
364 2055 501 2114 maiorum
517 2056 598 2133 qnasi
615 2055 741 2114 membra
765 2064 850 2134 atque
874 2063 988 2132 partes,
1012 2055 1086 2114 bene
1102 2056 1229 2113 instituto
1246 2064 1286 2114 at-

294 2157 352 2217 que
370 2140 534 2198 exercitato
558 2140 613 2199 iam
634 2140 697 2198 lere
714 2147 827 2217 tempus
846 2146 965 2216 appetet
980 2137 1169 2215 aggrediendi
1185 2155 1285 2197 suaso·

293 2225 351 2281 rias
374 2222 583 2300 iudicialesque
608 2224 757 2288 materias;
786 2241 906 2301 quarum
927 2231 1078 2299 antequam
1097 2221 1172 2280 viam
1192 2223 1286 2298 ingre-

294 2307 374 2381 dior,
391 2325 484 2384 pauca
501 2306 567 2365 mihi
584 2308 620 2367 de
642 2309 720 2384 ipsa
741 2307 886 2365 ratione
910 2304 1142 2365 declamandi
1164 2305 1286 2365 dicenda
1328 2318 1330 2323 ’

294 2399 371 2464 sunt,
389 2408 463 2468 quae
476 2391 590 2468 quidem
602 2400 631 2450 ut
647 2409 684 2450 ex
700 2390 830 2449 omnibns
847 2383 1003 2449 nouissime
1014 2391 1129 2448 inventa
1144 2389 1182 2448 ita
1197 2390 1285 2448 multo

295 2484 341 2534 est
356 2474 516 2533 utilissima.
549 2474 620 2535 Nam
637 2482 666 2534 et
682 2483 784 2534 cuncta
802 2474 868 2554 illa,
885 2474 921 2533 de
939 2472 1042 2552 quibus
1058 2473 1190 2548 diximus,
1208 2474 1236 2532 in
1251 2482 1312 2533 seit

294 2559 359 2618 lere
383 2558 527 2632 continet,
552 2567 581 2617 et
596 2559 710 2618 veritati
725 2560 884 2636 proximam
905 2558 1057 2634 imaginem
1074 2558 1182 2626 reddit;
1206 2558 1286 2618 ideo·

294 2660 352 2721 que
369 2643 408 2701 ita
426 2643 473 2701 est'
487 2641 650 2718 celebrata,
673 2651 703 2700 nt
727 2641 876 2721 plerisque
893 2643 1042 2705 videretur
1061 2641 1096 2700 ad
1112 2641 1287 2702 hrmandam

295 2727 492 2804 eloquentiam
507 2726 555 2785 vel
573 2726 635 2785 sola
653 2725 801 2785 suliicere.
833 2726 936 2803 Neque
953 2728 1026 2784 enim
1043 2727 1134 2784 virtus
1151 2725 1209 2785 ulla
1221 2744 1286 2805 per·

294 2819 402 2888 petuae
421 2810 556 2869 duntaxat
571 2811 709 2869 orationis
730 2810 854 2888 reperiri
869 2818 983 2887 potest,
1006 2827 1080 2888 quae
1101 2827 1158 2868 non
1173 2811 1210 2869 sit
1225 2828 1287 2869 com

294 2893 349 2954 hae
367 2894 481 2954 dicendi
495 2894 678 2954 meditatione
696 2888 861 2974 communis.
892 2892 936 2952 Eo
947 2892 1066 2972 quidem.
1073 2912 1122 2952 res
1135 2895 1189 2953 ista
1203 2895 1316 2972 culpat

295 2978 460 3038 docentium
476 2979 594 3053 recidit,
616 2987 646 3037 ut
668 2978 742 3036 inter
757 2977 947 3056 praecipuas,
971 2995 1045 3056 quae
1071 2986 1289 3055 corrumperent

296 3062 510 3139 eloquentiam,
527 3080 630 3122 causas
648 3062 765 3121 licentia
781 3070 867 3139 atque
883 3062 994 3121 inscitia
1011 3061 1230 3121 declamantium
1244 3062 1287 3120 lu·

295 3146 361 3204 erit.
400 3145 459 3206 Sed
476 3162 529 3221 eo,
553 3146 630 3224 quod
652 3154 751 3205 natura
766 3146 872 3205 bonnm
888 3154 949 3221 est,
966 3145 1041 3204 bene
1058 3146 1098 3203 uti
1114 3145 1193 3204 licet.
1226 3146 1317 3206 sima

295 3233 370 3305 ergo
384 3237 417 3287 'et
431 3229 512 3307 ipsae
528 3230 678 3304 materiae,
694 3247 768 3307 quae
787 3229 944 3306 fingentur,
962 3224 1223 3307 quamsimillimae
1238 3249 1288 3289 ve·

294 3313 408 3387 citatis,
432 3321 461 3372 et
476 3313 665 3388 declamatio,
689 3314 716 3371 in
738 3322 872 3392 quantum
892 3315 1013 3372 maxime
1028 3322 1142 3390 potest,
1164 3314 1289 3374 imitetur

295 3414 347 3456 eas
365 3398 512 3471 actiones,
536 3398 564 3456 in
587 3415 705 3476 quarum
729 3397 967 3457 exercitationem
987 3405 1104 3474 reperta
1127 3405 1181 3463 est.
1214 3397 1315 3458 Naue

294 3496 402 3558 mapos
417 3488 446 3540 et
461 3482 661 3558 pestilentiam
677 3490 706 3541 et
720 3499 869 3560 response
883 3490 913 3540 et
926 3482 1081 3542 saeviores
1094 3483 1221 3560 tropicis
1237 3501 1287 3542 no

293 3581 408 3626 vercae
430 3564 544 3642 aliaque
561 3566 652 3642 magis
674 3564 772 3625 adhuc
786 3563 919 3625 fabulosa
939 3564 1045 3625 frustra
1067 3566 1141 3625 inter
1155 3566 1287 3644 sponsio·

294 3665 349 3706 nes
373 3655 403 3706 et
424 3649 577 3710 interdicta
599 3667 781 3728 quaeremus.
821 3647 895 3720 Quid
917 3644 1010 3725 ergo?
1043 3647 1193 3727 Nunquam
1212 3649 1288 3707 haec

294 3748 385 3812 supra
407 3731 492 3792 iidem
515 3740 545 3792 et
560 3733 693 3812 poetica,
713 3740 829 3802 utvere
845 3733 976 3812 dixerim,
998 3731 1126 3795 themata
1138 3730 1293 3792 invenitus
